1852 3216
243 130 257 170 l
780 130 863 171 DE
898 130 1218 171 THEATRO.

239 216 350 265 utile,
367 215 462 269 quid
478 215 715 257 evitandum.
773 216 888 258 Unde
906 218 961 258 ait
979 217 1130 265 Cicero,
1150 218 1383 258 comoediam
1401 230 1486 259 esse
1513 218 1767 260 imitationem

241 271 347 318 vita,
365 270 567 324 speculum
584 270 887 317 consuetudinis,
905 271 1109 324 imaginem
1129 273 1314 313 veritatis.

294 323 441 365 Nomen
466 325 585 365 babet
610 324 801 371 comoedia,
822 324 884 365 vel
900 339 924 365 a
951 325 1087 370 Como,
1114 325 1190 365 deo
1216 327 1519 373 comessationis,
1548 327 1612 367 vel
1640 329 1690 368 ab
1717 342 1767 367 eo

242 378 348 432 qnod
405 379 544 419 rimum
567 379 826 419 Athenienses
852 392 923 431 per
941 380 1047 419 vicos
1065 379 1191 419 adhuc
1210 380 1374 433 dispersi
1394 395 1446 420 ex
1464 381 1643 420 omnibus
1670 381 1767 421 locis

240 432 323 474 lati
437 446 576 485 resque
607 433 910 472 conveniebant:
958 434 1088 484 ibique
1124 434 1286 473 rudibus
1323 443 1364 473 et
1398 434 1551 474 incultis
1589 436 1767 474 versibus

244 487 519 540 potentiorum,
540 486 780 538 aliorumque
808 487 899 526 item
927 486 1123 526 hominum
1153 488 1246 526 vitia
1272 489 1496 527 nominatim
1525 490 1766 541 perstringe-

242 542 350 581 bant.
414 540 566 580 Nomen
603 550 732 580 autem
774 540 1032 592 compositum
1067 543 1135 580 ἀπὸ
1169 546 1231 579 τοῦ
1266 546 1427 590 κωμάζειν
1462 546 1516 580 καὶ
1548 544 1656 592 ᾄδω.
1722 542 1768 581 ln

244 608 407 641 summa,
427 594 619 635 comoedia
636 604 697 634 est
723 607 862 646 poema
881 595 953 632 sub
982 594 1198 633 imitatione
1217 594 1308 634 vitae
1326 608 1371 634 ac
1389 595 1641 635 similitudine
1659 609 1769 636 com-

242 650 427 702 positum,
447 648 485 687 in
510 656 623 700 gestu
642 657 682 687 et
709 647 1024 699 pronunciatione
1042 647 1270 687 consistens.
1326 648 1372 687 ln
1390 662 1436 688 ea
1454 648 1668 689 mediocres
1687 650 1767 689 sor·

242 711 347 743 tunae
374 702 585 747 hominum,
605 702 716 754 parvi
735 701 914 753 impetus,
933 701 1104 752 pericula
1122 702 1358 752 quotidiana.
1378 702 1599 742 turbulenta
1625 704 1770 756 princi-

241 756 318 809 pia,
338 756 492 807 laetique
510 756 665 794 suerunt
684 755 825 800 exitus,
844 764 883 793 et
911 754 1001 794 ficta
1018 764 1259 806 argumenta.
1315 755 1451 795 Caruit
1476 770 1631 808 quoque
1649 757 1769 797 choro

242 823 345 850 nova
372 809 574 854 comoedia,
596 818 729 848 contra
747 822 864 860 quam
891 818 1016 854 vetus,
1045 808 1307 861 paulatimque
1335 823 1586 862 personarum
1606 824 1770 851 numero

242 864 282 903 in
299 864 469 915 quinque
488 872 597 902 actus
625 863 815 914 processit
830 877 839 900 ε
870 862 977 914 quod
996 872 1085 902 tunc
1103 876 1223 914 quum
1241 863 1292 902 ad
1310 874 1488 903 cantores
1506 865 1556 903 ab
1572 866 1769 904 actoribus

243 918 430 957 transibat
448 916 590 962 fabula,
611 926 863 968 consurgeret
882 925 922 955 et
938 916 1063 955 abiret
1081 916 1262 969 populus.
1318 916 1363 956 In
1381 931 1427 957 ea
1443 918 1557 956 etiam
1586 931 1769 970 persona·

242 985 329 1011 rum
347 980 506 1011 ornatus
524 970 622 1010 alius
641 970 817 1009 inventus
836 979 907 1014 est,
928 969 1057 1022 pallia,
1078 971 1194 1016 socci,
1215 981 1253 1010 et
1272 970 1312 1010 id
1330 985 1453 1023 genus
1472 980 1627 1011 eaetera.

267 1057 269 1059 .
296 1024 394 1065 Post
411 1038 550 1065 novam
569 1024 799 1064 comoediam
820 1023 947 1063 Latini
966 1024 1087 1063 multa
1106 1024 1323 1064 fabularum
1348 1039 1488 1077 genera
1508 1026 1767 1078 protulerunt,

242 1093 332 1132 quae
360 1088 488 1119 tamen
507 1077 712 1118 comoediae
730 1078 970 1117 dicebantur.
1033 1077 1201 1131 Togatas
1219 1080 1409 1118 vocabant
1426 1094 1450 1118 a
1467 1080 1628 1119 scenicis
1657 1081 1769 1120 indu-

241 1133 396 1179 mentis,
432 1146 522 1185 quae
560 1133 773 1172 Romanam
810 1141 941 1184 togam
968 1145 1052 1184 prae
1083 1146 1124 1171 se
1157 1133 1343 1180 serebant,
1374 1142 1415 1172 et
1445 1134 1496 1173 ab
1531 1136 1769 1186 argumentis

241 1186 414 1234 Latinis;
455 1186 715 1225 Proeteoetatae
747 1200 769 1225 a
799 1185 985 1238 dignitate
1017 1194 1056 1225 et
1086 1187 1229 1226 vestitu
1260 1200 1522 1239 personarum,
1557 1198 1597 1227 et
1629 1188 1769 1228 Latina

241 1240 429 1280 historia:
458 1240 660 1279 Atellanas
671 1241 720 1279 ab
739 1239 870 1279 Atella
888 1240 1082 1279 Oscorum
1097 1241 1267 1286 civitate,
1288 1241 1354 1280 ubi
1373 1242 1543 1281 inventae
1559 1242 1767 1281 dicuntur:

240 1308 298 1334 eae
318 1293 462 1334 salibus
490 1307 709 1346 conspersae
737 1302 858 1339 erant,
878 1307 922 1333 ac
944 1293 1048 1346 jocis
1073 1295 1315 1346 compositae,
1345 1296 1384 1334 in
1408 1309 1451 1335 se
1479 1309 1555 1335 non
1583 1296 1769 1336 habentes

241 1349 316 1388 nisi
335 1356 535 1388 venustam
554 1347 783 1400 elegantiam
799 1361 809 1386 ε
838 1347 972 1399 quales
1001 1356 1090 1386 sunt
1110 1347 1299 1388 Plautinae
1316 1363 1325 1388 :
1353 1349 1606 1400 Rhyntom’coe
1622 1363 1768 1389 comoe-

241 1401 318 1442 diae
338 1402 452 1441 dictae
471 1403 520 1441 ab
547 1402 716 1441 auctoris
740 1401 916 1441 nomine:
952 1401 1209 1449 Tabernariae,
1230 1405 1280 1443 ab
1307 1403 1522 1443 humilitate
1549 1405 1768 1455 argumenti

240 1465 282 1495 et
295 1455 373 1495 stili
386 1471 396 1503 ς
419 1455 601 1495 Palliatoe
612 1457 661 1495 ab
674 1455 809 1495 habitu
827 1464 867 1494 et
878 1464 1108 1507 argumento
1121 1456 1279 1496 Graeco.
1308 1457 1432 1503 Mimi,
1446 1458 1495 1497 ab
1508 1458 1770 1498 inverecunda

241 1510 455 1550 imitatione
467 1509 600 1549 vilium
615 1523 756 1553 rerum,
772 1518 811 1548 et
823 1508 966 1549 levium
979 1523 1244 1562 personarum.
1285 1510 1513 1562 Planipedia
1532 1525 1687 1563 quoque
1701 1526 1769 1551 co-

242 1563 390 1603 moedia
415 1563 531 1610 dicta,
560 1564 611 1602 ob
648 1563 904 1603 humilitatem
931 1564 1163 1615 argumenti,
1190 1578 1237 1603 ac
1269 1564 1455 1603 vilitatem
1483 1574 1671 1611 actorum,
1700 1567 1769 1618 qui

242 1631 322 1657 non
350 1617 540 1657 cothurno
567 1625 635 1656 aut
662 1630 776 1656 socco
804 1619 1012 1656 utebantur
1044 1618 1082 1656 in
1110 1631 1225 1657 scena
1251 1627 1320 1657 aut
1355 1618 1521 1671 pulpito,
1549 1618 1618 1658 sed
1654 1619 1769 1671 plano

241 1670 369 1724 pede:
399 1670 460 1710 vel
489 1670 588 1717 ideo,
608 1671 715 1722 quod
741 1684 818 1710 non
846 1684 891 1710 ea
917 1671 1073 1723 negotia
1100 1672 1306 1717 contineat,
1334 1686 1424 1724 quae
1451 1686 1702 1725 personarum
1731 1674 1770 1713 in

242 1726 427 1771 turribus,
441 1733 509 1764 aut
527 1725 566 1764 in
580 1724 789 1764 coenaculis
804 1725 1059 1764 habitantium
1072 1735 1174 1771 sunt,
1189 1725 1258 1765 sed
1277 1726 1316 1765 in
1334 1726 1450 1778 plano
1461 1735 1502 1766 et
1521 1726 1655 1766 humili
1668 1726 1767 1766 loco.

294 1778 479 1818 Omnium
498 1787 627 1818 autem
642 1778 917 1818 comoediarum
936 1779 1092 1830 scripta,
1113 1792 1202 1831 quae
1220 1779 1395 1819 dramata
1413 1780 1545 1819 Graeci
1565 1782 1768 1829 vocabant,

240 1845 292 1873 ex
318 1841 485 1884 quatuor
517 1834 634 1872 rebus
665 1833 822 1872 omnino
858 1841 1086 1871 sumuntur:
1118 1833 1282 1879 nomine,
1320 1833 1419 1880 loco,
1457 1834 1573 1881 facto,
1610 1845 1768 1874 eventu.

240 1886 420 1932 Nomine,
440 1894 483 1925 ut
502 1885 699 1932 Phormio,
728 1885 899 1938 Hecyra,
922 1884 1128 1938 Gurgulio,
1149 1886 1347 1939 Epidicus.
1403 1887 1523 1934 Loco,
1543 1896 1586 1927 ut
1606 1888 1767 1935 Andria,

239 1939 447 1986 Leucadia,
463 1939 720 1979 Brundusina.
751 1939 882 1987 Facto,
896 1949 938 1979 ut
952 1939 1175 1986 Eunuchus,
1191 1941 1382 1989 Asinaria,
1395 1940 1563 1994 Captivi.
1601 1942 1769 1987 Eventu.

242 2002 287 2034 ut
324 1992 642 2040 Commorientes,
680 1993 864 2046 Adelphi,
903 1993 1380 2035 Heautontimorumenos.
1436 1995 1636 2035 Dividitur
1667 2010 1771 2036 nova

241 2048 434 2088 comoedia
452 2049 491 2087 in
509 2057 676 2100 quatuor
693 2057 824 2100 partes
840 2061 849 2086 t
874 2047 1084 2100 prologum,
1099 2049 1284 2101 protasia,
1303 2049 1477 2103 epitasin,
1492 2050 1767 2102 catastrophen.

294 2101 482 2155 Prologus
512 2110 571 2141 est
605 2101 724 2141 veluti
758 2101 939 2154 praefatio
966 2102 1147 2153 quaedam
1181 2102 1337 2149 fabulae.
1370 2103 1410 2143 in
1445 2117 1521 2155 qua
1553 2103 1615 2143 vel
1653 2114 1770 2157 poeta

243 2165 464 2204 excusatur,
485 2155 547 2195 vel
566 2155 698 2196 fabula
716 2155 1022 2195 commendatur.

264 2246 271 2250 .
295 2209 470 2249 Prota-ris
487 2219 547 2250 est
564 2210 711 2262 primus
729 2221 839 2250 actus
858 2209 1015 2255 fabulae,
1035 2209 1074 2248 in
1093 2223 1172 2262 quo
1189 2224 1279 2263 pars
1297 2211 1512 2264 argumenti
1535 2211 1769 2264 explicatur,

241 2276 332 2316 pars
350 2264 547 2311 reticetur,
566 2263 616 2303 ad
634 2263 768 2316 populi
787 2264 1118 2316 exspectationem
1138 2265 1357 2305 tenendam.

295 2316 471 2371 Epirensis
504 2318 782 2358 incrementum
818 2326 891 2363 est,
927 2330 1210 2371 processusque
1246 2320 1459 2367 turbarum,
1496 2328 1536 2359 et
1580 2319 1769 2360 involutio

242 2371 471 2424 argumenti,
492 2372 604 2424 cujus
622 2370 814 2424 elegantia
832 2372 1088 2411 connectitur.

299 2424 552 2479 Calmtroploe
568 2434 629 2465 est
646 2425 855 2478 explicatio
873 2425 1029 2472 sabulae,
1047 2439 1116 2478 per
1127 2440 1243 2478 quam
1257 2434 1419 2467 eventus
1432 2427 1518 2480 eju·
1536 2427 1767 2480 explicatur,

241 2488 360 2533 atque
376 2480 628 2533 approbatur.

425 2661 500 2702 DE
527 2660 810 2702 LUDORUM
838 2660 1227 2707 ANTIQUORUM
1255 2663 1588 2705 GENERIBUS.

295 2746 448 2788 Vatum
466 2757 510 2787 ut
535 2748 660 2788 omnis
678 2747 958 2788 eomoediarum
977 2749 1076 2789 ratio
1095 2750 1246 2791 facilius
1265 2750 1513 2804 intelligatur,
1533 2760 1649 2805 atque
1667 2751 1767 2793 adeo

241 2815 302 2864 ea,
329 2815 419 2853 qun
446 2815 598 2841 omnem
626 2802 904 2842 comcediarum
931 2803 1122 2843 actionem
1152 2814 1354 2857 spectant:
1401 2805 1679 2846 attendendum
1708 2815 1768 2846 est

270 2855 782 2957 ‘¹¹¹¹”m’10‘i‘33d1‘2'223is‘w22’
801 2869 890 2951 33:
916 2855 1187 2963 &03:138·
1200 2859 1498 2955 ἑᾟᾚῆῃῗῗ
1524 2869 1666 2955 ἲῖῗὲῗε
1684 2869 1767 2954 ‘x

239 2922 520 3012 magnifieum,
538 2971 663 3012 aetas,
682 2924 824 3012 gno.
840 2973 883 3005 et
900 2962 1123 3018 hujusmodi
1142 2926 1298 3009 egtera.
1479 2926 1532 2967 pn
1666 2927 1693 2966 q
