1852 3216
428 489 484 536 C.
532 487 884 535 SULPITII
929 484 1291 533 APOLLIN.

138 625 546 673 PERIOCHA
593 626 674 672 IN
721 624 1058 672 TERENT.
1105 618 1576 670 EUNUCHUM.

265 769 491 823 SonoREM
513 780 620 823 falso
641 782 879 824 dictitatam
900 780 1099 830 Thaidis,

263 846 316 888 Id
337 848 478 902 ipsum
498 847 716 901 ignorans,
738 845 858 887 miles
879 846 1054 887 advexit
1074 845 1263 895 Thraso,

264 911 442 966 Ipsique
464 911 621 953 donat:
653 918 746 953 erat
765 911 859 952 haec
880 911 982 952 civis
1004 909 1167 952 Attica.

264 977 422 1019 Eidem
443 976 720 1026 Eunuchum,
742 991 870 1031 quem
890 982 1066 1024 emerat,
1089 974 1203 1016 tradi
1216 975 1344 1029 jubet

263 1042 448 1083 Thaidis
469 1049 634 1083 amator
655 1041 873 1089 Phaedria,
896 1054 946 1081 ac
965 1054 1040 1080 rus
1061 1040 1154 1094 ipse
1176 1039 1281 1088 abit,

267 1106 487 1148 Thrasoni
508 1113 655 1148 oratus
677 1106 857 1147 biduum
878 1105 1150 1147 concederet.

269 1171 484 1226 Ephebus
506 1171 639 1212 frater
661 1170 890 1220 Phaedriae,
912 1169 1145 1225 puellulam

267 1236 415 1285 Quum
437 1237 672 1291 deperiret,
694 1236 809 1277 dono
828 1236 1002 1277 missam
1016 1234 1195 1284 Thaidi,

268 1301 442 1343 Ornatu
463 1301 669 1344 Eunuchi
686 1301 903 1343 induitur:
939 1300 1094 1342 suadet
1116 1300 1353 1341 Parmeno:

269 1366 463 1408 Introiit:
496 1367 616 1407 vitiat
636 1366 868 1421 virginem3
900 1366 978 1407 sed
999 1364 1174 1406 Atticus

269 1431 386 1471 Civis
407 1438 606 1486 repertus
627 1430 762 1473 frater
782 1431 876 1486 ejus
897 1429 1079 1472 collocat

270 1495 477 1537 Vitiatam
497 1495 693 1550 ephebo:
727 1495 974 1537 Phaedriam
994 1501 1146 1536 exorat
1166 1494 1354 1535 Thraso.

158 1767 307 1806 AELII
344 1767 597 1806 DONATI
627 1768 678 1806 V.
710 1767 755 1807 C.
793 1769 1122 1807 ORATORIS
1159 1768 1349 1806 URBIS
1386 1767 1584 1806 ROMAE

258 1842 599 1880 PRAEFATIO
635 1842 702 1880 IN
740 1842 1116 1881 EUNUCHUM
1151 1842 1486 1881 TERENTII.

166 1950 255 1981 Hac
271 1949 443 1981 masculini
459 1950 588 1991 generis
604 1949 735 1981 nomine
752 1957 938 1992 nuncupata
955 1950 1062 1981 fabula
1078 1956 1136 1987 est,
1154 1950 1233 1980 Etm
1240 1958 1375 1980 uenus:
1398 1954 1430 1979 et
1446 1954 1495 1979 est
1511 1947 1649 1979 Palliata

100 2003 275 2034 Menandri
291 2010 402 2034 vetus:
427 2013 523 2044 quam
539 2003 595 2034 ille
610 2010 723 2035 auctor
738 2004 778 2035 de
794 2004 879 2034 facto
893 2003 1118 2040 adolescentis,
1134 2003 1190 2044 qui
1207 2013 1242 2034 se
1264 2013 1324 2044 pro
1347 2002 1508 2033 Eunucho
1530 2002 1647 2033 deduci

99 2056 140 2088 ad
155 2057 360 2088 meretricem
376 2066 491 2098 passus
507 2064 565 2094 est,
579 2057 767 2088 nominavit.
810 2058 924 2098 Itaque
937 2067 979 2088 ex
993 2067 1111 2098 magna
1126 2063 1219 2098 parte
1235 2056 1373 2088 motoria
1388 2062 1446 2088 est.
1485 2056 1596 2096 Atque
1611 2056 1647 2086 in

99 2110 159 2141 hac
171 2109 328 2141 comoedia
341 2109 395 2150 qui
409 2120 581 2151 personam
596 2110 809 2142 Parmenonis
825 2117 915 2142 actor
927 2110 1077 2148 sustinet,
1090 2110 1211 2152 primas
1226 2110 1324 2141 habet
1339 2116 1458 2151 partes.
1491 2109 1649 2140 Secundae

100 2169 176 2194 sunt
190 2163 343 2195 Chaereae.
383 2163 503 2195 Tertiae
518 2164 559 2195 ad
575 2164 758 2195 Phaedriam
774 2171 931 2206 spectant.
973 2164 1084 2204 Hujus
1099 2164 1258 2204 Prologus
1274 2173 1353 2195 sane
1376 2169 1426 2194 est
1447 2162 1649 2194 concitatior.

101 2216 188 2248 Nam
203 2223 237 2248 et
251 2217 363 2257 objicit
376 2217 514 2248 crimina
536 2217 799 2249 adversantibus:
831 2224 864 2249 et
885 2217 1101 2249 comminatur
1122 2217 1158 2248 in
1179 2223 1363 2259 posterum:
1395 2223 1429 2247 et
1451 2216 1649 2247 accusatorie

100 2276 211 2302 narrat
225 2270 379 2311 injuriam
394 2271 551 2302 Terentio
564 2271 698 2302 factam:
723 2277 757 2302 et
772 2272 813 2302 ad
834 2271 986 2302 ultimum
1008 2271 1218 2308 tumultuose,
1235 2277 1269 2301 et
1290 2280 1365 2301 cum
1387 2280 1504 2311 magna
1525 2269 1650 2301 invidia

100 2323 245 2355 defendit
258 2330 397 2365 poetam.
439 2324 521 2355 Haec
538 2330 571 2355 et
585 2324 739 2364 πρότασιν
755 2331 788 2355 et
806 2323 951 2355 ἐπίτασιν
968 2331 1001 2355 et
1024 2324 1250 2365 καταστροφὴν
1265 2323 1311 2354 ita
1328 2323 1467 2364 aequales
1488 2323 1595 2360 habet,
1612 2329 1650 2354 ut

100 2385 258 2417 nusquam
285 2377 374 2409 dicas
400 2377 604 2419 longitudine
632 2378 740 2419 operis
765 2378 956 2409 Terentium
983 2377 1178 2409 delassatum
1204 2377 1406 2408 dormitasse.
1446 2378 1550 2408 Actus
1571 2386 1649 2408 sane

100 2429 331 2471 implicatior-es
346 2437 423 2463 sunt
438 2431 473 2462 in
489 2441 537 2469 ea,
553 2438 586 2463 et
601 2431 657 2472 qui
673 2441 739 2463 non
755 2432 848 2463 facile
863 2442 882 2462 a
897 2442 1012 2473 parum
1026 2431 1130 2462 doctis
1147 2430 1302 2472 distingui
1317 2430 1460 2472 possint:
1485 2430 1559 2461 ideo
1574 2430 1651 2471 quia

102 2483 235 2514 tenendi
250 2484 440 2525 spectatoris
456 2495 553 2516 causa
568 2485 638 2516 vult
652 2491 748 2527 poeta
765 2494 875 2516 noster
890 2495 1002 2516 omnes
1018 2485 1160 2525 quinque
1176 2490 1267 2515 actus
1282 2483 1372 2515 velut
1387 2493 1489 2514 unum
1509 2483 1590 2521 fieri,
1607 2493 1650 2515 ne

102 2535 241 2577 respiret
262 2537 515 2577 quodammodo:
547 2545 645 2579 atque
667 2539 821 2570 distincta
844 2538 962 2569 alicubi
989 2537 1233 2569 continuatione
1261 2537 1504 2568 succedentium
1530 2545 1650 2575 rerum}

103 2595 178 2619 ante
191 2589 292 2620 aulaea
302 2590 428 2622 sublata
439 2591 624 2636 fastidiosus
638 2598 800 2634 spectator
813 2599 975 2633 exsurgat.
1009 2593 1093 2623 Acta
1104 2591 1201 2633 plane
1215 2597 1264 2622 est
1277 2590 1379 2622 Ludis
1393 2590 1649 2631 Megalensibus,

105 2642 142 2672 1..
162 2642 361 2680 posthumio,
385 2644 421 2675 L.
439 2644 592 2676 Cornelio
607 2645 772 2677 AEdilibus
794 2645 977 2677 curulibus:
1012 2645 1109 2676 etiam
1133 2651 1210 2675 tunc
1232 2643 1414 2685 personatis
1438 2644 1474 2674 L.
1494 2644 1651 2675 Numidio

106 2695 307 2733 Posthumio,
324 2696 361 2727 L.
380 2697 532 2728 Ambivio
547 2698 731 2740 Turpione:
758 2699 837 2730 item
860 2699 1047 2730 modulante
1072 2698 1188 2729 Flacco
1210 2697 1347 2728 Claudio
1371 2697 1458 2729 tibiis
1480 2697 1596 2729 dextra
1617 2704 1652 2730 et

106 2749 237 2780 sinistra
253 2750 294 2780 ob
306 2749 472 2790 j0cularia,
488 2750 591 2782 multa
604 2752 767 2792 permixta
781 2752 949 2793 gravitate.
991 2753 1034 2782 Et
1049 2758 1121 2782 acta
1136 2758 1185 2782 est
1203 2758 1293 2782 tanto
1308 2761 1458 2782 successu
1475 2761 1513 2782 ac
1534 2750 1650 2793 plausu

105 2809 202 2843 atque
218 2802 380 2844 suffragio,
399 2809 435 2834 ut
449 2813 561 2834 rursus
577 2811 662 2835 esset
674 2805 815 2843 vendita,
832 2812 865 2836 et
880 2812 1031 2847 ageretur
1046 2805 1164 2836 iterum
1178 2814 1238 2845 pro
1251 2814 1351 2835 nova:
1375 2814 1499 2846 proque
1514 2814 1553 2835 ea
1574 2815 1649 2846 pree

107 2856 199 2893 tium,
216 2857 301 2897 quod
319 2856 401 2887 nulli
425 2863 500 2887 ante
522 2856 626 2898 ipsam
649 2857 790 2889 fabulam
812 2859 958 2900 contigit,
976 2868 1047 2890 octo
1070 2857 1213 2889 millibus
1235 2857 1420 2889 sestertium
1442 2865 1651 2889 numerarent

105 2916 219 2949 poetae.
259 2909 434 2940 Proverbia
458 2909 647 2950 (legendum
668 2910 816 2951 arbitror,
838 2913 996 2943 diverbia:
1029 2911 1093 2942 vid.
1110 2921 1209 2953 supra
1230 2911 1272 2942 ad
1294 2918 1473 2953 argument.
1490 2912 1593 2943 Andr.
1617 2922 1649 2953 p.

106 2964 178 2994 249.
198 2963 252 3002 L.)
270 2963 371 2994 multa
388 2973 473 3004 saepe
490 2963 711 3004 pronunciata,
725 2971 759 2996 et
772 2965 898 2997 cantica
914 2976 1000 3007 saepe
1017 2965 1151 2997 mutatis
1166 2965 1271 2996 modis
1286 2965 1429 2997 exhibita
1445 2973 1530 2997 sunt.
1570 2970 1650 3005 Προ-
