1852 3216
213 118 300 162 552
773 114 1183 160 PRAEFATlo.

212 214 309 251 prout
329 209 484 251 cuiusque
503 214 595 241 actus
609 207 761 240 ostendit.
807 206 965 250 Prologus
987 205 1193 240 Phormionis
1214 204 1313 238 nimis
1333 204 1512 238 concitatus
1533 212 1593 244 est,
1608 206 1691 239 adeo
1712 213 1750 239 ut

211 262 282 305 ipse
297 269 401 295 semet
415 262 515 295 veluti
530 261 748 306 reprehendat
762 261 804 293 ob
818 261 902 293 hanc
917 261 1021 304 ipsam
1036 259 1260 303 pervicaciam,
1275 265 1309 291 et
1322 258 1420 291 simul
1441 267 1666 301 argumentum
1682 271 1749 294 suia:

210 316 412 360 purgationis
428 316 568 349 inducat.
615 316 722 358 Atque
738 315 773 347 in
789 326 827 348 ea
841 326 941 358 quum
956 322 990 347 et
1004 314 1153 358 protasis,
1169 321 1202 346 et
1217 313 1360 357 epitasis,
1372 321 1405 345 et
1420 315 1623 358 catastrophe
1638 315 1748 357 magni

209 372 387 405 moliminis
402 378 435 404 et
457 371 577 412 negotii
600 370 685 403 sint:
710 370 755 403 ita
777 370 875 403 variis
898 370 1062 413 leporibus
1076 376 1303 412 asperguntur,
1317 375 1354 401 ut
1369 368 1467 401 etiam
1482 379 1591 401 rerum
1606 370 1748 402 tristium

208 426 400 468 gravitatem
422 432 518 468 poeta
540 425 667 467 lepidus
689 424 813 456 comica
834 424 1009 457 serenitate
1033 423 1228 465 tranquillet.
1276 422 1357 454 Hoc
1380 430 1452 454 acta
1467 429 1516 454 est
1531 422 1617 455 ludis
1634 423 1748 465 Meg-a·

210 480 363 516 lensibus,
386 478 487 511 Lucio
500 478 653 511 Cornelio
677 478 806 511 Merula
826 478 927 510 AEdili
949 477 1074 515 Curuli,
1094 484 1128 509 et
1151 477 1188 509 L.
1207 476 1397 509 Posthumio
1415 476 1553 508 Albino:
1578 478 1748 519 agentibus

212 534 247 566 1..
265 533 378 565 Cassio
393 532 519 571 Attilio‚
536 538 570 565 et
586 533 623 564 L.
641 532 812 565 Ambivio:
836 532 950 564 modos
965 532 1104 564 faciente
1122 531 1237 563 Flacco
1253 530 1381 563 Claudii
1397 530 1464 563 filio
1480 530 1568 563 tibiis
1590 532 1748 569 Serranis,

209 594 339 629 totaque
365 586 519 618 diverbiis
546 586 759 624 facetissimis,
787 592 821 618 et
844 593 974 628 gestum
1000 585 1259 617 desiderantibus
1289 585 1464 623 scenicum,
1491 591 1525 617 et
1550 585 1750 618 suavissimis

210 649 324 674 ornata
349 641 484 673 canticis
512 640 583 673 fuit.
629 641 791 683 Editaque
816 647 866 673 est
895 646 1010 683 quarto
1035 639 1116 678 loco,
1146 639 1194 671 M.
1222 638 1354 671 Valerio
1388 645 1421 671 et
1446 639 1483 671 C.
1509 639 1635 671 Fannio
1658 640 1750 672 Coss.

211 696 354 728 Persona
370 695 468 727 etiam
490 694 525 727 in
547 695 644 736 hujus
666 694 788 738 protasi
811 704 877 726 non
899 704 965 726 una
987 699 1046 732 est,
1063 693 1122 725 sed
1143 693 1232 725 duae:
1256 703 1393 735 quarum
1415 692 1518 725 altera
1540 700 1633 725 extra
1654 703 1749 736 argu-

210 756 356 782 mentum
378 749 485 791 posita
500 756 559 787 est,
575 748 628 781 cui
651 755 802 781 narratur
823 748 951 780 sabula:
976 748 1077 780 altera
1099 747 1133 779 in
1156 754 1358 789 argumento,
1374 757 1445 789 que
1468 754 1577 779 narrat
1599 747 1750 779 fabulam.

211 805 450 846 Argumentum
473 814 600 846 quoque
622 813 687 835 non
709 802 868 846 simplicis
894 802 1018 844 nogotii
1042 802 1159 834 habet:
1192 812 1251 834 nec
1278 801 1376 833 unius
1402 801 1627 840 adolescentis,
1653 809 1690 833 ut
1716 802 1753 834 in

213 859 361 901 Hecyra:
386 857 443 890 sed
465 857 613 895 duorum,
629 864 666 889 ut
688 857 721 889 in
744 856 870 889 caeteris
885 856 1011 888 sabulis.
1057 855 1147 888 Scire
1170 863 1278 888 autem
1293 854 1446 887 convenit
1467 865 1532 887 uno
1547 855 1600 887 die
1617 856 1751 898 transigi

212 911 460 944 Phormionem:
493 922 569 949 non,
593 917 631 943 ut
653 910 1059 948 Heautontimorumenon,
1083 910 1217 942 duobus.
1264 909 1421 951 Prologus
1442 917 1589 952 correpte
1612 909 1673 942 ἀπὸ
1694 911 1754 942 τοῦ

210 966 381 1010 προλέγειν
403 966 532 1006 dicitur,
556 976 623 999 non
643 966 800 1009 producte
821 966 883 998 ἀπὸ
903 967 963 998 τοῦ
985 967 1211 1007 πρωτολογεῖν.
1258 966 1344 998 Nam
1363 965 1503 997 officium
1528 965 1652 1007 prologi
1677 971 1753 996 ante

211 1022 371 1054 actionem
388 1022 470 1063 (Ma.
492 1026 563 1054 onte
577 1026 696 1054 mnae.
714 1019 771 1063 L.)
787 1020 917 1063 quidem
938 1019 985 1052 rei
1007 1030 1135 1062 semper
1151 1026 1218 1052 est:
1242 1028 1465 1052 verumtamen
1487 1026 1521 1051 et
1541 1027 1614 1061 post
1629 1019 1750 1062 princi-

211 1076 303 1119 pium
319 1076 435 1109 fabulae
452 1076 627 1114 inducitur,
644 1082 677 1108 et
695 1075 782 1118 apud
800 1075 952 1108 Plautum
976 1073 1011 1107 in
1038 1073 1146 1106 Milite
1161 1073 1311 1116 glorioso,
1328 1081 1362 1106 et
1376 1073 1462 1116 apud
1478 1081 1613 1106 ceteros
1628 1083 1753 1115 magna.-

212 1130 415 1164 auctoritatis
430 1137 558 1164 veteres
572 1136 696 1173 poetas.

737 1323 1227 1364 ARGUMENTUM.

256 1447 367 1483 Qnuu
392 1445 550 1478 Chremes
574 1443 791 1487 Demiphonis
814 1444 923 1482 frater,
946 1443 1070 1476 adscito
1093 1443 1156 1475 sibi
1179 1443 1219 1475 ad
1241 1443 1400 1476 fallaciam
1423 1442 1565 1481 nomine,
1588 1454 1652 1485 quo
1675 1442 1754 1475 Stil·

214 1500 355 1544 phonem
379 1511 415 1532 se
439 1499 504 1531 dici
526 1499 658 1537 fecerat,
682 1499 762 1531 duas
786 1498 901 1531 eodem
921 1506 1067 1542 tempore
1091 1499 1258 1531 habuisset
1284 1509 1412 1535 uxores,
1439 1498 1581 1531 Athenis
1607 1498 1755 1535 divitem.

213 1565 390 1599 pauperem
420 1554 553 1586 Lemni:
577 1564 620 1586 ex
643 1553 746 1586 divite
770 1553 903 1585 sustulit
924 1553 1038 1592 fllium,
1065 1553 1120 1595 qui
1145 1553 1251 1585 dictus
1276 1561 1325 1585 est
1353 1553 1519 1585 Phaedri-2
1543 1563 1585 1585 ex
1613 1563 1754 1595 paupere

213 1610 324 1642 furtim
347 1609 489 1651 suscepit
511 1615 607 1650 atque
630 1607 780 1640 educavit
796 1607 905 1646 filiam,
923 1607 1085 1639 Phanium
1107 1608 1249 1646 nomine,
1266 1618 1400 1650 eamque
1415 1607 1551 1640 consilio
1565 1618 1639 1639 cum
1656 1607 1755 1639 fratre

213 1663 324 1696 habito
346 1662 521 1695 destinavit
537 1662 604 1694 filio
620 1663 690 1704 ejus
706 1661 888 1704 Antiphoni
910 1672 1046 1694 uxorem
1069 1662 1156 1694 dare.
1201 1662 1328 1699 Quibus
1350 1661 1560 1705 complacitis,
1583 1672 1649 1693 uno
1671 1668 1752 1693 tem-

214 1728 293 1761 pore
319 1716 455 1760 profecti
480 1716 620 1749 Athenis
646 1726 751 1754 senes,
779 1715 943 1759 Demipho
971 1716 1006 1748 in
1034 1715 1193 1754 Ciliciam,
1220 1716 1377 1748 Chremes
1402 1716 1562 1748 Lemnum
1585 1716 1626 1747 ad
1647 1726 1754 1747 arces·

214 1771 347 1804 sendam
364 1770 474 1808 filiam,
491 1781 563 1812 quae
579 1771 649 1811 jam
669 1770 759 1802 illinc
774 1781 849 1802 cum
872 1777 976 1802 matre
997 1770 1213 1812 navigaverat,
1229 1771 1431 1803 occasionem
1449 1771 1610 1803 dederunt
1625 1769 1754 1802 amandi

214 1825 480 1858 adolescentibus.
542 1825 628 1857 Nam
658 1824 768 1857 statim
800 1824 950 1856 Phaedria
978 1824 1209 1856 citharistriam
1243 1826 1303 1857 sub
1335 1825 1453 1857 lenone
1483 1825 1583 1868 eoepit
1619 1824 1754 1856 ardere:

215 1880 363 1923 Antipho
377 1879 466 1911 illam
482 1878 581 1911 filiam
596 1879 704 1921 patrui
722 1878 882 1911 Phanium
899 1879 1126 1922 desponsatam
1144 1879 1216 1917 sibi,
1233 1879 1382 1911 nesciens
1402 1879 1612 1915 nescientem.
1628 1889 1703 1910 mox
1719 1884 1756 1909 ut

215 1934 362 1967 Athenas
377 1933 477 1971 venit,
494 1944 554 1966 nec
570 1940 695 1976 patrem
716 1933 847 1976 reperit,
865 1933 943 1965 salsa
964 1932 1085 1976 duplici
1101 1934 1170 1974 ejus
1192 1934 1332 1971 nomine,
1349 1941 1485 1965 matrem
1502 1942 1661 1965 mortuam
1677 1932 1755 1964 dum

214 1989 420 2026 lamentatur,
436 1988 615 2020 adamavit:
639 1988 839 2030 consilioque
855 1994 888 2020 et
902 1998 1000 2030 opera
1023 1987 1167 2030 parasiti,
1183 1988 1361 2020 secundum
1382 1988 1472 2030 leges
1494 1987 1755 2024 Atheniensium,

214 2042 305 2085 quasi
321 2042 383 2074 sibi
394 2047 531 2084 cognata
547 2049 641 2081 esset,
658 2049 810 2084 tanquam
827 2042 862 2074 in
874 2043 948 2083 jure
964 2042 1070 2074 victus
1086 2049 1119 2074 et
1131 2042 1220 2074 velut
1234 2049 1374 2080 coactus,
1390 2053 1461 2074 eam
1478 2042 1604 2084 accepit
1621 2050 1754 2073 uxorem

214 2107 273 2140 per
294 2096 475 2129 absentiam
496 2096 608 2139 patris.
653 2096 718 2133 Qui
741 2107 841 2139 quum
863 2096 1057 2134 advenisset,
1074 2103 1107 2128 et
1128 2096 1226 2128 vellet
1248 2107 1319 2129 eam
1341 2097 1525 2140 expellere:
1550 2097 1655 2139 primo
1676 2106 1753 2127 cou-

213 2152 336 2184 futatur
357 2161 416 2194 per
438 2150 673 2193 impudentiam
696 2150 847 2194 parasiti:
871 2157 946 2193 post
967 2161 1040 2182 cum
1063 2161 1123 2183 suo
1145 2151 1243 2183 fratre
1264 2150 1310 2183 sic
1333 2150 1504 2195 decipitur,
1522 2158 1567 2187 ut,
1584 2150 1660 2183 dum
1683 2160 1754 2182 earu

214 2206 318 2238 credit
331 2206 372 2237 ab
385 2204 575 2247 Antiphone
590 2214 686 2247 posse
700 2204 852 2246 disjungi,
868 2215 939 2237 eam
954 2205 1116 2247 parasitus
1131 2204 1202 2248 ipse
1215 2205 1312 2238 ducat
1328 2216 1462 2238 uxorem
1476 2218 1483 2237 :
1501 2212 1535 2237 ct
1549 2204 1604 2236 det
1618 2205 1756 2236 ducturo

213 2271 291 2293 xxx.
308 2259 413 2292 minas
427 2259 617 2302 pra-semeis
632 2259 726 2297 dotis,
743 2259 859 2302 puellm
875 2259 1025 2296 nomine;
1043 2269 1122 2301 quas
1139 2259 1293 2292 Phormio
1307 2267 1456 2303 acceptas
1474 2259 1629 2291 Pha-dria·
1645 2258 1752 2290 dedit:

214 2314 269 2347 ille
291 2313 401 2347 lenoni
423 2313 464 2346 ad
486 2313 716 2346 citharistriam
738 2313 969 2346 redimendam.
1015 2313 1143 2350 Quibus
1163 2314 1265 2355 gestis
1281 2313 1411 2346 tandem
1427 2314 1583 2346 Chremes
1609 2312 1755 2353 agnoscit

216 2369 315 2401 liliam
338 2378 429 2401 suam
444 2369 651 2410 conjunctam
667 2378 738 2400 esse
754 2367 862 2400 fratris
877 2367 954 2399 mio.
998 2368 1108 2404 Quare
1123 2368 1201 2400 dum
1221 2374 1345 2400 mutato
1360 2367 1496 2399 consilio
1511 2377 1589 2399 xxx.
1614 2367 1719 2398 minas
1735 2376 1754 2398 s

215 2423 411 2456 Phormione
427 2432 486 2466 per
498 2423 603 2455 rixam
619 2429 755 2454 conatur
770 2422 910 2464 exigere,
927 2432 987 2464 per
1001 2422 1140 2454 eundem
1164 2422 1312 2465 proditus
1336 2421 1428 2453 uxori
1451 2431 1518 2453 sun
1541 2420 1755 2453 Nausistrat-

215 2483 263 2510 est
277 2489 285 2508 ι
309 2484 342 2509 et
358 2477 461 2509 l'oetus
475 2476 621 2509 libidinis
636 2486 720 2514 reus,
738 2486 803 2508 non
819 2483 895 2508 ante
910 2475 1039 2508 veniam
1063 2476 1182 2508 meruit
1203 2487 1223 2508 a
1248 2476 1500 2511 matrefamilias,
1516 2486 1612 2517 quam
1627 2483 1661 2507 et
1677 2484 1755 2507 xxx.

214 2532 385 2568 minarum.
402 2538 435 2563 et
450 2530 569 2563 amoris
584 2530 790 2563 citltaristrioe
801 2530 929 2562 veniam
944 2529 1086 2562 dedisset
1102 2530 1178 2562 tilio.
1219 2530 1341 2562 Prinas
1356 2531 1459 2562 Actus
1475 2538 1524 2562 est
1546 2531 1579 2562 in
1595 2528 1755 2571 colloquio

216 2586 299 2618 Davi
316 2593 349 2618 et
370 2586 483 2619 Geta:
506 2595 567 2629 per
580 2595 661 2627 quos
676 2584 772 2617 discit
787 2583 927 2627 populus
943 2591 1179 2626 argumentum.
1226 2586 1356 2616 See-sadi
1370 2586 1474 2617 Actus
1495 2591 1588 2616 tenor
1609 2582 1756 2615 continet

214 2640 389 2672 adventum
415 2639 504 2673 senis
533 2639 765 2678 turbulentum,
789 2646 823 2671 et
848 2637 992 2680 ejusdem
1011 2638 1157 2680 jurgium
1183 2638 1338 2671 adversus
1361 2640 1479 2671 Getam
1504 2646 1538 2670 et
1562 2637 1754 2671 pandrina.

218 2694 319 2726 Ter-uo
332 2694 428 2726 Actui
444 2693 632 2726 attribuitur
647 2693 786 2735 litigium
802 2691 892 2725 senia
906 2700 940 2725 et
953 2692 1174 2725 Phormioni-2
1194 2701 1262 2725 tum
1275 2693 1470 2726 consultatio
1484 2703 1559 2725 cum
1571 2692 1752 2725 advocatis:

214 2753 284 2779 tum
315 2747 514 2790 Antiphonis
544 2747 578 2780 in
605 2757 735 2780 scenam
765 2747 900 2785 reditus,
930 2747 1190 2790 colloquiumque
1218 2758 1294 2780 cum
1324 2749 1429 2781 Geta:
1466 2756 1534 2780 turn
1565 2746 1692 2779 lenonis
1718 2750 1754 2777 et

215 2799 372 2832 Ph-drioe
393 2800 595 2833 colluctatio:
622 2809 690 2835 tum
713 2801 895 2834 adhortatio
917 2802 1010 2834 Geta
1031 2802 1072 2834 ds
1094 2802 1291 2835 inveniendo
1314 2810 1448 2845 argento
1470 2802 1511 2834 sd
1533 2799 1752 2834 redimenda-

216 2853 372 2885 Pii-‹tri-
396 2854 636 2888 citharistriam.
696 2858 846 2891 Quartan-
868 2856 988 2889 Actum
1010 2855 1071 2888 ists
1092 2856 1343 2888 concelebrant:
1378 2856 1537 2889 adventus
1560 2852 1751 2891 Chremetis.

214 2906 420 2949 «Ji-demque
435 2918 509 2941 cum
529 2909 626 2941 fratre
642 2909 832 2942 deliberatio
847 2920 908 2953 per
922 2919 1065 2942 errorem
1088 2909 1129 2942 ds
1144 2910 1302 2952 ejicienda
1324 2910 1466 2943 Phanio:
1490 2910 1584 2942 Get·
1599 2908 1696 2941 verba
1709 2906 1751 2939 do

213 2960 363 2993 fallendis
378 2962 529 2994 senibus:
557 2963 755 3005 Antiphonis
769 2963 874 2996 oratio
894 2963 982 3007 apud
1003 2971 1106 2997 semet
1129 2963 1236 3006 ipsum
1260 2963 1302 2997 dc
1323 2973 1432 2998 amore
1448 2962 1634 2996 vacuous:
1658 2961 1751 2994 Get·
