1852 3216
111 160 250 188 semu
272 145 341 201 ιι]

696 145 1057 189 PHORMIO.

1555 146 1639 188 563

164 234 228 278 At
248 250 328 291 ego
348 236 517 278 obviam
536 237 723 279 conabar
742 237 835 287 tibi,
860 235 998 278 Dave.
1051 235 1140 278 DA.
1163 233 1343 291 Accipe,
1363 233 1478 285 hem,

164 301 424 353 Lectum’st;
456 302 680 345 conveniet
699 317 917 352 numerus,
939 309 1144 356 quantum
1166 301 1312 343 debui.

162 366 251 408 GE.
274 365 388 409 Amo
409 374 466 417 te,
487 375 532 410 et
551 383 638 410 non
657 367 899 424 neglexisse
920 366 1061 409 habeo
1080 367 1275 423 gratiam.

127 440 146 470 5
163 431 253 475 DA.
277 431 523 475 Praesertim
544 441 592 475 ut
613 448 726 476 nunc
748 441 847 475 sunt
866 449 1031 476 mores:
1063 434 1173 475 adeo
1193 448 1263 475 res
1284 432 1421 483 redit;

162 497 210 538 Si
230 498 325 553 quis
345 499 449 553 quid
470 499 628 549 reddit,
650 514 805 555 magna
824 499 1078 541 habenda'st
1099 499 1252 555 gratia.

161 562 251 604 Sed
272 564 377 618 quid
398 571 444 605 tu
465 579 511 606 es
534 565 667 606 tristis
685 567 701 607 3
752 564 840 607 GE.
866 565 1050 618 Egone?
1090 565 1247 615 nescis,
1268 579 1354 619 quo
1373 564 1417 605 in
1438 569 1570 613 metu,
1591 568 1636 604 et

163 627 340 676 Quanto
359 629 403 670 in
423 629 614 684 periculo
635 631 779 673 simus.
831 630 921 672 DA.
945 630 1065 678 Quid
1085 631 1196 672 istuc
1216 632 1312 672 est?
1363 629 1451 672 Grt.
1474 628 1618 671 Scies:

105 727 160 769 Z.)
176 729 216 760 ad
228 740 263 760 se
279 730 388 761 veniat
402 730 467 767 ille,
480 730 534 771 qui
547 731 672 762 debitor
683 742 759 763 suus
775 731 845 770 fuit,

104 779 136 802 et
152 773 206 812 qui
224 773 314 813 (quae,
329 773 379 804 vel
395 774 481 814 cujus
498 774 552 814 Ζ.)
568 775 701 806 sortasse
716 775 772 806 vix
787 786 845 806 no-

102 825 178 846 men
195 822 303 847 tenere
319 824 435 857 posset.
468 818 506 848 E.

147 860 176 889 2.
190 861 233 890 At
245 871 298 899 ego
313 862 427 891 obviam
438 863 568 891 conabar
584 863 650 898 tibi,
667 860 768 901 Dave]
789 863 844 892 Co-

102 904 208 939 nabar,
232 902 393 934 absolute:
418 914 458 934 an
475 903 616 943 ἔλλειψις
631 911 688 941 est,
704 911 740 935 ut
761 904 846 935 desit

101 947 155 976 ire.
196 945 240 976 Et
255 953 303 977 est
318 946 504 978 adverbium
524 947 585 978 loci
601 949 723 978 obviam.
752 949 843 978 Acci-

97 987 154 1028 pe]
177 988 339 1020 Praevenit
353 989 552 1031 petitionem,
569 990 705 1021 dicendo
720 993 822 1031 achpe
833 1003 843 1022 .-

102 1038 135 1062 et
160 1031 220 1063 hoc
242 1043 314 1063 cum
338 1040 430 1073 gestu
452 1033 614 1064 offerentis
637 1033 762 1064 dicitur.
802 1034 846 1064 Et

100 1074 161 1105 hoc
174 1081 223 1107 est
245 1076 330 1116 quod
351 1076 406 1112 ait,
422 1075 543 1115 confeci,
559 1078 660 1116 affero.
693 1077 842 1108 D.-—Ac-

100 1117 182 1158 cipe]
212 1118 358 1155 Pulchre,
381 1126 551 1160 antequam
572 1126 698 1168 peteret
711 1119 842 1161 aliquid,

932 731 961 762 6.
979 732 1014 762 Si
1024 733 1091 771 quis
1105 733 1180 772 quid
1191 733 1302 768 reddit,
1315 742 1425 772 magna
1439 731 1575 762 habenda
1590 735 1637 762 est

886 774 1009 815 gratia]
1029 774 1067 805 Id
1083 782 1142 811 est,
1159 774 1219 805 etsi
1235 773 1307 816 (etsi
1319 776 1368 812 ob)
1381 784 1448 805 rem
1463 784 1527 805 non
1543 784 1633 815 mag·

890 828 974 855 nam,
1000 825 1106 848 tamen
1129 828 1245 858 magna
1268 817 1415 848 habenda
1436 823 1485 848 est
1509 816 1630 858 gratia:

889 861 949 891 hoc
973 860 1059 891 enim
1082 860 1243 901 significat
1264 863 1331 901 quis
1352 862 1463 891 reddit.
1508 862 1543 892 Si
1564 863 1632 901 quis

887 906 962 945 quid
972 903 1088 944 reddit]
1099 904 1164 939 Qui
1176 904 1235 934 hoc
1247 903 1475 945 interrogative
1486 913 1630 945 pronun-

887 946 1030 983 ciaverit,
1052 957 1167 988 parum
1189 946 1270 978 belle
1287 946 1428 988 explicat
1441 953 1632 988 conceptam

887 990 1090 1021 sententiam.
1134 991 1286 1021 Habenda
1307 996 1353 1021 est
1370 989 1494 1030 gratia]
1519 990 1631 1028 Deest,

887 1035 925 1064 ei.
974 1033 1096 1064 D.—-vSi
1125 1036 1192 1074 quis
1221 1034 1295 1074 quid
1323 1032 1441 1074 reddit]
1479 1032 1630 1064 Juvenal.

888 1076 990 1118 Satyr.
1011 1077 1058 1107 13.
1077 1078 1167 1107 Nunc
1181 1078 1209 1107 si
1223 1078 1388 1116 depositum
1409 1087 1466 1107 non
1481 1078 1631 1116 inficietur

886 1122 1009 1156 amicus,
1027 1121 1061 1150 Si
1076 1122 1185 1150 reddat
1199 1125 1325 1151 veterem
1336 1131 1402 1150 cum
1418 1124 1482 1150 tota
1494 1121 1630 1160 aerugine

99 1161 216 1192 obtulit
236 1162 320 1203 quod
334 1162 478 1194 debebat.
510 1163 555 1194 Et
574 1173 607 1193 in
633 1163 768 1204 singulis
791 1163 841 1194 in·
876 1161 983 1203 follem
1000 1164 1178 1204 Prodigiosa
1184 1165 1273 1202 fides.
1307 1162 1342 1193 L.

99 1204 283 1245 telligimus,
297 1205 412 1246 quibus
428 1212 549 1237 metum
565 1217 634 1237 esse
658 1207 743 1238 circa
758 1207 840 1238 acci-

98 1247 243 1289 pientem
258 1247 349 1290 (quid
360 1252 391 1280 in
407 1251 586 1290 quibusdam
598 1252 784 1281 metuendum
799 1252 841 1281 sit

101 1293 183 1322 circa
195 1294 401 1331 accipiendum
419 1292 490 1331 Z.):
515 1293 654 1334 primum
671 1303 711 1324 ne
727 1293 839 1334 displi-

99 1340 196 1371 ceret,
208 1341 258 1365 est
272 1334 404 1372 dictum,
420 1337 545 1367 Lectum
561 1342 615 1367 est.
656 1336 783 1367 Deinde
800 1347 840 1367 ne

100 1386 214 1418 parum
244 1378 440 1410 conveniens
466 1389 619 1410 numerus
646 1379 840 1417 crederetur,

99 1420 225 1460 adjecit,
233 1424 526 1453 convenietnumerus
535 1428 677 1462 quantum
684 1424 782 1454 debui.
802 1422 841 1453 E.

143 1465 171 1494 3.
203 1465 328 1495 Lectum
356 1464 419 1507 est]
451 1465 615 1496 Absolute.
662 1466 747 1496 Nam
778 1476 843 1497 non

99 1505 179 1538 dicit
193 1507 288 1547 quid:
312 1515 420 1539 utrum
441 1508 594 1546 debitum,
614 1519 655 1539 an
671 1519 841 1550 argumen-

99 1556 168 1581 tum
190 1549 319 1582 lectum.
364 1551 518 1589 Lucilius,
538 1553 626 1583 Lecti
640 1564 737 1583 omnes
750 1564 760 1583 .·
784 1554 843 1583 At-

99 1595 178 1624 ticen
202 1595 254 1624 hoc
269 1600 324 1625 est.
368 1595 493 1626 Lectum
507 1601 561 1632 est,
577 1598 727 1627 conveniet
741 1607 844 1627 nume-

101 1635 171 1677 rus]
189 1637 344 1668 Ordinem
360 1638 517 1669 servavit:
541 1638 631 1680 prius
644 1638 730 1669 enim
744 1641 842 1679 quali-

101 1684 158 1716 tas,
169 1679 285 1711 deinde
298 1692 437 1712 numerus
447 1681 593 1723 pecuniae
602 1681 740 1723 spectari
751 1681 842 1713 solet.

101 1724 227 1754 Lectum
256 1729 311 1760 est,
340 1727 490 1756 conveniet
523 1736 672 1761 numerus,
702 1730 846 1766 quantum

101 1765 208 1806 debui]
230 1767 358 1808 Quippe
382 1767 483 1799 tribus
505 1768 608 1799 modis
622 1768 765 1799 debitum
787 1778 844 1809 pe-

102 1809 425 1841 cuniarumsolvitur:
443 1811 734 1852 pensione‚accipe:
751 1822 843 1852 spec-

103 1852 233 1890 tatione,
262 1855 386 1884 Lectum
416 1860 461 1885 est
473 1867 483 1885 .·
517 1864 662 1891 numero,
693 1857 845 1886 conveniet

101 1907 240 1927 numerus
255 1902 398 1937 quantum
414 1899 511 1928 debui.
550 1899 672 1929 Lectum
689 1897 749 1938 est]
766 1899 843 1929 Lec-

102 1943 174 1975 tum,
198 1939 325 1977 bonum,
349 1940 400 1971 vel
424 1940 638 1982 splendidum.
684 1941 738 1978 Ut,
766 1941 843 1972 AEn.

100 1992 132 2013 x.
150 1983 221 2013 541.
238 1994 324 2014 arma
339 1985 475 2015 Serestus
491 1985 585 2015 Lecta
598 1983 691 2025 refert
704 1986 844 2016 humeris.

102 2025 257 2061 Quamvis
272 2026 401 2067 quidam
416 2034 533 2069 putant
547 2029 634 2065 lecta,
650 2028 690 2058 ab
706 2038 744 2058 eo
759 2028 845 2068 quod

101 2075 150 2100 est
177 2069 258 2110 lego,
283 2069 414 2101 dictum.
462 2072 614 2104 Quantum
635 2070 742 2112 debui]
770 2071 844 2109 Pro,

101 2113 234 2144 debitum
251 2115 308 2144 tibi
323 2125 342 2144 a
357 2125 401 2144 me
417 2119 470 2145 est.
502 2114 545 2145 D.

144 2156 174 2186 4.
198 2158 274 2187 Amo
289 2162 327 2194 te,
342 2162 374 2187 et
394 2168 452 2188 non
472 2159 636 2198 neglexisse
658 2159 751 2188 habeo
768 2168 844 2198 gra-

101 2197 192 2239 tiam]
217 2199 325 2238 Amat,
348 2200 433 2241 quod
452 2200 630 2232 reddiderit
653 2200 843 2242 pecuniam:

101 2241 169 2282 agit
189 2243 317 2283 gratias,
335 2244 419 2284 quod
439 2243 618 2285 diligenter.
665 2244 709 2274 Et
722 2245 843 2284 quare?

102 2293 210 2316 utrum
227 2287 302 2327 quia
316 2286 473 2318 creditum
485 2287 665 2326 (condictum
675 2287 723 2318 ed.
738 2288 843 2318 Antw.

103 2333 136 2358 et
158 2329 284 2370 Steph.)
303 2341 367 2361 non
390 2329 560 2361 fefellerit?
585 2341 625 2361 an
642 2340 705 2371 qua
726 2330 845 2361 lectum

102 2371 255 2409 attulerit,
267 2380 300 2405 et
315 2384 449 2405 numero
457 2373 669 2414 congruenti?
705 2373 750 2404 Et
758 2380 845 2404 recte

103 2413 203 2445 dixit:
228 2425 303 2447 nam
318 2416 490 2448 redhibitio
501 2417 646 2457 (redditio
661 2417 732 2448 edd.
749 2414 844 2457 vett.)

104 2456 204 2488 debiti
221 2458 280 2490 hoc
301 2460 377 2500 agit,
396 2466 432 2491 ut
449 2460 545 2491 etiam
562 2460 683 2501 gratias
702 2470 843 2501 agamus.

103 2502 180 2531 Amo
186 2506 224 2538 te,
231 2507 262 2533 et
270 2514 326 2533 non
339 2505 502 2544 neglexisse
510 2505 602 2534 habeo
609 2503 760 2544 gratiam]
771 2503 844 2534 Hoc

105 2553 164 2584 pro
173 2545 349 2584 gratiarum
359 2546 484 2577 actione
494 2546 642 2588 ponitur:
661 2554 692 2577 et
702 2546 844 2577 ostendi-

104 2594 157 2617 tur
167 2597 241 2619 vere
252 2588 463 2620 necessariam
473 2589 571 2621 fuisse
580 2590 760 2631 pecuniam.
777 2591 846 2621 Non

104 2631 286 2672 neglexisse]
307 2632 346 2662 In
362 2632 496 2669 Andria,
514 2635 557 2663 Et
572 2634 606 2663 id
616 2638 738 2673 gratum
746 2633 847 2674 fuisse

105 2677 262 2706 adversum
278 2681 318 2712 te,
334 2676 426 2706 habeo
438 2678 582 2716 gratiam.
618 2676 659 2706 D.

148 2720 177 2748 5.
195 2719 369 2748 Proesertim
382 2723 416 2748 ut
437 2729 516 2749 nunc
531 2723 600 2749 sunt
617 2717 728 2759 mores]
745 2718 798 2749 Sic
815 2724 848 2749 et

103 2761 182 2792 illud
199 2761 319 2791 dictum
336 2768 393 2797 est,
410 2772 535 2802 namque
550 2763 603 2792 hoc
618 2766 746 2801 tempore
762 2763 843 2792 obse-

103 2807 205 2845 quium
226 2807 345 2840 amicos,
369 2806 480 2835 veritas
501 2806 599 2835 odiam
621 2807 716 2844 parit.
761 2804 846 2840 Quia

103 2847 346 2879 consuetudinis
360 2846 466 2888 imago
482 2854 539 2884 est,
557 2847 739 2888 vituperare
761 2857 843 2889 prae·

104 2891 217 2922 sentia.
263 2892 344 2921 Adeo
358 2901 406 2921 res
421 2889 518 2930 redit]
543 2890 704 2931 Figurate,
720 2900 779 2932 pro
800 2890 846 2921 ita

103 2933 253 2975 loqueris,
267 2935 352 2965 Adeo
366 2943 414 2965 res
425 2935 514 2971 redit,
527 2933 619 2964 dixit.
658 2933 702 2964 Et
716 2933 846 2975 proprie

103 2979 217 3009 redisse
232 2988 280 3008 res
295 2976 422 3014 dicitur,
436 2986 535 3017 quum
546 2976 667 3018 aliquid
682 2978 774 3018 pejus
789 2987 846 3008 ex·-

102 3019 301 3063 spectatione
316 3019 460 3062 contigit.
492 3020 534 3051 D.

929 1207 958 1237 7.
976 1208 1037 1237 Sed
1050 1208 1124 1246 quid
1138 1212 1171 1237 tu
1186 1217 1218 1237 es
1233 1208 1331 1237 tristis
1342 1204 1375 1246 ?]
1395 1205 1459 1237 Hic
1475 1205 1627 1237 admone-

883 1259 964 1286 mur,
992 1260 1120 1280 omnem
1144 1250 1184 1281 ab
1207 1249 1301 1280 initio
1323 1259 1504 1280 sermonem
1527 1250 1629 1288 Getae,

884 1292 972 1333 quasi
989 1292 1165 1334 satagentis
1181 1299 1214 1323 et
1231 1292 1320 1323 anxii
1342 1292 1558 1334 pronunciari,
1574 1303 1628 1323 ac-

884 1335 1093 1367 commodatis
1112 1335 1290 1377 praesertirn
1306 1336 1347 1366 ad
1365 1335 1489 1366 vultum
1511 1335 1628 1367 verbis.

887 1379 972 1410 Nam
987 1385 1029 1415 et,
1042 1381 1075 1410 Si
1091 1381 1158 1419 quis
1173 1390 1218 1410 me
1233 1381 1343 1418 quaerit
1355 1391 1366 1409 :
1389 1385 1431 1416 et,
1447 1381 1493 1410 At
1507 1390 1560 1420 ego
1575 1381 1628 1410 ob-

884 1424 963 1453 viam
978 1424 1036 1453 tibi
1050 1424 1189 1459 conabar,
1203 1423 1289 1453 Dave
1299 1435 1310 1453 .-
1333 1428 1374 1458 et,
1388 1424 1465 1453 Amo
1480 1427 1518 1459 te,
1531 1427 1562 1453 et
1572 1433 1631 1453 non

885 1466 1050 1505 neglexisse
1071 1467 1163 1496 habeo
1181 1467 1315 1506 gratiam
1330 1477 1341 1495 .-
1364 1465 1398 1496 in
1420 1475 1455 1496 se
1470 1465 1631 1506 quoddam

885 1508 1107 1540 contractioris
1135 1508 1233 1539 animi
1264 1508 1472 1550 occupatique
1502 1508 1633 1549 signum.

886 1551 1015 1583 habent.
1061 1553 1122 1583 Sed
1134 1553 1208 1592 quid
1222 1557 1254 1583 tu
1269 1563 1301 1582 es
1317 1553 1415 1583 tristis
1425 1551 1459 1592 Γ]
1476 1553 1536 1583 Sed
1553 1561 1629 1593 par-

887 1594 993 1632 ticula,
1010 1595 1180 1626 transitum
1195 1594 1356 1636 significat
1371 1595 1410 1625 ad
1432 1594 1631 1626 mentionem

887 1637 1018 1669 alterius
1030 1638 1087 1669 rei.
1111 1640 1171 1669 Sed
1182 1640 1257 1679 quid
1269 1643 1302 1669 tu
1311 1649 1342 1669 es
1354 1641 1453 1670 tristis
1461 1641 1478 1670 2
1500 1640 1603 1680 Egone
1612 1641 1629 1670 2

886 1684 982 1712 nescis
1003 1693 1059 1722 quo
1080 1683 1113 1712 in
1135 1681 1232 1722 metu]
1263 1681 1447 1713 Descensus
1470 1681 1511 1713 ad
1533 1692 1630 1723 argu-

888 1731 1032 1756 mentum
1048 1725 1088 1756 ab
1103 1735 1141 1756 eo
1156 1735 1313 1762 sermone,
1329 1725 1384 1766 qui
1399 1724 1600 1756 extrinsecus
1610 1735 1632 1757 a

887 1774 983 1809 poeta
998 1767 1187 1799 informatus
1199 1774 1257 1805 est,
1270 1769 1337 1808 jam
1349 1768 1517 1799 manifeste
1529 1779 1629 1810 appa-

887 1817 946 1842 ret.
984 1813 1087 1852 Egone
1099 1814 1115 1843 t
1137 1813 1233 1842 nescis
1245 1813 1343 1852 quossin
1358 1810 1453 1852 metu]
1470 1810 1632 1844 ’Τπόθεσις

888 1854 1061 1892 comoediae,
1099 1864 1140 1885 ne
1172 1854 1258 1885 nuda
1287 1861 1441 1896 appareat
1476 1852 1631 1886 σύνθεσις.

888 1898 997 1928 Nescis
1018 1909 1075 1938 quo
1096 1899 1128 1928 in
1150 1902 1239 1935 metu,
1261 1902 1292 1929 et
1312 1902 1423 1938 quanto
1444 1899 1478 1928 in
1495 1899 1632 1938 periculo

886 1940 961 1981 sim]
985 1940 1233 1972 Pronunciantis
1254 1946 1287 1972 et
1310 1940 1539 1982 interrogantis
1560 1951 1631 1973 esse

887 1991 1002 2026 potest.
1048 1985 1156 2015 Nescis
1170 1995 1227 2024 quo
1242 1986 1274 2015 in
1289 1983 1386 2024 metu]
1403 1984 1487 2015 Duae
1501 1990 1629 2025 pertur-

888 2027 1052 2058 bationum
1074 2027 1156 2068 bigae
1177 2035 1270 2058 sunt:
1294 2037 1314 2058 a
1328 2027 1412 2058 malo
1427 2037 1501 2065 una,
1517 2037 1559 2058 ex
1573 2037 1631 2059 cu·

887 2070 964 2111 pitis
979 2070 1088 2101 altera.
1127 2070 1215 2111 Ergo
1229 2081 1249 2101 a
1262 2070 1339 2101 mali
1355 2069 1447 2112 bigis,
1462 2070 1632 2112 praesentis

889 2113 1041 2155 temporis
1056 2112 1235 2155 periculum
1246 2123 1316 2144 esse
1329 2113 1477 2151 dicimus,
1488 2120 1520 2144 et
1531 2112 1632 2146 futuri

888 2164 1019 2188 metum.
1064 2158 1172 2187 Nescis
1185 2168 1242 2197 quo
1264 2158 1296 2187 in
1310 2156 1406 2197 metu]
1431 2155 1630 2189 Pronuncia-

888 2199 954 2230 tive
970 2198 1071 2240 magis
1085 2210 1180 2240 quam
1199 2199 1419 2241 percontative
1435 2199 1632 2232 efferendum

888 2249 957 2274 est:
988 2242 1034 2274 sic
1056 2242 1142 2274 enim
1165 2243 1305 2274 solemus
1326 2242 1366 2274 de
1388 2242 1513 2284 magnis
1534 2244 1631 2275 rebus

888 2286 1004 2317 dicere.
1049 2287 1158 2317 Nescis
1179 2297 1236 2327 quo
1257 2288 1290 2316 in
1311 2291 1399 2323 metu,
1422 2292 1452 2317 et
1466 2292 1578 2327 quanto
1597 2288 1632 2318 in

883 2331 1019 2370 periculo
1033 2328 1106 2369 sim]
1124 2329 1190 2360 Vix
1203 2329 1339 2360 alterum
1354 2329 1504 2360 sustineri
1525 2335 1632 2371 potent

888 2383 1008 2409 eorum,
1019 2382 1090 2413 quae
1103 2379 1237 2412 utraque
1253 2372 1360 2414 posuit
1375 2383 1470 2409 nunc,
1481 2378 1631 2405 etmetum

888 2422 920 2447 et
944 2418 1120 2456 periculum.
1164 2415 1318 2450 D.—Quo
1344 2417 1376 2446 in
1400 2414 1496 2456 metu]
1525 2416 1631 2448 Omne

887 2459 1006 2490 malum
1022 2459 1086 2490 duo
1101 2459 1197 2490 habet
1212 2465 1365 2499 tempora,
1383 2458 1582 2500 praeteritum
1597 2466 1631 2491 et

887 2502 1039 2533 futurum.
1079 2501 1280 2533 Praeteritum
1293 2512 1367 2532 vero
1379 2501 1473 2533 simul
1482 2502 1632 2543 jungitur

888 2552 921 2576 et
931 2545 1092 2587 praesenti.
1129 2545 1180 2576 Ita
1191 2545 1225 2575 in
1241 2545 1392 2587 praesenti
1406 2545 1455 2576 vel
1466 2545 1631 2587 praeterito

888 2589 1026 2619 malum:
1064 2588 1099 2619 in
1125 2588 1232 2619 futuro
1256 2597 1360 2619 metus
1385 2595 1444 2619 est.
1490 2588 1631 2630 Magnus

889 2631 987 2673 igitur
1002 2631 1165 2663 confessus
1180 2631 1270 2662 dolor
1286 2631 1448 2672 (Magnum
1468 2633 1490 2663 i.
1506 2643 1531 2663 c.
1547 2634 1634 2673 alato-⁴⁴

888 2686 951 2706 rem
982 2675 1036 2714 Z.)
1064 2682 1123 2711 est,
1146 2685 1219 2705 cum
1243 2674 1342 2705 dixit:
1381 2676 1490 2706 Nescis
1515 2687 1572 2716 quo
1598 2678 1631 2707 in

889 2723 978 2755 metu,
994 2723 1024 2749 et
1039 2723 1149 2758 quanto
1163 2720 1195 2748 in
1207 2719 1342 2757 periculo
1354 2719 1420 2748 sim.
1458 2718 1553 2754 Quod
1564 2718 1629 2750 uti-

888 2771 950 2801 que
977 2760 1115 2800 junctim
1141 2770 1329 2802 expressum
1352 2767 1402 2792 est
1423 2760 1457 2792 in
1480 2761 1629 2803 Virgilio,

889 2804 965 2834 AEn.
979 2803 1000 2834 i.
1021 2804 1091 2834 106.
1117 2805 1207 2834 Talia
1219 2803 1358 2844 jactanti
1378 2806 1509 2836 stridens
1526 2807 1627 2847 Aqui-

888 2849 952 2878 lone
971 2848 1103 2887 procella
1123 2847 1226 2878 Velum
1240 2849 1366 2878 adversa
1378 2846 1468 2888 jerit,
1488 2848 1548 2880 boc
1562 2849 1627 2880 uti-

888 2900 950 2930 que
972 2889 1149 2931 periculum
1164 2891 1379 2931 z—fluctusque
1393 2892 1436 2922 ad
1453 2893 1555 2924 sidera
1569 2895 1627 2924 tol-

890 2935 936 2971 lit,
951 2932 1003 2963 hic
1018 2940 1123 2964 metus
1138 2939 1196 2964 est.
1226 2933 1266 2964 E.

933 2977 962 3007 8.
982 2975 1064 3011 Quid
1079 2978 1158 3008 istuc
1171 2981 1218 3008 est
1227 2975 1262 3018 t]
1286 2976 1351 3008 Fac
1371 2976 1457 3009 huuc
1471 2977 1572 3010 scire:
1596 2985 1629 3010 et

891 3019 1042 3052 narrandi
1057 3029 1122 3052 non
1137 3019 1199 3052 erit
1217 3019 1315 3060 locus,
1331 3021 1511 3054 necessario
1531 3021 1631 3065 igitur
