1852 3216
131 175 271 204 scsNA
294 161 362 216 11.]

690 157 1110 200 EUNUCHUS.

1589 162 1669 204 143

187 250 277 291 Tu.
302 247 447 298 Nihil;
479 262 576 289 nam
597 247 798 302 quaesivi:
830 261 944 289 nunc
963 261 1049 302 ego
1065 262 1174 298 eam,
1197 249 1253 289 mi
1275 247 1494 299 Phaedria,

131 323 171 353 65
190 314 343 357 Multae
365 321 466 355 sunt
485 328 642 363 causae,
664 313 942 367 quamobrem
962 313 1132 367 cupiam
1149 313 1382 355 abducere.

189 380 394 429 Primum,
416 379 534 434 quod
556 393 679 419 soror
699 386 768 420 est
786 378 924 420 dicta:
957 385 1184 432 praeterea,
1206 385 1255 419 ut
1276 378 1364 419 suis

188 444 434 486 Restituam
454 459 504 485 ac
524 443 729 485 reddam:
762 442 852 485 sola
869 457 990 484 sum:
1023 442 1166 484 habeo
1184 442 1255 484 hie
1276 443 1501 492 neminem,

186 508 346 564 Neque
368 509 565 558 amicum,
588 522 729 562 neque
750 514 1002 563 cognatum3
1034 508 1327 562 quamobrem,
1351 507 1571 556 Phaedria,

189 574 330 628 Cupio
350 573 516 628 aliquos
535 587 688 628 parere
709 573 867 614 amicos
887 571 1099 614 beneficio
1118 587 1228 614 meo.

133 646 174 679 70
198 638 265 687 Id,
282 639 450 687 amabo,
472 638 623 692 adjuta
641 652 724 687 me,
745 652 832 692 quo
851 637 897 678 id
916 636 993 678 fiat
1013 635 1194 678 facilius.

191 703 292 744 Sine
314 702 430 744 illum
450 702 615 757 priores
635 709 782 757 partes
803 701 934 743 hosce
956 700 1119 756 aliquot
1139 701 1231 743 dies

132 827 170 858 lit
198 826 355 868 virginem
380 827 465 858 dono
491 825 567 856 dare
595 825 708 866 (Varia
737 825 805 857 haec
832 826 879 856 le-

132 876 262 910 guntur.
314 870 435 901 Sensus
462 868 588 899 videtur
615 878 685 899 esse
712 868 782 899 hic:
815 880 881 899 eum

135 911 308 953 [militem]
327 915 402 943 dono
416 913 491 942 dare
506 913 662 951 virginem,
679 922 768 951 quam
790 916 880 947 amet,

133 961 164 985 ee
183 954 293 996 [dare]
310 957 393 986 nolit.
434 953 506 985 Nisi
522 953 549 984 si
565 953 700 984 fortasse
715 956 790 984 nolit
811 953 882 984 ἀντὶ

133 999 192 1029 τοῦ
220 1000 308 1028 eolat.
347 998 424 1034 Aut,
446 999 484 1034 ei,
516 1007 605 1036 quam
629 1002 709 1027 amet
734 1002 765 1027 et
792 998 880 1032 colat,

133 1052 281 1114 1’,εξεεεξεε
302 1039 496 1118 Ἀξξξξ·
512 1038 880 1122 ..Em'tzzz‘zizzzffl

134 1126 220 1157 modi
237 1135 296 1168 per
311 1125 456 1165 ἔλλειψιν
470 1134 570 1156 suam.
601 1125 643 1155 D.

177 1169 229 1199 64.
253 1170 368 1199 Nihil?
389 1180 459 1199 nam
561 1169 619 1202 ’νὴ
642 1178 721 1198 nunc
735 1178 790 1208 ego
804 1178 879 1204 eam,

133 1214 175 1242 na·
190 1210 354 1251 Phaedn'a]
371 1211 504 1253 Optime
522 1210 674 1252 purgavit
695 1210 880 1248 Terentius,

134 1254 220 1295 quod
235 1265 311 1285 mox
325 1254 513 1285 liberalibus
528 1253 653 1294 nuptiis
667 1253 773 1284 fuerat
787 1253 880 1284 obfu-

135 1304 254 1334 turum,
266 1297 293 1328 si
307 1297 452 1328 vitiatam
465 1296 625 1337 virg-inem
637 1296 771 1327 duceret
786 1296 880 1327 Chaz-

134 1350 199 1371 rea.
235 1340 428 1371 Necessario
437 1349 515 1380 ergo
524 1339 718 1376 defenditur,
729 1345 881 1379 tanquam

136 1393 208 1423 que
222 1383 357 1414 honeste
373 1388 514 1423 nuptura
529 1389 588 1412 est.
622 1381 664 1412 D.

180 1426 230 1456 65.
255 1427 365 1456 Μαλέα
374 1430 445 1455 sunt
453 1423 569 1464 eausae]
586 1424 662 1454 Non
674 1423 884 1464 indiligenter

135 1468 423 1499 consideraverunt
448 1467 531 1498 hanc
558 1466 737 1497 meretricis
763 1466 881 1498 oratio—

136 1521 222 1548 nem,
238 1511 294 1551 qui
312 1510 400 1541 illam
424 1510 527 1541 instar
541 1509 769 1540 controversiae
791 1515 881 1540 retu-

135 1553 254 1584 lerunt.
294 1554 380 1584 Nam
400 1559 432 1583 et
453 1551 652 1594 principium
674 1557 733 1589 est,
749 1553 803 1583 Me
823 1555 881 1582 mi-

134 1607 243 1634 serant,
259 1606 361 1627 vereor
374 1606 411 1626 ne
426 1597 506 1625 illud
514 1597 642 1635 gravius
663 1594 810 1625 Phaedria
830 1600 881 1625 tu-

136 1641 216 1670 len‘t.
255 1639 300 1670 Et
315 1637 466 1675 narratio,
483 1639 587 1668 Samia
603 1639 678 1668 mihi
699 1637 881 1677 materfia't.

137 1681 183 1712 Et
197 1681 330 1723 partitio
344 1691 419 1712 cum
433 1679 696 1712 confirmatione:
720 1686 767 1717 ut,
790 1682 884 1711 Nunc

136 1735 192 1765 ego
212 1735 287 1761 ean,
311 1726 352 1754 ιιι·
373 1725 529 1760 Ρὶιαάνία,
553 1725 656 1754 mltae
679 1728 750 1754 sunt
773 1734 882 1760 causae,

137 1769 326 1807 quamobrem
349 1769 436 1806 cupio
457 1768 627 1797 abducere.-
654 1768 786 1805 primum
806 1767 886 1806 quod

137 1821 221 1840 soror
242 1815 289 1840 est
313 1811 406 1845 dicta,
427 1814 462 1839 et
483 1815 610 1839 caetera.
660 1808 885 1849 Reprehensio

137 1862 275 1893 quoque,
291 1854 394 1892 Egone
411 1853 445 1882 id
459 1853 546 1882 timeo
558 1854 575 1881 ?
597 1856 639 1888 et,
659 1852 763 1891 Egone
775 1862 833 1882 non
847 1862 885 1882 επ

137 1897 238 1926 animo
252 1897 361 1925 misera
377 1897 444 1925 dico
453 1897 469 1924 ,7
502 1894 547 1925 Et
557 1893 722 1924 conclusio
735 1903 795 1934 per
805 1903 883 1924 con—

137 1938 361 1978 questionem:
385 1943 431 1974 ut‚
457 1936 554 1971 Quam
567 1936 640 1976 joco
653 1947 716 1967 rem
730 1938 852 1967 voluisti
865 1947 885 1966 a

137 1991 185 2011 ne
196 1982 325 2017 tandem,
336 1982 408 2020 quin
413 1978 579 2020 perfeceris
590 1982 607 2009 2
642 1980 711 2020 Ego
722 1981 886 2018 impetrare

138 2034 232 2064 neque
242 2026 296 2054 hoc
310 2025 366 2054 abs
381 2029 420 2060 te,
434 2024 555 2053 biduum
570 2024 677 2053 saltem
693 2027 728 2052 ut
741 2024 885 2052 concedas

137 2068 242 2097 solun.
283 2068 478 2100 Quamobrem
491 2068 577 2106 cupio
591 2064 759 2105 abducere]
776 2058 885 2095 Etiam

138 2109 200 2140 hoc
229 2110 329 2140 verbo
357 2109 559 2150 gratificatur
596 2107 771 2138 Phaedriae:
819 2117 885 2138 non

139 2152 227 2183 enim
241 2154 388 2193 accipere,
404 2158 441 2183 ut
455 2151 495 2182 ab
510 2151 614 2182 amico
637 2157 884 2182 remunerante:

139 2195 197 2226 sed
212 2197 369 2232 abducere,
387 2201 423 2226 ut
437 2195 478 2225 ab
493 2193 602 2231 stulto,
619 2200 653 2224 et
667 2200 810 2235 experte.
843 2193 885 2224 D.

138 2238 272 2269 —Petit
286 2248 399 2269 rursus
415 2236 607 2273 Phaedriam,
624 2243 660 2267 ut
674 2247 796 2278 paucos
817 2236 887 2267 dies

139 2280 203 2312 sibi
213 2281 405 2318 commodet,
417 2280 533 2321 quibus
544 2279 634 2321 prior
645 2279 732 2321 apud
743 2289 778 2310 se
793 2279 887 2310 miles

140 2333 211 2355 csse
220 2323 331 2365 possit.
372 2323 463 2354 Dicit
476 2333 599 2359 causas,
616 2325 695 2363 quod
708 2333 792 2353 soror
802 2324 888 2353 dicta

140 2372 196 2404 est,
211 2369 291 2407 quod
306 2368 379 2397 velit
395 2377 511 2406 parare
532 2368 642 2396 amcos
665 2367 803 2404 beneficio
823 2376 885 2396 suo.

141 2409 359 2450 Sedposthaec
368 2409 471 2440 iratus
482 2408 669 2440 adolescens
680 2408 766 2439 redit
777 2407 818 2438 ad
832 2418 885 2438 ac-

141 2452 341 2483 cusationem
346 2452 565 2488 vehementer,
574 2462 638 2492 quo
644 2461 716 2482 eam
722 2450 887 2482 declarare

141 2494 246 2535 possit
265 2494 445 2536 ingratamz
473 2503 668 2526 enumerans
691 2504 763 2535 quae
786 2494 885 2524 bene-

143 2536 218 2567 ficia
242 2546 311 2574 sua,
334 2537 386 2568 vel
413 2547 485 2578 quae
509 2536 707 2579 prestita-it,
735 2535 788 2567 vel
815 2547 887 2577 quae

141 2579 315 2620 paraverit.
353 2580 480 2616 Quibus
501 2579 759 2611 accusationibus
780 2589 884 2610 mere-

143 2621 210 2652 trix
231 2621 326 2658 victa,
349 2632 413 2663 quo
438 2622 563 2653 fincilius
588 2621 785 2653 adolescenti
811 2632 886 2663 per·

143 2663 280 2695 suadere
299 2664 412 2706 possit,
433 2665 519 2705 quod
540 2671 636 2696 antea
656 2664 886 2706 postulaverat,

143 2706 224 2738 dicit
237 2717 273 2737 se
288 2707 319 2737 ei
333 2707 375 2738 ad
390 2717 519 2738 omnem
530 2707 729 2748 voluptatem
744 2717 886 2738 commo-

143 2749 221 2780 dare
235 2759 438 2785 consensum,
454 2759 496 2780 ne
511 2759 585 2780 eum
607 2749 715 2790 aliquo
736 2749 886 2781 offendat.

144 2792 253 2827 Quare
272 2791 376 2823 victus
391 2791 578 2823 adolescens
591 2792 701 2823 omnia
721 2802 766 2830 se,
781 2802 886 2823 mere-

144 2834 211 2866 trix
225 2844 297 2875 quae
310 2834 418 2871 vellet,
435 2834 595 2883 facturum
616 2844 687 2883 esse
708 2834 886 2883 promittit:

145 2884 179 2908 et
199 2883 320 2914 monet,
336 2884 373 2908 ut
394 2886 582 2908 memoriam
603 2887 655 2908 sm
676 2887 818 2908 nominis
839 2884 888 2909 te-

145 2927 232 2957 neat,
246 2922 265 2941 ’
279 2919 431 2960 quiequid
448 2919 617 2951 insciderit
626 2920 776 2958 (barbare
786 2920 888 2962 scrip-

146 2970 226 3000 tum,
241 2973 310 3004 pro,
327 2964 506 3002 ineiderit).·
530 2969 563 2994 et
585 2962 631 2993 ita
652 2972 762 2994 secum
783 2962 887 3003 loqui-

925 832 979 857 tur
1002 825 1172 866 (restituoz
1200 828 1246 857 ita
1276 828 1370 857 Thais
1391 837 1489 857 secum
1515 825 1676 867 loquitur),

924 868 1010 908 quod
1031 869 1241 900 vehementer
1263 868 1377 910 diligat
1400 869 1592 906 Pbaedriam,
1616 879 1675 900 ne-

924 921 987 951 que
1004 911 1126 951 aliquid
1138 911 1255 942 callide
1270 911 1394 948 fecerit,
1411 912 1469 943 sed
1483 918 1600 943 cuncta
1621 922 1674 943 ra-

926 953 1015 984 tione
1052 953 1231 1002 complerit.
1280 954 1516 986 E.—Donatus
1553 961 1587 986 et
1622 964 1675 985 re·

925 1002 1037 1026 centes
1058 995 1131 1026 libri
1155 998 1251 1036 cupio,
1267 997 1325 1027 sed
1346 997 1497 1028 meliores
1519 997 1621 1028 nostri
1643 1003 1678 1028 et

929 1038 1048 1069 Faerni
1063 1045 1152 1069 recte
1166 1039 1288 1069 habent
1303 1042 1432 1079 cupiam.
1464 1040 1502 1070 B.

969 1081 1020 1113 67.
1051 1082 1093 1112 Ut
1113 1083 1178 1112 suis
1198 1083 1368 1118 restituam,
1385 1093 1422 1112 ac
1443 1082 1586 1122 reddam]
1610 1084 1673 1113 Re-

924 1126 1082 1154 stituimur
1105 1124 1309 1164 (restituimus
1335 1125 1399 1155 Ms.
1422 1125 1546 1155 Boend.
1570 1131 1603 1156 et
1624 1125 1675 1156 ed.

925 1166 990 1197 Du.
1008 1166 1063 1205 B.)
1086 1166 1136 1203 iis,
1154 1167 1271 1207 quibus
1294 1177 1354 1198 nos
1375 1167 1543 1198 volumus:
1571 1169 1676 1199 reddi-

923 1221 991 1240 mur
1009 1210 1187 1250 (reddimus,
1203 1209 1298 1250 ibid.)
1322 1210 1373 1247 iis,
1389 1210 1445 1251 qui
1466 1220 1527 1241 nos
1551 1210 1675 1241 volunt.

925 1252 1016 1293 Ergo
1058 1252 1262 1284 restituimus
1308 1253 1472 1284 volentem
1518 1253 1675 1293 (volentes,

924 1295 1031 1334 ibid.),
1053 1295 1220 1326 reddimus
1242 1295 1435 1327 volentibus.
1474 1296 1538 1327 Sed
1557 1296 1592 1327 in
1615 1296 1675 1327 hac

925 1344 1098 1377 utrumque
1114 1344 1172 1369 est.
1211 1340 1282 1369 Sola
1296 1350 1362 1369 eum
1374 1350 1384 1367 .·
1411 1340 1506 1369 habeo
1520 1341 1570 1370 hic
1581 1341 1675 1370 nemi-

926 1380 1009 1421 nem]
1033 1382 1103 1411 Sola
1132 1392 1208 1418 sum,
1237 1381 1279 1412 ad
1305 1381 1514 1412 familiarium
1537 1381 1678 1412 refertur

926 1423 1116 1454 absentiam.
1154 1425 1263 1455 Habeo
1283 1426 1334 1454 Ιιὶι·
1355 1426 1511 1461 neminem,
1532 1424 1574 1455 ad
1594 1424 1673 1455 alie—

927 1476 1044 1497 norum
1059 1466 1245 1498 amicitiam.
1284 1466 1398 1498 Potest
1418 1466 1506 1498 enim
1527 1467 1596 1498 sola
1617 1467 1676 1498 do·

925 1508 970 1539 mi
987 1518 1068 1545 esse,
1083 1509 1204 1540 habere
1219 1515 1328 1540 tamen
1343 1509 1484 1550 aliquem
1499 1509 1587 1541 foris.
1620 1510 1676 1548 Et,

924 1553 1019 1582 habeo
1046 1553 1096 1582 hic
1129 1554 1284 1590 neminem,
1322 1551 1396 1593 plus
1434 1558 1538 1590 sonat,
1568 1563 1676 1593 quam,

924 1596 1070 1625 neminem
1091 1596 1141 1625 hic
1162 1596 1265 1625 habeo.
1304 1594 1359 1632 Et,
1383 1596 1448 1626 sola
1468 1606 1543 1632 sunt,
1569 1596 1610 1626 ab
1635 1595 1677 1626 iis

924 1647 1005 1677 quos
1018 1643 1134 1668 natura
1145 1637 1297 1668 conciliat
1308 1647 1368 1678 per
1378 1647 1423 1668 se.
1458 1639 1567 1669 Habeo
1581 1641 1676 1669 nemi-

927 1691 1002 1753 nfimu,
1041 1689 1154 1710 eorum
1190 1679 1247 1720 qui
1283 1679 1450 1712 voluntate
1482 1682 1676 1722 Junguntur.

971 1766 1022 1796 68.
1032 1766 1140 1806 Neque
1154 1765 1300 1806 amicum]
1315 1766 1406 1796 Bene
1418 1766 1480 1797 hoc
1491 1766 1579 1808 apud
1587 1777 1676 1798 ama-

928 1814 1031 1839 torem
1043 1820 1050 1838 :
1076 1808 1151 1848 quia
1163 1817 1213 1839 est
1221 1808 1310 1839 aliud
1318 1815 1445 1845 amator,
1454 1808 1543 1840 aliud
1551 1812 1676 1840 wicus.

926 1853 1065 1887 Amator,
1081 1850 1135 1891 qui
1158 1850 1199 1881 ad
1221 1858 1359 1892 tempus,
1382 1854 1506 1888 anticus,
1521 1851 1577 1892 qui
1598 1862 1674 1893 per—

927 1899 1027 1934 petuo
1041 1899 1136 1924 amat.
1175 1894 1230 1924 An
1245 1893 1320 1933 quia
1335 1893 1369 1924 in
1393 1894 1495 1934 patris
1516 1900 1677 1935 potestate

928 1942 978 1966 est
1005 1935 1178 1966 Phaedria?
1214 1935 1421 1973 Quamobrem,
1445 1936 1610 1978 Phaearia]
1636 1937 1677 1969 In

928 1978 1119 2009 necessariis
1130 1978 1227 2018 (forte
1241 1978 1303 2019 leg.
1321 1981 1355 2010 in
1371 1981 1461 2010 rebus
1475 1982 1576 2011 seriis.
1610 1980 1675 2012 Ms-

930 2021 1051 2052 Boend.
1070 2027 1103 2051 et
1118 2020 1189 2051 edd.
1207 2027 1284 2052 vett.
1307 2033 1344 2053 ne
1358 2024 1392 2052 in
1409 2024 1589 2054 necesariis
1608 2025 1675 2054 ino-

924 2075 993 2103 pem
1015 2066 1170 2095 videretur
1190 2066 1223 2094 t'n
1248 2067 1428 2096 necessariis
1449 2067 1600 2105 interponi
1619 2077 1679 2097 non

930 2109 1000 2137 licet
1028 2108 1183 2138 audientis
1211 2107 1332 2146 nonen)
1362 2107 1528 2149 interponi
1557 2118 1678 2140 nomen

929 2149 1006 2180 licet
1035 2149 1207 2180 audientis.
1246 2149 1419 2181 D.—Cum
1448 2150 1559 2182 statim
1580 2161 1679 2183 versu

929 2192 1080 2234 proximo
1094 2199 1242 2223 occurrat
1256 2194 1376 2230 amicos,
1391 2192 1445 2223 hic
1467 2203 1528 2234 pro
1548 2196 1678 2225 anien-

929 2235 1102 2276 legendum
1126 2245 1197 2266 esse
1217 2245 1336 2266 censeo
1356 2241 1468 2273 notum,
1486 2242 1524 2266 ut
1545 2236 1677 2268 Phorm.

930 2278 951 2309 i.
969 2279 998 2308 2.
1015 2279 1067 2309 48.
1105 2278 1143 2308 B.

974 2321 1026 2352 69.
1051 2323 1146 2361 Cupio
1160 2322 1277 2362 aliquos
1288 2332 1403 2361 parare
1414 2323 1525 2352 amicos
1653 2324 1662 2331 ‘

929 2363 1010 2405 meo]
1037 2364 1103 2395 Hic
1125 2363 1268 2395 ostendit
1288 2363 1482 2405 specialiter,
1498 2365 1679 2404 cujusmodi

929 2406 1050 2480 atpiicos
1065 2412 1197 2480 quaejat,
1214 2417 1256 2438 ne
1272 2406 1422 2458 Phaedna.
1392 2406 1399 2412 ”
1423 2414 1680 2492 wama}

931 2460 963 2481 n
987 2457 1088 2481 eatur.
1162 2461 1253 2481 arare
1289 2461 1401 2480 amicos
1595 2461 1660 2482 nco

929 2492 1015 2528 Quia
1025 2498 1182 2534 parantur
1190 2498 1224 2523 et
1238 2502 1298 2524 suo
1314 2492 1437 2531 (alieno,
1447 2492 1519 2523 edd.
1529 2493 1680 2534 Venett.)

930 2535 988 2566 sed
1002 2536 1111 2566 minus
1126 2535 1274 2576 diligunt.
1306 2535 1546 2567 D.—Donatus
1560 2542 1594 2568 et
1607 2547 1679 2568 om—

931 2589 989 2609 nes
1017 2578 1109 2609 codd.
1132 2578 1254 2609 habent
1271 2586 1396 2618 parare,
1418 2578 1486 2615 sed,
1502 2588 1545 2609 ne
1566 2588 1680 2611 veram

930 2621 1136 2662 impediatur,
1158 2620 1420 2661 amplectendum
1450 2627 1500 2651 est
1526 2621 1681 2653 Bembini

930 2664 999 2695 cod.
1013 2675 1134 2704 parere.
1171 2664 1335 2694 Caeterum
1351 2664 1489 2702 beneficio
1502 2674 1566 2695 neo
1578 2674 1678 2706 spon-

931 2706 984 2738 dei
1000 2714 1033 2737 et
1048 2706 1167 2747 dactyli
1180 2705 1321 2747 spatium
1337 2705 1526 2738 metiuntur.
1557 2706 1595 2738 B.

975 2749 1026 2782 70.
1051 2750 1092 2779 Id
1109 2750 1216 2779 amabo
1236 2748 1347 2788 adjuta
1365 2759 1422 2786 ne,
1436 2749 1678 2790 quidfiatsaa

931 2790 1038 2832 cilius]
1058 2790 1223 2831 Παρέλκον
1235 2801 1245 2821 =
1276 2790 1327 2822 bis
1347 2792 1383 2822 id
1402 2790 1521 2832 posuit.
1557 2792 1680 2832 Aeh‘uta

931 2834 994 2875 me]
1014 2834 1101 2865 Mira
1116 2832 1250 2870 coactio,
1265 2843 1326 2875 pro
1339 2839 1452 2876 patere
1467 2833 1606 2872 excludi,
1621 2838 1679 2867 ad-

923 2877 1001 2916 juta
1015 2888 1070 2913 me,
1086 2875 1178 2907 dixit.
1212 2876 1254 2907 D.

977 2920 1028 2952 71.
1052 2921 1124 2950 Sine
1137 2917 1242 2960 ium]
1259 2918 1384 2951 Blande
1402 2921 1468 2951 sim
1492 2921 1590 2958 illan,
1607 2927 1679 2952 tan*

934 2972 1028 3002 quam
1045 2961 1079 2993 in
1095 2971 1194 2993 manu
1208 2963 1279 3002 ejus
1292 2962 1336 2994 sit
1350 2962 1502 3002 injuriam
1518 2972 1583 2995 non
1599 2963 1678 3005 pati,
