1910 3216
22 2898 28 2933 ,ζ
77 2907 207 2942 grotum
236 2899 277 2929 ad
302 2899 480 2928 deteriorem

418 129 603 167 INDEX
635 127 962 165 VERBORUM
996 130 1066 166 ET
1097 129 1423 166 PHRASIUM.

1747 136 1789 166 31

96 209 298 251 desideri-m]
338 209 430 241 Scias
460 211 630 247 desiderio
644 211 771 240 teo-iores
794 218 908 240 omnes
928 219 1041 241 sumus
1061 210 1203 242 licentia.
1242 210 1384 242 Heaut·
1375 210 1421 242 iii.
1435 211 1465 248 3,
1479 211 1530 241 31.
1561 211 1606 242 Ut
1621 210 1797 251 tequidem

55 252 182 326 ildafleri
205 259 270 284 tuo.
317 253 438 284 aeaut.
460 253 494 283 ii.
512 254 541 289 3,
559 251 630 283 66.

134 305 252 336 magno
273 297 423 327 desidem
444 295 551 326 fuitei
573 294 612 325 fi·
627 304 631 340 ¹

627 252 770 303 Heaut.
787 250 834 281 iii.
854 252 882 288 1,
899 251 950 284 74.

689 292 843 334 deterreo]
881 294 930 326 Te
960 301 997 326 ut
1026 297 1203 327 deterream.

56 337 129 369 lius.
166 338 309 369 Heaut.
300 348 342 369 ιν.
360 339 390 375 5,
406 339 436 369 5.
453 338 528 368 vide
543 338 611 368 No-
649 335 909 373 Heaut.1.1,27.
939 337 1021 368 Cum
1034 338 1203 380 placo,ad-

59 387 116 411 tas.
148 380 197 411 Te
212 382 394 412 desiderium
411 380 613 411 Athenarum

56 422 195 454 arbitror
230 423 366 465 cepisse.
407 423 488 454 nec.
523 422 544 453 i.
583 423 613 459 2,

102 507 256 549 desidero]
276 508 333 539 Me
348 510 510 540 desideres.
528 508 614 539 Eun.

59 549 79 581 i.
94 551 124 588 2,
137 551 208 581 113.
239 551 370 586 Quanto
382 551 504 582 diutius
514 551 614 587 abest,

60 599 151 624 tanto
162 593 264 634 mag-is
273 595 418 624 desidero.
439 594 558 624 Heaut.
568 593 614 624 iii.

62 637 90 672 1,
115 636 163 667 16.
211 636 339 667 Nostin'
363 636 419 677 qui
439 636 526 667 sim?
562 636 615 666 ΖΕ.

61 678 137 709 Non
164 680 309 710 desidero.
350 679 411 710 Ad.
442 678 476 709 ii.
509 680 536 715 l,
565 680 615 709 23.

60 720 281 752 Vehementer
295 723 442 752 desidero.
468 721 551 752 Hec.
569 721 615 752 iii.

61 764 92 801 5,
110 765 161 794 38.

103 805 245 847 designo]
267 806 368 838 Modo
383 806 460 847 quid
473 808 615 847 designa-

59 850 104 879 vit
116 851 132 879 ?
155 849 218 879 Ad.
235 849 255 879 i.
274 850 303 885 2,
321 851 349 880 8.

103 891 224 932 desino]
247 893 399 922 Desinant
414 891 616 922 maledicere.

62 934 149 965 And.
168 934 252 965 Prol.
270 935 321 965 23.
362 934 443 965 11ωο
459 934 616 965 sollicitu-

60 976 103 1007 do
125 976 243 1007 deinde
266 979 391 1008 desinet.
422 976 507 1007 And.
532 976 566 1007 ii.
587 976 618 1012 6,

65 1020 113 1049 10.
161 1019 214 1050 Α1ι
235 1021 347 1051 desine.
373 1019 457 1050 And.
482 1029 510 1050 v.
534 1019 564 1055 6,
588 1020 618 1049 8.

63 1063 195 1093 Desinat
218 1062 385 1093 lacessere.
421 1062 506 1092 Eun.
534 1061 618 1092 Prol.

64 1105 113 1135 16.
131 1104 241 1135 Ilicet:
255 1107 366 1136 desine.
383 1105 467 1135 Eun.
478 1104 511 1135 ii.
524 1105 554 1141 3,
568 1104 618 1134 56.

63 1147 188 1178 Mulier
216 1147 313 1179 telam
343 1149 465 1179 desinit.
498 1147 620 1178 fleant.

62 1189 95 1220 ii.
114 1191 143 1227 3,
161 1190 213 1220 64.
236 1190 310 1221 vide
326 1190 439 1221 Notas.
483 1190 551 1221 Aut
566 1191 618 1220 de-

62 1235 137 1269 sine,
162 1239 219 1264 aut
244 1233 325 1264 cedo
352 1233 500 1273 quemvis
533 1232 618 1263 arbi-

64 1281 160 1306 trum.
185 1276 246 1306 Ad.
270 1276 291 1306 i.
312 1277 343 1312 2,
366 1277 419 1306 43.
459 1274 566 1306 Potin’
585 1283 621 1306 ut

63 1319 210 1349 desinas?
242 1318 303 1349 Ad.
325 1319 368 1349 iv.
396 1320 423 1355 1,
450 1319 501 1349 23.
545 1318 620 1349 Jam

61 1362 129 1401 jam
145 1363 257 1392 desino.
285 1362 347 1392 Ad.
365 1372 394 1392 v.
412 1363 442 1398 3,
460 1362 511 1393 67.
550 1361 622 1391 Tua

64 1404 150 1444 quod
166 1403 213 1434 nil
225 1404 334 1441 refert,
342 1403 527 1445 percontari
539 1405 619 1434 desi-

65 1458 130 1477 nas.
165 1446 248 1478 Hec.
274 1457 303 1478 v.
329 1449 358 1483 3,
386 1448 434 1477 12.
479 1448 621 1477 Desinas.

66 1489 197 1520 Phorm.
222 1489 243 1520 i.
266 1491 295 1527 2,
321 1490 368 1521 19.
414 1489 487 1520 Ohe
509 1491 621 1520 desine.

67 1532 198 1563 Phorm.
213 1532 246 1563 ii.
264 1534 294 1570 3,
311 1534 362 1563 30.

110 1574 239 1616 desisto]
280 1576 466 1616 Numquam
503 1576 623 1605 desistit

67 1617 198 1648 instare.
227 1618 313 1649 And.
336 1618 378 1648 iv.
399 1619 426 1655 l,
451 1618 501 1648 36.
549 1617 623 1647 Hoc

66 1661 290 1702 percontarier
303 1662 423 1691 desiste.
454 1661 538 1691 Hec.
554 1659 575 1690 i.
594 1661 623 1697 2,

68 1705 120 1733 30.
171 1705 311 1734 Desistat
340 1703 461 1734 litibus.
494 1703 624 1734 Phorm.

67 1746 110 1777 iv.
128 1747 158 1783 3,
176 1747 227 1777 29.

110 1788 300 1829 despicatus]
334 1789 404 1819 Nos
419 1794 626 1828 nostramque

68 1831 321 1862 adulescentiam
344 1832 465 1862 habent
486 1833 624 1871 despica-

69 1880 112 1905 tu.
139 1874 223 1905 Eun.
240 1874 273 1905 ii.
292 1876 321 1911 3,
339 1875 390 1905 92.
421 1874 494 1905 vide
512 1874 625 1904 Notas.

111 1916 260 1957 despolt‘o]
313 1918 422 1958 Ipsam
459 1918 627 1956 despoliare

69 1970 135 1991 non
151 1959 250 1990 lubet.
274 1960 360 1991 And.
377 1960 419 1990 iv.
438 1961 467 1996 5,
483 1961 533 1990 21.

121 2002 305 2043 despondeo]
349 2004 525 2042 Despondi:
575 2001 628 2032 hie

71 2045 196 2087 nuptiis
209 2045 342 2076 dictu'st
356 2045 435 2076 dies.
459 2044 545 2075 And.
562 2044 584 2075 i.
600 2045 627 2082 1,

73 2088 259 2122 75.1ntus
274 2089 517 2128 despondebitur.
541 2087 627 2118 And.

72 2131 218 2168 v.6,16.
245 2131 316 2172 Ego
328 2131 376 2162 illi
392 2140 497 2171 neque
513 2130 555 2161 do
571 2140 628 2160 ne-

72 2185 135 2216 que
146 2175 321 2213 despondeo.
344 2173 407 2205 Cui
419 2173 553 2204 daturus
563 2182 630 2203 non

72 2228 155 2254 sum,
164 2223 202 2248 ut
216 2217 247 2248 ei
261 2218 485 2256 despondeant?
509 2215 629 2246 Heaut-

73 2261 116 2292 iv.
127 2261 157 2297 5,
175 2260 214 2290 31
233 2260 330 2290 et36.
362 2261 630 2299 Desponsamesse

73 2303 182 2334 dicito.
208 2303 328 2333 Heaut.
345 2301 388 2333 iv.
405 2303 435 2339 8,
453 2302 504 2332 26.
548 2301 631 2337 Quis

74 2346 257 2385 despondit?
280 2344 353 2385 quis
367 2344 482 2375 dedit?
506 2343 570 2375 Ad.
587 2343 629 2375 iv.

118 2429 272 2471 desubito]
289 2429 425 2461 Crucior
432 2428 542 2460 bolum
552 2428 630 2460 mihi

75 2480 203 2505 tantum
219 2479 366 2514 ereptum
380 2478 446 2503 tam
461 2473 599 2503 desubito
613 2481 632 2502 e

75 2516 231 2548 faucibus.
257 2515 377 2546 Heaut.
394 2514 436 2545 iv.
454 2516 484 2551 2,
500 2515 530 2545 6.
570 2527 588 2539 x

120 2557 239 2599 demin]
277 2557 378 2593 Quasi
414 2558 494 2588 desit
531 2556 631 2588 locus.

79 2602 200 2633 Heaut.
221 2600 267 2631 iii.
294 2601 324 2637 3,
350 2600 401 2631 26.
446 2601 576 2630 Deerit.-
599 2599 633 2630 id

77 2655 150 2676 mea
158 2643 293 2674 minime
301 2642 409 2674 refert.
427 2641 489 2673 Ad.
499 2652 530 2673 v.
541 2643 572 2679 4,
580 2641 632 2675 27.

78 2688 210 2723 Beatus,
242 2685 275 2716 ni
309 2695 411 2716 unum
446 2684 507 2715 hoc
544 2686 632 2715 desit.

79 2730 209 2761 Pborm.
238 2728 259 2759 i.
284 2729 314 2764 3,
342 2729 392 2758 18.
437 2727 515 2757 Non
539 2726 634 2763 ratio,

77 2783 191 2804 verum
212 2776 381 2812 argentum
397 2770 512 2800 deerat.
536 2769 633 2800 Phor.

77 2815 111 2846 ii.
132 2816 159 2852 1,
177 2815 229 2845 69.

121 2854 271 2896 deterior]
299 2855 413 2897 Ipsum
430 2853 574 2885 animum
590 2863 634 2884 ae-

508 2902 635 2944 partem

79 2943 271 2985 plerumque
304 2939 453 2982 adplicat.
499 2938 584 2970 And.
612 2938 634 2969 i.

81 2987 111 3022 2,
125 2986 176 3016 22.
211 2983 308 3016 Illum
324 2992 395 3014 esse
415 2991 512 3023 quam
533 2983 634 3012 deter-

80 3031 199 3059 rimum.
243 3026 329 3058 And.
357 3024 522 3062 v.1,16.
572 3025 636 3055 De·

647 388 759 410 vorsor
770 379 883 410 sedulo
899 386 932 410 et
943 381 1087 411 deterreo.
1109 381 1171 411 Ad.
1182 380 1204 411 i.

649 423 679 458 2,
710 421 762 452 64.
808 421 843 452 Si
873 421 908 452 in
939 424 1118 454 deterrendo
1148 433 1203 454 vo-

648 463 781 495 luissem
796 474 927 505 operam
941 475 1086 501 sumere;
1103 467 1205 496 deter-

648 509 774 537 ruissent
799 506 903 538 facile.
950 507 1033 539 Hec.
1059 508 1144 539 Prol.
1168 508 1205 541 17

650 555 683 580 et
702 550 750 580 19.
787 549 972 581 Maledictis
988 552 1150 586 deterrere,
1166 561 1207 582 ne

650 591 778 628 scribat,
796 599 897 633 parat.
923 593 1052 624 Phorm.
1074 593 1159 624 Prol.
1176 595 1205 624 3.

694 634 830 675 detineo]
858 637 986 666 Detineo
1001 643 1043 667 te.
1071 636 1155 667 Eun.
1173 636 1206 667 ii.

652 679 681 713 2,
694 678 746 708 49.
780 677 838 708 Pol
854 687 906 708 me
921 680 1054 709 detinuit
1066 679 1206 710 morbus.

652 720 782 751 Phorm.
799 719 841 751 iv.
861 722 888 755 1,
907 722 936 751 8.

693 762 838 803 detraho]
871 762 975 794 'l'uam
1005 770 1127 794 vestem
1155 765 1207 794 de—

652 807 749 835 tra-rit
759 805 817 835 tibi
827 806 840 835 *2
859 806 943 836 Eun.
955 805 997 836 iv.
1008 807 1038 842 4,
1050 807 1101 836 40.
1131 806 1207 837 Soc-

651 857 706 878 cos
729 849 903 879 detrahunt.
935 849 1054 879 Heaut.
1071 848 1092 878 i.
1113 850 1140 885 l,
1157 849 1208 881 72.

654 890 705 920 De
735 889 838 930 digitu
868 890 1036 922 anululum
1073 892 1208 921 detraho.

654 932 775 962 Heaut.
787 932 829 963 iv.
843 933 871 969 1,
882 934 933 963 38.
960 933 1077 973 Neque
1087 935 1208 964 detrac-

653 980 716 1004 tum
732 974 763 1004 ei
776 981 843 1005 tum
859 975 1031 1016 quicquam
1048 982 1105 1006 est.
1126 976 1208 1007 Hec-

653 1016 696 1048 iv.
714 1017 741 1052 1,
759 1018 810 1047 58.

696 1058 925 1100 detrimentum]
958 1060 1010 1090 De
1031 1065 1064 1091 te
1079 1061 1209 1101 quidem

653 1102 819 1143 peccando
849 1104 1024 1133 detrimenti
1057 1103 1103 1134 nil
1141 1103 1211 1134 fieri

654 1150 770 1186 potest.
796 1144 878 1176 Hec.
895 1145 928 1175 ii.
947 1146 974 1182 1,
990 1145 1041 1178 37.

697 1186 836 1227 devenio]
854 1188 995 1231 Tantum
1007 1190 1159 1219 devenisse
1170 1188 1211 1219 ad

654 1240 728 1261 cum
744 1229 830 1260 mali.
857 1230 976 1261 Heaut.
993 1230 1036 1261 iv.
1054 1233 1083 1267 5,
1102 1233 1130 1262 2.

697 1272 876 1314 deverbero]
896 1273 1056 1304 Homines
1070 1275 1210 1305 deverbe-

655 1326 739 1346 rasse
751 1326 852 1356 usque
868 1316 909 1346 ad
924 1326 1048 1347 necem.
1082 1317 1211 1347 Phorm.

655 1357 689 1389 ii.
707 1359 736 1394 2,
756 1359 806 1389 13.

698 1400 932 1441 deverticulum]
959 1401 1024 1432 Ubi
1045 1401 1086 1432 ad
1105 1400 1212 1442 ipsum

656 1443 753 1474 venio
789 1445 1013 1475 deverticulum.
1052 1444 1138 1475 Eun.
1169 1443 1212 1475 iv.

658 1487 687 1523 2,
706 1487 735 1518 7.

700 1528 852 1569 devincto]
891 1528 1055 1570 Conjugio
1089 1528 1214 1559 liberali

658 1573 837 1602 devinctum.
854 1572 939 1602 And.
954 1571 999 1602 iii.
1014 1573 1043 1609 3,
1055 1572 1105 1602 29.
1130 1571 1212 1602 Ani-

658 1624 730 1644 mus
743 1614 798 1644 ubi
814 1614 914 1645 semel
926 1624 961 1645 se
972 1614 1150 1656 cupiditate
1161 1616 1214 1645 de-

659 1658 757 1687 vina-it
779 1657 872 1687 mala.
912 1657 1032 1688 Heaut.
1057 1657 1077 1687 i.
1107 1658 1136 1694 2,
1163 1658 1214 1687 34.

662 1699 735 1730 Hoc
748 1699 906 1730 beneficio
918 1700 1047 1740 utrique
1063 1699 1104 1730 ad
1117 1699 1213 1730 utris·

660 1752 722 1782 que
732 1752 808 1772 vero
820 1744 1021 1773 devineimini.
1047 1742 1167 1773 Heaut.
1181 1742 1214 1772 ii.

660 1786 691 1821 4,
710 1786 759 1815 14.
804 1784 945 1816 Animus
959 1785 1071 1816 uxoris
1088 1784 1213 1815 miseri-

659 1827 769 1858 cordia
788 1829 953 1858 devinctus.
979 1827 1062 1858 Hec.
1078 1827 1099 1858 i.
1117 1829 1147 1865 2,
1164 1828 1215 1858 93.

703 1869 819 1910 devito]
846 1870 881 1900 Si
896 1870 958 1901 hoc
972 1871 1070 1901 detrito
1085 1869 1215 1900 malum.

664 1912 747 1943 And.
765 1912 809 1943 iii.
828 1914 857 1949 5,
874 1914 903 1943 5.
943 1912 1032 1943 Mala
1049 1922 1154 1953 neque
1169 1912 1218 1943 uti

661 1957 788 1986 devitem
800 1954 878 1986 scio.
912 1955 1041 1986 Phorm.
1058 1955 1079 1986 i.
1096 1957 1126 1991 4,
1144 1956 1173 1985 3.

705 1996 862 2038 devortor]
895 1998 968 2039 Ego
990 1997 1068 2029 deos
1089 1996 1219 2039 penatis

663 2040 739 2073 hinc
762 2041 936 2072 salutatum
961 2040 1093 2071 domum
1113 2042 1217 2071 devor-

665 2089 726 2115 tar.
742 2084 873 2115 Phorm.
890 2083 924 2114 ii.
946 2084 973 2120 1,
988 2085 1042 2114 82.

706 2126 797 2167 deas]
814 2126 879 2157 Pro
893 2127 980 2157 deum
996 2125 1103 2157 fidem.
1132 2125 1218 2156 And.

664 2170 685 2200 i.
703 2171 733 2207 5,
751 2171 780 2200 2.
804 2168 878 2200 vide
902 2169 1015 2200 Notas.
1064 2167 1102 2199 Id
1125 2177 1221 2209 spero

665 2213 831 2253 adjuturos
850 2213 929 2242 deos.
954 2211 1039 2242 And.
1056 2210 1102 2241 iii.
1120 2211 1150 2247 2,
1167 2211 1219 2241 42.

667 2256 731 2287 Per
747 2261 778 2286 te
799 2265 859 2295 ego
874 2256 944 2285 deos
959 2264 1025 2284 oro.
1070 2253 1156 2284 And.
1173 2253 1219 2283 iii.

666 2300 697 2335 3,
728 2298 757 2328 6.
814 2297 911 2332 Quod
948 2298 981 2327 di
1017 2295 1219 2338 prohibeant.

667 2341 751 2372 And.
775 2339 822 2370 iii.
839 2341 868 2377 3,
892 2339 942 2370 36.
988 2339 1063 2370 Nisi
1086 2338 1165 2379 quid
1188 2340 1222 2368 di

665 2383 855 2425 respiciunt.
894 2381 980 2413 And.
1018 2381 1060 2412 iv.
1103 2382 1130 2418 1,
1171 2382 1220 2412 18.

668 2426 755 2458 Mihi
763 2424 1058 2456 deosfiiisseiratos.
1082 2423 1167 2454 And.
1179 2423 1220 2455 iv.

670 2471 698 2507 1,
710 2471 763 2500 40.
798 2469 843 2499 Di
854 2475 995 2498 vostram
1010 2466 1116 2498 fidem.
1135 2466 1221 2497 And.

667 2512 709 2543 iv.
725 2513 755 2549 3,
771 2513 798 2542 1.
822 2510 947 2552 Dispol
961 2510 1064 2540 habeo
1074 2508 1221 2550 gratiam.

667 2554 774 2585 Ana·
766 2564 809 2585 tv.
825 2554 856 2589 4,
873 2554 925 2584 31.
960 2552 1111 2589 Soluses,
1126 2561 1221 2591 quem

667 2597 808 2638 diligunt
823 2597 877 2626 Di.
908 2595 1038 2626 Anda.
1055 2595 1085 2632 6,
1102 2595 1131 2625 9.
1149 2594 1223 2624 vide

668 2640 782 2671 Notas.
810 2638 856 2668 Ut
865 2637 956 2669 illum
967 2639 1011 2668 Di
1021 2637 1101 2668 Deae
1110 2646 1223 2667 omnes

667 2682 793 2713 senium
808 2680 956 2722 perdant.
981 2679 1088 2711 Eun.'
1079 2679 1113 2710 1i.
1127 2680 1157 2716 3,
1173 2680 1222 2709 11.

668 2725 714 2755 At
736 2731 768 2755 te
784 2725 828 2754 Di
847 2723 994 2764 perdant.
1027 2722 1112 2753 Eun.
1128 2721 1175 2752 iii.
1195 2722 1222 2758 1,

668 2768 720 2798 41.
743 2768 842 2797 Deam
857 2775 928 2796 sese
941 2765 975 2795 in
990 2764 1131 2806 pretium
1144 2774 1222 2795 con-

668 2808 814 2840 vertisse.
843 2807 930 2839 Eun.
953 2806 999 2838 iii.
1023 2808 1054 2843 5,
1075 2808 1126 2837 40.
1150 2806 1224 2837 vide

670 2852 783 2883 Notas.
818 2851 870 2882 Ita
880 2859 933 2881 me
947 2851 982 2880 di
993 2855 1112 2880 ament.
1137 2849 1223 2880 Eun.

1238 263 1351 284 omnes
1366 255 1400 284 di
1415 253 1485 284 deae
1506 255 1672 294 quantum’
1675 260 1706 285 st
1721 263 1794 295 per-

1238 295 1342 327 duint.
1363 295 1503 327 Heaut.
1494 306 1536 326 iv.
1550 297 1580 333 6,
1591 297 1620 326 6.
1652 298 1697 327 Di
1708 296 1798 327 istaec

1263 338 1442 370 rohibeant.
1483 338 1604 369 Heaut.
1632 349 1662 369 v.
1688 340 1719 376 4,
1748 340 1796 369 15.

1269 381 1339 412 acio
1355 388 1387 412 te
1403 380 1489 423 apud
1505 380 1596 412 illum
1613 383 1709 411 deum.
1735 381 1797 412 Ad.

1241 423 1282 454 iv.
1300 425 1326 460 l,
1342 424 1390 455 19.
1423 425 1468 455 Di
1482 424 1565 455 bene
1575 430 1714 454 vortant.
1734 424 1797 454 Ad.

1240 466 1283 497 iv.
1300 467 1330 504 7,
1351 467 1399 497 10.
1443 467 1489 497 Di
1507 466 1594 498 boni.
1618 466 1681 497 Ad.
1704 465 1750 497 iii.
1768 467 1798 503 3,

1242 509 1293 539 86.
1320 509 1385 540 Pro
1396 510 1430 539 di
1441 509 1639 540 inmortales.
1657 508 1798 550 Adelph.

1242 551 1287 582 iii.
1301 553 1332 589 4,
1345 552 1372 582 1.
1396 553 1481 583 Deus
1492 562 1575 588 sum,
1589 551 1615 583 si
1628 551 1690 582 hoc
1700 551 1798 582 ita'st.

1246 594 1326 625 Hec.
1345 605 1373 625 v.
1399 596 1430 631 4,
1455 595 1483 624 3.
1533 594 1572 625 Id
1597 601 1698 625 testor
1719 596 1798 625 deos.

1246 637 1327 668 Hec.
1344 637 1390 667 iii.
1409 638 1438 673 5,
1456 637 1507 667 26.
1554 637 1631 668 Non
1655 643 1689 668 tu
1711 637 1799 668 hunc

1243 679 1361 710 habeas
1369 679 1466 721 plane
1475 686 1670 720 praesentem
1680 681 1777 710 Deam
1785 681 1801 709 ?

1245 722 1374 753 Pborm.
1388 722 1421 753 ii.
1437 723 1466 759 2,
1480 723 1531 753 31.
1564 724 1609 753 Di
1624 721 1682 754 tibi
1699 721 1801 753 male-

1244 764 1371 795 faciant.
1395 765 1525 796 Phorm.
1542 764 1575 795 ii.
1595 766 1624 802 3,
1638 765 1690 797 47.
1729 764 1803 805 Ego

1243 809 1313 838 deos
1325 807 1454 848 penatis
1465 807 1541 838 hinc
1555 807 1729 838 salutatum
1743 807 1801 837 do-

1245 859 1333 880 mum
1347 852 1497 881 devortor.
1517 850 1646 881 Phorm.
1660 849 1694 880 ii.
1710 850 1739 886 1,
1750 850 1802 880 82.

1245 892 1323 922 Sine
1339 892 1559 923 controversia
1581 893 1622 923 ab
1644 894 1693 923 dis
1714 891 1803 923 solus

1244 934 1389 975 diligere.
1420 935 1645 971 Phorm.v.6,
1665 936 1714 965 14.
1759 936 1805 965 Di

1246 987 1304 1007 nos
1316 977 1503 1018 respiciunt.
1522 977 1654 1008 Phorm.
1666 988 1695 1008 v.
1707 978 1737 1015 3,
1751 978 1803 1007 34.

1248 1019 1383 1056 Malum,
1407 1019 1493 1059 quod
1520 1019 1575 1050 isti
1602 1022 1647 1051 Di
1672 1019 1762 1060 deaeq
1763 1029 1804 1050 ue

1246 1071 1359 1092 omnes
1374 1030 1477 1092 duqint.
1503 1062 1632 1092 Phorm.
1650 1073 1679 1093 v.
1695 1062 1725 1098 7,
1743 1063 1794 1093 83.

1289 1103 1411 1144 dea-ter]
1436 1104 1530 1139 Quod
1544 1110 1575 1135 te
1587 1115 1647 1144 ego
1659 1114 1718 1145 per
1730 1107 1804 1135 dex-

1247 1152 1327 1177 tram
1349 1147 1434 1177 hanc
1456 1157 1523 1177 oro.
1547 1147 1634 1178 And.
1657 1147 1678 1177 i.
1705 1148 1735 1184 5,
1752 1148 1803 1178 54.

1248 1190 1300 1220 Ab
1322 1191 1449 1220 dextera
1465 1189 1586 1220 venire.
1610 1189 1697 1220 And.
1713 1190 1756 1220 iv.
1774 1191 1804 1226 3,

1250 1233 1299 1263 19.
1323 1232 1473 1263 Concede
1485 1232 1526 1263 ad
1536 1234 1700 1263 dea-teram.
1718 1232 1804 1263 And.

1248 1275 1289 1306 iv.
1303 1276 1333 1311 4,
1350 1276 1398 1305 12.
1437 1275 1487 1305 Tu
1502 1275 1535 1305 in
1549 1275 1717 1306 sinistrum
1732 1285 1804 1306 cor-

1249 1327 1302 1354 nu,
1320 1323 1355 1348 tu
1371 1317 1405 1348 in
1423 1320 1588 1348 dexterum.
1614 1317 1699 1348 Eun.
1715 1318 1758 1349 iv.
1774 1318 1804 1354 ⁷,

1249 1361 1278 1390 5.
1302 1359 1392 1391 Cedo
1407 1362 1555 1391 dextram.
1573 1360 1636 1390 Ad.
1650 1359 1696 1391 iii.
1711 1361 1738 1397 l,
1753 1361 1804 1391 84.

1251 1403 1303 1433 Ito
1318 1402 1359 1433 ad
1374 1404 1522 1433 dextram.
1546 1403 1609 1433 Ad.
1625 1402 1667 1433 iv.
1685 1404 1715 1439 2,
1731 1404 1785 1433 44.

1285 1444 1408 1485 Diana]
1422 1444 1487 1475 Ubi
1495 1445 1537 1475 ad
1549 1447 1658 1476 Dianae
1665 1445 1804 1477 veneris.

1251 1488 1311 1518 Ad.
1329 1487 1371 1518 iv.
1386 1489 1415 1524 2,
1432 1488 1484 1518 43.

1291 1529 1378 1571 dica]
1415 1529 1490 1561 Tibi
1526 1529 1664 1561 scribam
1695 1531 1806 1561 dicam.

1250 1573 1380 1604 Phorm.
1405 1573 1427 1603 i.
1454 1574 1483 1610 2,
1509 1572 1560 1605 77.
1607 1572 1807 1613 iujuriarum

1249 1615 1330 1646 mihi
1353 1615 1507 1657 scriptam
1533 1617 1642 1647 dieam-
1675 1616 1807 1646 Phorm.

1250 1658 1284 1688 ii.
1301 1659 1331 1695 2,
1351 1659 1400 1689 15.
1439 1659 1550 1689 Dicam
1564 1657 1623 1688 tibi
1638 1658 1807 1699 inpingam

1249 1701 1415 1742 grandem.
1456 1701 1585 1731 Phurm.
1622 1700 1656 1731 ii.
1691 1702 1722 1738 3,
1753 1701 1806 1732 92.

1251 1744 1428 1774 Sexcentas
1443 1743 1580 1785 proinde
1595 1743 1727 1774 scribito
1739 1744 1807 1783 jam

1251 1786 1331 1817 mihi
1346 1787 1440 1817 dicas.
1465 1785 1595 1816 Phorm.
1612 1785 1654 1816 iv.
1672 1787 1702 1823 3,
1719 1786 1771 1816 63.

1293 1831 1369 1864 dieo,
1385 1827 1456 1868 ore]
1485 1828 1581 1858 Hanc
1602 1837 1622 1858 o
1749 1827 1810 1859 tibi
1840 1837 1844 1840 ’

1251 1873 1328 1902 dico.
1349 1871 1479 1902 Phorm.
1495 1870 1517 1901 i.
1535 1871 1565 1907 2,
1584 1871 1634 1901 12.

1295 1912 1378 1953 dieo]
1395 1915 1520 1944 Dictum
1534 1920 1622 1954 puta.
1639 1912 1726 1943 And.
1739 1912 1759 1944 i.
1780 1913 1809 1951 1,

1254 1958 1283 1987 2.
1298 1957 1421 1987 Verum
1428 1955 1509 1986 illud
1519 1956 1704 1992 verbum’st,
1716 1955 1810 1996 volgo

1253 1999 1340 2039 quod
1360 2001 1425 2030 diei
1439 1998 1531 2029 solet.
1554 1997 1641 2028 And.
1657 1997 1691 2028 ii.
1708 1999 1739 2035 5,
1758 1999 1808 2029 15.

1254 2041 1342 2077 Quin
1354 2043 1405 2072 die
1413 2041 1555 2081 quidest.
1570 2040 1655 2071 And.
1667 2040 1702 2071 ii.
1715 2041 1746 2078 6,
1759 2042 1809 2072 18.

1256 2084 1340 2115 Rem
1361 2083 1465 2125 ipsam
1488 2085 1548 2114 dio.
1572 2082 1659 2114 And.
1675 2093 1706 2115 v.
1730 2084 1760 2121 3,
1777 2085 1808 2114 2.

1256 2127 1356 2157 Haud
1383 2126 1467 2157 istuc
1490 2127 1586 2162 dicas,
1606 2125 1633 2156 si
1660 2125 1811 2167 cog-noris

1255 2179 1316 2200 me.
1331 2169 1417 2200 And.
1434 2169 1476 2199 iv.
1496 2169 1525 2205 1,
1540 2169 1591 2199 28.
1615 2168 1705 2199 Num
1720 2168 1809 2210 eogi-

1255 2217 1303 2242 tat
1324 2211 1402 2252 quid
1422 2213 1533 2242 dieat?
1559 2210 1646 2242 And.
1670 2221 1700 2242 v.
1724 2212 1754 2248 3,
1778 2212 1809 2242 6.

1254 2254 1356 2290 Quasi
1378 2254 1550 2294 quicquam
1571 2253 1607 2284 in
1628 2253 1716 2284 hunc
1741 2255 1809 2294 jam

1254 2296 1386 2338 gravius
1394 2298 1457 2327 diei
1471 2296 1604 2338 possiet.
1628 2295 1714 2327 And.
1730 2307 1761 2328 v.
1778 2298 1809 2334 3,

1256 2341 1285 2370 3.
1302 2338 1512 2370 Incommoda
1519 2338 1664 2370 aliasunt
1671 2340 1809 2370 dicenda.

1257 2382 1341 2413 Eun.
1357 2381 1391 2412 ii.
1409 2382 1439 2419 3,
1457 2382 1508 2412 39.
1545 2381 1664 2412 Facete
1685 2383 1810 2412 daun.

1257 2425 1341 2456 Eun.
1354 2424 1388 2455 ii.
1397 2425 1426 2460 2,
1437 2423 1489 2456 57.
1506 2423 1542 2454 Si
1550 2423 1636 2454 istud
1645 2423 1811 2455 crederem

1256 2467 1381 2498 sincere
1390 2468 1463 2497 dici.
1480 2466 1566 2497 Eun.
1577 2465 1598 2496 i.
1610 2467 1640 2503 2,
1653 2466 1705 2499 97.
1733 2466 1811 2498 Non

1258 2516 1292 2541 tu
1306 2509 1389 2541 istuc
1405 2508 1486 2540 mihi
1496 2510 1647 2540 die-turon
1750 2519 1787 2540 es
1795 2511 1809 2540 1

1258 2553 1343 2583 Eun.
1356 2562 1386 2583 v.
1406 2553 1434 2588 1,
1449 2553 1478 2582 3.
1525 2551 1661 2582 Nullum
1682 2557 1733 2582 est
1742 2552 1811 2592 jam

1257 2597 1380 2632 dietum,
1391 2593 1476 2635 quod
1488 2604 1553 2625 non
1565 2595 1681 2625 Mu
1691 2594 1735 2625 sit
1742 2594 1810 2636 pri-

1257 2648 1304 2669 us.
1321 2637 1405 2668 Eun.
1423 2636 1509 2668 Prol.
1525 2637 1578 2667 41.
1607 2636 1747 2668 Caluam
1760 2639 1810 2668 di-

1257 2691 1332 2711 cere.
1347 2679 1431 2710 Eun.
1444 2679 1530 2710 Ptol.
1544 2680 1593 2710 10.
1620 2678 1736 2720 Neque
1744 2679 1812 2711 scio

1257 2722 1335 2763 quid
1345 2724 1454 2759 dican,
1470 2728 1527 2753 aut
1537 2721 1615 2762 quid
1622 2722 1811 2762 coniectem.

1259 2765 1344 2796 Eun.
1360 2763 1406 2795 iii.
1423 2765 1454 2801 4,
1471 2765 1501 2795 5.
1537 2764 1632 2796 uem
1646 2764 1738 2802 hem,
1751 2764 1812 2796 tibi

1257 2809 1334 2838 dico.
1349 2807 1434 2838 Eun.
1444 2806 1478 2838 ii.
1490 2808 1521 2843 3,
1532 2807 1584 2838 46.
1601 2806 1725 2838 Verum
1734 2809 1811 2839 dieo.

1260 2850 1381 2881 Heaut.
1396 2849 1439 2880 iv.
1456 2850 1486 2887 5,
1506 2850 1555 2881 18.
1600 2849 1704 2881 Recte
1724 2851 1811 2881 dicit.

668 2894 711 2925 iv.
731 2895 758 2931 1,
779 2894 806 2924 1.
851 2892 986 2923 Utinam
1001 2891 1047 2923 ita
1061 2893 1095 2922 di
1109 2891 1222 2923 faxint.
1260 2892 1381 2924 Heaut.
1394 2891 1441 2923 iii.
1452 2893 1483 2930 3,
1495 2891 1547 2925 27.
1570 2891 1658 2924 Vere
1669 2891 1750 2923 illud
1761 2894 1811 2923 ai-

671 2937 792 2968 Heaut.
816 2935 839 2967 i.
866 2937 894 2972 1,
915 2935 986 2966 119.
1032 2934 1086 2966 Sic
1113 2944 1165 2965 me
1190 2935 1225 2965 di
1257 2940 1339 2966 σιηιι.
1357 2934 1479 2966 Heant.
1490 2934 1534 2966 iv.
1550 2936 1648 2973 5,48.
1680 2935 1814 2966 Mutum

669 2979 833 3011 amabunt.
877 2977 998 3009 Heaut.
1031 2976 1078 3008 iii.
1112 2976 1141 3014 1,
1172 2978 1224 3007 54.
1258 2979 1350 3009 dices.
1368 2977 1490 3009 Heaut-
1505 2977 1549 3009 iv.
1560 2979 1592 3016 4,
1611 2978 1662 3009 26.
1691 2976 1814 3008 Videre

670 3023 836 3058 Quantum
869 3019 928 3052 tibi
965 3019 1037 3061 opis
1073 3021 1108 3050 di
1136 3018 1224 3051 dant.
1261 3030 1383 3058 verum,
1398 3020 1550 3062 :quein
1564 3019 1676 3052 utires
1690 3021 1811 3057 mdi-
