1852 3216
88 147 226 178 scam
253 134 321 191 ιι]

671 136 1018 181 ADELPHI.

1520 140 1600 183 381

199 224 466 282 Complures,
487 234 532 269 et
550 227 651 269 item
668 226 770 271 hinc
788 226 870 270 alia
888 242 986 283 quae
1006 234 1132 283 porto
1152 227 1357 285 Cyprum.

198 290 299 333 Nisi
318 306 370 333 eo
389 292 445 334 ad
465 300 698 336 mercatum
714 293 852 344 venio,
874 293 1074 336 damnum
1092 295 1403 337 maxumum’st.

198 355 332 399 Nunc
353 357 387 399 si
405 357 487 400 hoc
506 359 671 409 omitto,
691 365 832 401 actum
853 374 974 414 agam
992 375 1002 401 τ
1034 360 1108 402 ubi
1128 359 1239 402 illinc
1259 360 1444 411 rediero,

145 429 186 459 25
202 421 323 464 Nihil
342 430 409 465 est
425 441 435 475 ;
466 423 680 467 refrixerit
699 439 792 467 res:
822 424 954 468 Nunc
975 425 1144 468 demum
1161 427 1278 468 venis
1295 428 1313 469 ’ζ

201 487 291 530 Cur
310 491 496 544 passus?
527 490 601 532 ubi
621 504 715 532 eras
732 493 748 531 2
778 497 827 532 ut
847 490 901 533 sit
922 492 1054 533 satius
1075 492 1274 547 perdere,

199 552 342 600 Quam
360 562 435 596 aut
455 570 566 598 nunc
585 570 757 598 manere
778 563 863 598 tam
883 557 972 607 diu,
994 563 1068 599 aut
1087 564 1177 599 tum
1196 557 1411 613 persequi.

199 617 277 660 SY.
300 619 453 662 Jamne
474 622 745 672 enumerasti,
767 622 884 676 quod
904 623 955 664 ad
980 630 1022 665 te
1042 623 1278 665 rediturum
1299 624 1459 679 putes?

198 684 274 727 SA.
296 685 467 729 Hocine
486 686 558 729 illo
579 687 837 744 dignum’st?
867 687 1019 730 hocine
1038 688 1224 744 incipere
1246 687 1534 730 AEschinum'?

142 758 184 788 30
201 749 287 792 Per
307 753 627 808 oppressionem
645 759 694 794 ut
713 752 824 795 hanc
844 752 946 795 mihi
965 754 1130 810 eripere
1151 753 1370 809 postulet?

199 815 277 859 SY.
302 816 526 861 Labascit:
558 833 689 861 unum
708 818 791 861 hoc
811 818 975 861 habeo:
1010 819 1123 870 vide,
1145 819 1181 861 si
1201 819 1302 861 satis
1323 818 1490 875 placet3

87 948 160 979 Hoc
177 954 225 980 est
241 948 280 987 ei,
296 949 350 990 qui
373 949 477 991 rigore
492 949 655 982 confectus
670 956 728 988 est,
744 961 771 982 c.
788 961 820 982 n.

84 991 105 1023 f.
131 991 195 1033 Z.)‚
217 992 298 1024 nihil
319 992 371 1034 agi
393 992 510 1024 exinde
535 999 650 1035 potest.
697 993 749 1025 Ita
769 993 822 1026 hic

85 1035 238 1077 temporis
265 1035 434 1067 articulum
463 1036 640 1074 collocavit,
670 1036 822 1078 quoniam

84 1088 255 1120 oppressus
268 1085 358 1110 actus
369 1089 444 1111 suos
456 1079 545 1111 ducit
558 1079 748 1122 implicatos.
780 1080 819 1112 E.

128 1123 178 1152 22.
194 1123 271 1152 Item
285 1124 354 1153 hinc
368 1121 449 1164 alia]
470 1123 508 1154 In
524 1122 649 1155 lenonis
663 1123 823 1155 mercibus

84 1163 189 1204 ἐξοχή.
230 1164 304 1200 Quae
313 1170 401 1206 porto
414 1165 561 1207 Cyprum]
578 1166 673 1198 Hanc
684 1166 822 1198 insulam

83 1207 191 1249 posuit
202 1216 306 1249 poeta,
323 1209 374 1240 vel
390 1209 475 1250 quod
490 1209 610 1241 Veneri
627 1216 749 1241 sacrata
760 1210 821 1242 sit:

84 1258 121 1283 ut
135 1251 301 1290 Horatius,
318 1252 425 1284 Carm.
439 1252 460 1283 i.
477 1253 506 1283 3.
527 1254 553 1284 1.
578 1254 629 1284 Sic
643 1258 671 1284 te
686 1255 757 1284 diva
765 1265 820 1294 po-

83 1298 148 1326 tem
166 1296 269 1335 Cypri.
310 1295 370 1326 Vel
385 1295 470 1336 quod
485 1302 643 1327 mercatus
658 1295 691 1327 in
708 1306 746 1328 ea
761 1296 820 1328 sit:

84 1344 121 1369 ut
139 1337 235 1375 idem,
259 1338 365 1369 Carm.
385 1338 405 1369 i.
426 1339 452 1370 1.
472 1339 520 1370 13.
543 1341 707 1380 Nunquam
727 1340 822 1371 dimo-

83 1392 161 1418 veas,
171 1386 206 1412 ut
214 1383 298 1412 trabe
310 1383 424 1422 Cypria
432 1383 586 1422 Myrtoum
590 1384 721 1422 pavidus
730 1388 824 1414 nauta

83 1429 163 1456 secet
177 1435 267 1455 mare.
300 1424 331 1455 D

129 1468 180 1498 23.
197 1469 271 1498 Nisi
282 1478 316 1498 eo
329 1469 371 1498 ad
384 1472 547 1499 mercatum
560 1466 660 1508 venio]
677 1469 724 1499 Eo
738 1478 824 1500 nunc

85 1509 271 1541 adverbium
283 1518 333 1542 est
348 1509 419 1548 loci,
429 1510 462 1542 id
472 1516 530 1548 est,
548 1511 699 1552 Cyprum.
737 1513 822 1543 Mer-

84 1558 171 1584 catas
185 1560 303 1591 autem,
326 1553 431 1585 locum
451 1561 639 1595 tempusque
654 1554 823 1595 significat.

85 1598 236 1628 Damnum
251 1599 410 1628 maximam
425 1596 486 1638 est]
504 1596 588 1632 Quia
604 1604 637 1628 et
657 1597 717 1628 hoc
734 1597 822 1629 dam-

86 1650 165 1671 num
180 1640 214 1670 in
232 1640 337 1681 pretio
353 1639 496 1672 mulieris
512 1646 569 1671 est.
608 1641 760 1672 D.—Pro
773 1652 823 1673 ve-

85 1685 167 1714 niam
190 1683 308 1715 Faerni
331 1689 363 1715 et
385 1683 486 1716 nostri
501 1683 614 1725 optimi
636 1684 710 1715 libri
730 1686 824 1716 venio.

87 1726 247 1758 Praeterea
268 1726 332 1758 duo
353 1726 473 1758 habent
493 1729 632 1758 damnum
653 1732 698 1758 est
719 1739 825 1759 maxa·

84 1781 172 1801 mum.
219 1770 318 1801 Plane
335 1780 376 1800 ex
391 1780 479 1801 more
493 1770 648 1801 Terentii.
682 1771 718 1802 B.

129 1814 180 1844 24.
204 1814 295 1844 Nunc
313 1815 341 1844 si
362 1815 415 1844 hoc
429 1812 548 1854 omitto]
565 1813 659 1848 Quod
673 1813 826 1845 damnum

86 1863 135 1887 est
156 1856 287 1887 scilicet.
336 1856 409 1887 Hoc
431 1862 538 1887 autem
561 1856 640 1888 dicit
661 1856 826 1898 negotium

85 1910 157 1930 cum
168 1899 333 1930 AEschino.
372 1902 482 1930 Actum
491 1899 594 1940 agam]
607 1900 825 1938 Proverbium,

85 1942 120 1974 id
143 1950 201 1980 est,
227 1942 306 1973 nihil
332 1952 444 1983 agam:
481 1941 565 1983 quod
589 1942 675 1974 enim
698 1942 732 1973 in
752 1944 826 1983 jure

85 1986 184 2017 semel
195 1985 372 2027 judicatum
389 1985 494 2023 fuerit,
508 1986 647 2017 rescindi
661 1991 693 2017 et
708 1986 825 2018 iterum

85 2029 211 2070 aginon
220 2035 335 2070 potest.
375 2029 426 2060 Sic
440 2028 474 2060 in
489 2029 692 2066 Phormione,
704 2031 824 2067 Actum,

85 2074 182 2110 aiunt,
208 2084 245 2104 ne
269 2084 353 2113 agas.
395 2072 565 2103 D.—Cum
587 2075 698 2104 Actum
724 2083 824 2113 agere,

86 2115 118 2147 h.
133 2126 161 2147 e.
182 2115 300 2147 iterum
315 2115 372 2147 sed
386 2116 505 2147 frustra
519 2126 624 2156 agere,
638 2116 678 2147 ab
693 2126 731 2147 eo
746 2116 824 2147 alie-

86 2169 164 2190 num
179 2158 230 2197 sit,
248 2159 303 2200 qui
318 2165 392 2190 ante
409 2159 491 2190 dixit
506 2169 540 2190 se
555 2161 730 2190 omissurum
746 2169 825 2197 esse,

86 2201 118 2233 h.
139 2212 168 2233 e.
191 2213 323 2243 prorsus
347 2202 428 2233 nihil
451 2209 616 2238 acturum3
649 2202 827 2244 praesertim

86 2255 160 2276 cum
174 2246 214 2277 ob
236 2245 359 2277 hiatum
379 2255 491 2277 versus
512 2245 651 2276 laboret:
676 2245 826 2277 emenda-

87 2288 143 2326 tio,
165 2288 273 2320 nescio
290 2290 389 2330 cujus,
406 2288 534 2330 egregie
555 2288 670 2330 placet,
688 2290 778 2320 Nunc
799 2291 828 2320 si

87 2333 140 2363 hac
162 2331 316 2369 omittam,
334 2342 371 2364 ac
394 2338 462 2363 tum
484 2343 573 2372 agam
595 2334 648 2363 ubi
669 2334 755 2363 illinc
775 2334 824 2363 re-

88 2375 180 2405 diero.
224 2375 320 2406 Certe
342 2375 421 2407 illud
444 2377 578 2406 omittam
599 2375 717 2407 nostris
733 2376 824 2407 codd.

89 2416 166 2448 satis
180 2419 412 2459 comprobatur.
445 2418 482 2449 B.

133 2460 183 2490 25.
199 2461 290 2491 Nihil
298 2461 360 2502 est]
377 2461 469 2492 Nove
479 2462 571 2492 Nihil
580 2466 625 2492 est
636 2473 646 2492 .·
669 2472 728 2503 pro
739 2461 827 2493 nulla

89 2512 163 2543 spes
172 2509 230 2534 est.
263 2502 446 2545 Refi-ioeerit]
458 2504 521 2535 Pro
532 2503 710 2545 refrigeseit.
740 2505 827 2536 D.—

90 2546 180 2576 Nunc
195 2547 309 2578 demum
322 2549 404 2578 venie
413 2546 446 2588 P]
463 2547 570 2578 Verba
585 2554 661 2579 sunt
675 2558 746 2588 quae
762 2547 826 2580 dici

89 2595 233 2629 possunt,
248 2588 276 2619 si
288 2589 328 2620 ad
340 2596 514 2621 mercatum
527 2590 600 2621 leno
615 2590 698 2628 ierit,
709 2597 742 2622 et
754 2598 827 2633 post

88 2631 217 2663 rediens
233 2631 363 2672 exigere
378 2632 546 2674 pecuniam
561 2633 703 2674 coeperit.
736 2634 774 2665 E.

133 2675 184 2705 26.
207 2676 249 2706 Ut
258 2677 300 2705 eit
310 2677 407 2706 satius
414 2675 558 2716 perdere]
573 2676 634 2707 Per
649 2677 827 2717 ὑπερβολὴν

88 2718 148 2748 hoc
167 2717 285 2759 accipe.
324 2718 408 2749 Nam
430 2727 494 2749 non
513 2718 663 2750 convenit
681 2730 827 2761 personae

88 2761 226 2792 lenoniae
240 2761 357 2792 damna
371 2766 585 2792 contemnere.
617 2762 659 2793 D.

132 2805 183 2837 27.
200 2806 264 2835 Aut
278 2815 356 2835 nunc
371 2803 504 2844 manere]
520 2804 607 2835 Dum
622 2814 687 2835 uon
700 2804 825 2847 navigo.

92 2849 167 2879 Tum
178 2847 334 2888 persequi]
348 2847 456 2883 Quum
471 2846 605 2878 rediero.
629 2847 828 2880 D.-Placet

91 2890 212 2922 Donati
238 2890 408 2922 Faerniani
431 2896 465 2921 et
486 2889 712 2922 nonnullorum
735 2891 826 2923 codd.

90 2933 194 2971 lectio,
214 2936 310 2968 Quam
324 2939 378 2965 aut
392 2935 440 2964 hic
454 2944 581 2965 manere.
614 2933 652 2964 B.

135 2978 185 3010 28.
205 2979 312 3010 Iamne
330 2976 526 3019 enumerasti]
546 2976 657 3010 Finxit
674 2977 774 3019 Syrus
792 2988 827 3010 se

865 959 930 981 non
945 949 1152 988 intellexisse,
1169 950 1247 992 quid
1262 951 1348 993 apud
1362 962 1397 984 se
1412 951 1518 994 ipsum
1533 952 1608 985 leno

864 992 990 1025 locutus
1011 993 1073 1025 sit:
1102 993 1176 1025 ideo
1197 993 1245 1025 illi
1265 994 1353 1026 aliud
1371 995 1426 1034 ait,
1442 1006 1536 1037 quam
1552 997 1608 1028 ille

864 1046 973 1068 secum
996 1036 1210 1079 disputaverit
1231 1037 1481 1080 (disputaverat).
1521 1039 1609 1074 Quod

864 1081 907 1111 ad
921 1085 949 1111 te
964 1082 1132 1112 rediturum
1145 1085 1233 1121 putee
1245 1080 1278 1121 Γ]
1298 1081 1371 1113 Hoc
1383 1081 1469 1113 dicto
1482 1088 1608 1114 tantum

865 1122 957 1157 illum
971 1129 1178 1165 accepturum
1192 1123 1363 1165 significat,
1379 1131 1535 1166 quantum
1550 1125 1606 1157 de-

866 1165 958 1197 derat
972 1166 1007 1198 in
1023 1166 1139 1208 puella.
1178 1167 1264 1198 Nam
1279 1168 1320 1199 ad
1337 1178 1396 1199 nos
1411 1167 1506 1206 redit,
1522 1169 1608 1210 quod

866 1219 885 1240 a
904 1209 997 1241 nobis
1023 1209 1148 1242 abierit.
1193 1210 1238 1241 Et
1266 1210 1403 1242 dicendo
1428 1214 1607 1250 rediturum,

866 1252 1007 1284 ostendit
1027 1263 1126 1295 super
1146 1253 1260 1295 viginti
1283 1254 1389 1286 minas
1411 1254 1494 1286 nihil
1515 1255 1608 1287 illum

865 1306 995 1337 sperare
1010 1302 1179 1337 oportere;
1205 1296 1252 1328 sic
1274 1297 1361 1329 enim
1381 1307 1489 1339 supra,
1510 1300 1608 1330 Minis

865 1341 976 1379 viginti
990 1344 1024 1370 tu
1038 1341 1123 1370 illam
1143 1341 1251 1377 emisti,
1270 1351 1336 1380 quae
1357 1352 1406 1372 res
1428 1343 1486 1372 tibi
1509 1347 1609 1373 vertat

865 1383 965 1414 male!
996 1382 1184 1414 D.-Multi
1202 1383 1319 1415 Faerni
1343 1389 1377 1415 et
1398 1383 1498 1415 nostri
1520 1390 1610 1416 recte

866 1424 987 1456 habent
1001 1428 1182 1457 enumerasti
1196 1425 1239 1464 id,
1255 1427 1342 1467 quod,
1357 1432 1412 1458 etc.
1444 1427 1483 1458 B.

910 1469 960 1500 29.
978 1470 1094 1500 Hocine
1106 1471 1159 1500 illo
1170 1471 1294 1510 dignum
1306 1475 1351 1501 est
1363 1468 1396 1510 ?]
1412 1470 1609 1511 Hujusmodi

867 1511 1075 1553 comploratio
1098 1522 1256 1544 summam
1281 1512 1538 1555 desperationem
1560 1514 1608 1546 le-

867 1554 962 1586 nonis
989 1555 1138 1586 ostendit.
1194 1557 1310 1587 Hocine
1331 1558 1462 1597 incipere
1483 1558 1608 1588 AEsehi-

867 1609 936 1629 num
946 1597 978 1638 ?]
996 1598 1096 1634 Quasi
1110 1598 1150 1629 de
1164 1609 1279 1640 magno
1292 1598 1433 1631 facinore
1446 1599 1538 1631 dixit.
1562 1601 1610 1633 Ut

867 1640 902 1672 in
919 1641 1298 1680 Heautontimorumeno,
1319 1644 1394 1674 Vide
1409 1645 1488 1684 quod
1505 1646 1607 1684 incep-

868 1689 911 1716 tet
917 1683 1052 1725 facinus.
1085 1685 1277 1716 AEschinum
1290 1692 1397 1717 autem
1412 1697 1484 1718 cum
1496 1686 1608 1719 lauda-

869 1726 956 1759 tione
971 1727 1073 1759 dixit:
1098 1728 1187 1769 quasi
1207 1739 1301 1769 quem
1321 1739 1387 1760 non
1408 1729 1521 1762 deceat
1539 1740 1608 1762 ma-

868 1770 1012 1802 lefacere.
1047 1771 1092 1803 Et
1106 1770 1180 1803 vide
1194 1782 1290 1812 quam
1305 1771 1413 1803 omnia
1425 1772 1611 1814 experiatur

868 1812 1029 1855 impotens
1045 1821 1078 1845 et
1092 1814 1190 1846 miser
1204 1816 1245 1846 ob
1264 1816 1517 1857 recuperandam
1539 1826 1609 1848 rem

869 1867 969 1888 suam.
1008 1857 1171 1888 D.—Non
1197 1858 1358 1895 convenit,
1381 1865 1417 1890 ut
1438 1858 1472 1889 in
1495 1859 1609 1891 eodem

869 1900 1027 1931 versiculo
1041 1902 1143 1931 hocine
1159 1900 1296 1942 primam
1314 1901 1475 1943 corripiat,
1491 1901 1609 1934 deinde

869 1943 1034 1984 producat.
1085 1944 1171 1984 Lege
1205 1943 1305 1985 igitur
1338 1946 1501 1984 inceptare.
1555 1945 1609 1977 Sic

869 1996 994 2027 quoque
1016 1986 1092 2018 olim
1114 1986 1230 2028 legisse
1253 1987 1427 2025 Donatum,
1445 1987 1608 2029 colligitur

869 2039 910 2060 ex
922 2029 1000 2066 loco,
1012 2040 1107 2071 quem
1118 2029 1237 2068 laudat,
1251 2030 1369 2062 Heaut.
1384 2030 1429 2062 iii.
1447 2032 1476 2063 3.
1494 2032 1544 2063 39.
1569 2032 1608 2064 Β.

912 2074 963 2103 30.
986 2075 1028 2104 Ut
1038 2075 1115 2104 hanc
1125 2075 1199 2104 mihi
1215 2075 1329 2114 eripere
1340 2075 1472 2114 postulet
1483 2073 1609 2116 ?]*Non

868 2114 947 2147 dicit
975 2116 1015 2147 de
1042 2126 1106 2156 qua
1132 2116 1254 2156 (Forte,
1277 2118 1348 2148 Non
1374 2119 1460 2154 dicit,
1482 2118 1584 2158 quam)
1597 2131 1609 2150 .-

870 2158 946 2200 quia
968 2159 1008 2190 de
1034 2158 1091 2190 illa
1116 2169 1221 2191 sermo
1250 2165 1308 2191 est.
1353 2161 1498 2198 Postulet,
1521 2161 1610 2200 velit,

869 2208 926 2233 aut
940 2208 1057 2244 speret.
1094 2202 1218 2239 Cicero,
1241 2204 1282 2234 Ut
1298 2205 1476 2243 temporibus
1491 2206 1608 2244 reipub.

869 2247 966 2283 cedat,
983 2257 1040 2277 non
1054 2250 1099 2277 est
1110 2248 1331 2286 postulandum,
1346 2246 1381 2277 id
1401 2252 1458 2284 est,
1475 2247 1609 2289 cupien-

870 2288 957 2326 dum,
971 2295 1027 2320 aut
1038 2289 1298 2338 exspectandum.
1322 2291 1450 2329 Eripere
1461 2290 1608 2332 postukt]

868 2332 922 2363 Ἐν
934 2332 980 2371 τῷ
993 2332 1060 2369 ἤθει
1073 2331 1165 2370 d1xit,
1179 2342 1244 2363 non
1258 2332 1431 2374 eripuerit:
1456 2338 1608 2374 tanquam

869 2375 972 2407 adhuc
986 2385 1050 2406 non
1066 2375 1187 2406 fecerit.
1227 2376 1270 2407 Et
1287 2375 1333 2406 sic
1354 2375 1537 2416 loquuntur,
1553 2376 1609 2418 qui

869 2418 984 2450 nolunt
998 2419 1082 2450 circa
1099 2429 1134 2450 se
1152 2429 1358 2460 perseverare
1373 2418 1533 2459 injuriam.
1565 2421 1608 2452 D.

912 2462 964 2493 31.
986 2461 1150 2503 Labascit]
1175 2462 1248 2493 Hoc
1270 2472 1380 2503 presse
1401 2461 1528 2495 dicitur.
1566 2463 1611 2496 Et

868 2503 998 2546 proprie
1005 2504 1083 2537 dicit
1089 2507 1226 2543 labascit,
1234 2511 1270 2536 ut
1276 2511 1309 2536 et
1316 2515 1405 2537 suam
1412 2501 1609 2546 instantiam,

869 2555 902 2579 et
913 2547 1150 2580 cunctationem
1165 2548 1255 2580 tarde
1270 2547 1455 2590 incipientis
1469 2559 1607 2582 consen-

869 2590 930 2623 tire
949 2597 1150 2623 monstraret.
1189 2591 1274 2622 Nam
1294 2591 1511 2624 inchoativum
1534 2603 1608 2625 ver-

869 2634 946 2666 bum
970 2641 1027 2666 est.
1073 2634 1117 2665 Et
1142 2640 1192 2666 est
1216 2634 1405 2676 metaphora
1430 2635 1470 2666 ab
1496 2636 1608 2669 arbore

869 2677 952 2708 facta
969 2689 977 2708 :
1016 2687 1087 2717 quae
1108 2677 1218 2709 multis
1239 2677 1362 2709 succisa
1383 2677 1499 2710 ictibus
1520 2679 1614 2719 ferri..

870 2721 998 2751 tandem
1022 2719 1137 2762 incipit
1158 2719 1192 2751 in
1214 2730 1323 2752 casum
1345 2720 1497 2763 ponderis
1520 2721 1608 2764 (pen-

869 2765 948 2801 dere,
979 2763 1041 2794 Ms.
1075 2763 1212 2803 Hulst),
1239 2763 1428 2805 ruinamque
1454 2764 1608 2799 minitari.

876 2808 973 2838 Unum
992 2807 1047 2837 hoc
1064 2805 1173 2847 habeo]
1195 2806 1267 2838 Hoc
1282 2806 1384 2838 clare:
1409 2813 1442 2839 et
1455 2808 1606 2842 subaudi-

870 2849 988 2880 endum
1007 2855 1065 2886 est,
1082 2851 1161 2890 quod
1178 2850 1286 2888 dicam,
1303 2849 1354 2882 vel
1373 2852 1480 2883 dicere.
1521 2854 1608 2891 Vide,

869 2894 897 2927 ei
911 2894 988 2924 satis
998 2892 1116 2933 placet]
1135 2892 1209 2924 Non
1221 2895 1323 2933 placet
1334 2893 1436 2926 dixit:
1460 2894 1515 2927 sed
1531 2899 1609 2928 satis

866 2936 979 2975 placet,
990 2935 1090 2966 veluti
1103 2946 1254 2977 mag-num
1270 2936 1438 2969 consilium
1452 2939 1605 2980 praebitu-

871 2987 936 3010 rus.
960 2978 1047 3011 Ι).-
1053 2980 1150 3011 Unum
1164 2981 1217 3012 hoc
1231 2979 1340 3022 habeo]
1355 2980 1463 3015 Unum
1476 2992 1608 3024 possum
