1910 3216
428 109 614 148 INDEX
642 108 971 146 VERBORUM
1003 109 1074 146 ET
1104 109 1433 148 PHRASIUM.

1755 118 1795 151 21

60 190 395 243 eloe-..Adelphiv-
422 192 453 230 7,
479 194 510 224 8.
556 190 1023 223 Naehmotck-eneifini.
1050 191 1134 223 uec.
1160 190 1373 233 uiget-nai.
1406 191 1667 230 And.i.2‚ll.
1712 193 1802 229 Quid

60 235 236 267 illiusmodi
254 237 323 276 jam
337 245 453 277 magna
468 234 620 267 nobed-

61 278 331 358 ἶιιδιῖξιειιέιί
316 284 356 309 ιιι.
394 277 535 320 Adelph.
570 277 617 309 iii.

652 233 751 270 5,22.

1242 237 1464 276 ngamfltogito.
1481 235 1589 266 And:
1580 235 1614 266 ιι.
1627 238 1657 273 2,
1668 237 1719 268 21.
1732 236 1800 268 Ne·

693 274 870 316 ele-entia]
914 275 1084 308 Facilitate
1126 254 1212 308 nihil
1243 287 1305 318 que
1317 277 1396 319 quid
1409 287 1557 315 meotes,
1570 281 1708 320 cogitas.-
1725 289 1802 311 nam

262 321 394 363 nepita,
427 327 497 352 tum
529 323 618 352 cives.
652 328 724 350 eene
736 318 861 350 homini
878 318 1003 356 melius,
1022 330 1127 361 neque
1147 321 1208 352 ele-

64 363 194 395 Phorm.
211 363 244 395 ii.
262 365 292 401 2,
313 365 361 395 14.
407 363 460 395 Ne
474 362 553 404 quid
573 365 618 394 σί-
652 363 775 392 nus-tio.
798 361 984 403 Adelph-v.
1001 363 1032 399 4,
1049 362 1079 395 7.

62 409 110 438 vis
144 413 240 448 turpe
276 406 311 438 in
346 417 383 438 se
423 406 618 438 admitteret.

66 449 195 480 Phorm.
213 449 246 480 ii.
260 451 291 486 3,
307 450 360 480 68.

107 491 233 533 civitas]
255 492 293 523 ln
315 501 379 532 qua
398 493 524 522 civitate
545 497 618 522 tnn—

63 535 138 566 dem
152 542 184 566 te
196 535 354 566 arbitrare
366 534 499 566 vivere?
525 533 619 565 Adel.

62 577 105 608 iv.
124 579 154 615 5,
171 578 222 608 51.

105 601 202 661 chin]
220 620 290 651 Nec
302 621 379 651 clm
396 627 429 651 te
450 626 509 651 est.
535 619 619 651 And.

64 663 86 694 i.
101 665 131 700 5,
145 664 196 694 52.
231 663 381 694 Amavit:
407 668 475 694 tum
487 662 521 693 id
533 664 620 694 clam.

65 706 152 737 And.
166 706 199 737 ii.
215 706 245 742 6,
259 707 307 736 13.
343 705 405 736 Vel
418 705 460 741 vi,
472 704 524 736 vel
534 707 621 742 clam,

65 748 118 780 vel
139 749 304 790 praecario.
338 748 424 779 Eun.
448 748 481 779 ii.
514 750 544 785 3,
571 749 621 779 28.

68 793 153 823 Clam
168 799 198 822 te
212 791 365 823 subduxti
376 791 466 822 mihi.
484 791 568 822 Eun.
580 791 621 822 iv.

67 834 98 871 7,
116 836 167 865 25.
215 834 296 865 Haec
319 836 395 865 clm-
421 843 474 865 me
503 834 621 865 omnia.

68 877 189 908 Heaut.
217 877 238 907 i.
266 878 293 912 1,
317 877 368 907 46.
416 877 532 918 Sperat
556 877 623 907 fore

66 922 154 951 clam.
174 920 311 961 Adelph.
329 919 349 950 i.
372 920 400 956 1,
424 920 475 950 46.
524 919 624 950 Haud

67 965 144 994 elan
167 973 219 993 me
241 969 300 994 est.
334 962 416 993 Hec.
440 962 486 993 iii.
515 964 546 999 4,
574 964 622 993 10.

68 1005 144 1037 Non
175 1007 252 1036 clam
282 1015 335 1036 me
365 1005 507 1042 haberet,
538 1005 625 1046 quod

67 1048 189 1080 celasse
218 1048 374 1088 intelligo.
408 1047 490 1079 Hec.
518 1047 561 1078 iv.
593 1049 623 1084 4,

68 1092 121 1122 35.
167 1091 301 1132 Peperit
322 1100 406 1122 uxor
427 1092 514 1121 elau.
541 1090 622 1121 Hec.

67 1145 98 1165 v.
117 1135 146 1171 2,
166 1135 214 1165 15.

111 1175 249 1217 clamito]
264 1174 352 1211 Quid
360 1177 523 1207 clanim-5?
538 1175 623 1207 And.

67 1219 213 1256 iv.4‚28.
244 1221 434 1250 ozanam.-
453 1218 623 1260 indignum

67 1262 202 1293 facinus.
226 1261 313 1293 And.
330 1261 351 1292 i.
371 1263 399 1299 1,
415 1262 487 1294 117.

111 1304 225 1345 clamo]
253 1305 324 1336 Illis
344 1314 416 1345 quae
438 1310 515 1336 sunt
536 1303 625 1335 intus

69 1350 182 1379 clamat
195 1348 237 1379 de
252 1347 315 1378 via.
339 1347 424 1379 And.
448 1346 493 1378 iii.
518 1348 549 1384 2,
576 1348 624 1378 11.

68 1391 171 1422 Venit
180 1391 220 1422 ad
230 1401 281 1421 me
291 1400 376 1432 saepe
385 1392 528 1421 clamans.
538 1389 626 1425 Quid

69 1434 149 1475 egis,
174 1433 301 1464 Micio?
332 1433 470 1474 Adelph.
487 1433 509 1463 i.
529 1434 557 1470 l,
577 1434 624 1463 11.

69 1476 144 1508 vide
157 1477 269 1507 Notas.
299 1478 441 1507 Clamant
450 1485 564 1506 omnes
574 1485 625 1506 m

68 1519 270 1568 dignissume
276 1519 395 1550 factum
402 1518 626 1567 esseAdelph.

69 1562 91 1593 i.
106 1563 135 1599 2,
153 1564 202 1593 11.
241 1562 317 1593 Non
333 1564 472 1592 clamas?
494 1571 559 1592 non
575 1571 626 1592 ιιι-

69 1605 182 1636 annis?
208 1604 374 1646 Adelph.
364 1614 407 1635 ιν.
425 1604 454 1641 7,
471 1605 501 1635 9.
539 1604 628 1639 Quid

174 1650 187 1678 2
211 1647 290 1688 quid
304 1649 427 1678 clamen
438 1650 455 1677 Γ
477 1652 534 1678 aut
548 1657 627 1688 que-

69 1692 145 1721 rar?
171 1690 310 1732 Adelph.
328 1701 357 1721 v.
375 1692 406 1727 3,
423 1691 452 1720 3.
491 1689 626 1720 Tumul·

70 1739 214 1770 tuantur,
250 1735 393 1764 clamant.
438 1732 521 1763 Hec.
560 1732 626 1763 Alt.

71 1775 157 1807 Prol-
182 1777 234 1807 33.
282 1775 335 1807 Ne
356 1777 464 1807 clama.
497 1775 627 1806 Phorm.

71 1819 114 1850 iv.
132 1820 162 1856 3,
179 1820 231 1850 59.

115 1860 244 1902 clamor]
298 1862 435 1892 Clamore
491 1870 627 1892 summo.

73 1905 195 1935 Heaut.
220 1904 306 1935 Prol.
322 1906 374 1935 40.
415 1905 536 1934 Clamor
557 1913 627 1934 mu-

71 1947 199 1979 lierum.
239 1948 322 1978 Hee.
354 1946 421 1978 Alt.
456 1946 542 1978 Prol.
577 1947 628 1976 26.

73 1990 139 2021 Pro
164 1990 306 2032 Jupiter,
338 1991 497 2021 clamoren·
522 1989 628 2020 audio.

74 2033 157 2064 Hee.
175 2033 221 2064 iii.
241 2034 269 2070 l,
286 2033 338 2065 37.

114 2075 301 2116 clanculum]
338 2075 463 2106 Penum
500 2085 628 2105 omnem

72 2120 286 2160 congerebam
302 2120 481 2149 clanculum.
497 2118 582 2149 Eun.
594 2117 628 2148 ii.

74 2165 104 2200 3,
117 2164 167 2193 18.
186 2162 339 2193 Mordere
349 2163 528 2192 clanculum.
543 2161 628 2191 Eun.

72 2205 119 2236 iii.
143 2206 170 2242 1,
192 2206 243 2236 21.
290 2203 429 2235 Venisse
451 2205 628 2234 clanculum.

73 2247 160 2279 Eun.
173 2247 220 2278 iii.
234 2249 264 2285 5,
277 2248 329 2278 41.
369 2247 487 2288 Specto
498 2256 558 2288 per
571 2246 629 2277 fla-

73 2290 194 2322 bellum
215 2292 393 2321 clanculum.
421 2289 506 2320 Eun.
528 2289 575 2320 iii.
599 2290 630 2325 5,

75 2335 126 2364 54.
172 2334 281 2374 Agere
295 2332 382 2364 inter
399 2342 434 2363 se
452 2334 629 2363 clanculum.

75 2376 197 2407 Heaut.
214 2376 259 2406 iii.
280 2376 308 2413 1,
325 2376 376 2406 63.
422 2375 491 2406 Alii
507 2376 629 2406 clancu-

74 2421 135 2450 lnn
147 2425 256 2460 patres
265 2428 338 2458 quae
344 2417 475 2449 faciunt.
490 2417 630 2459 Adelph.

74 2461 95 2492 i.
125 2463 151 2498 1,
177 2462 228 2493 27.
266 2461 350 2492 Cum
371 2462 442 2501 ejus
463 2460 632 2491 consuevit

74 2511 178 2535 matre
200 2505 379 2535 clane-lun.
404 2503 535 2534 Phorm.
552 2513 582 2534 v.
601 2503 632 2541 6,

118 2587 218 2628 clare]
231 2587 320 2623 Quin
331 2587 414 2619 dicis
425 2587 520 2619 clare.
538 2587 631 2619 Adel.

76 2632 119 2663 iv.
137 2633 167 2668 4,
189 2633 236 2661 15,

119 2672 238 2714 clares]
255 2672 349 2710 Vide,
366 2680 403 2704 ut
418 2672 463 2704 mi
476 2672 546 2704 haec
561 2682 631 2703 oer-

77 2724 111 2748 m
134 2723 167 2748 et
189 2719 276 2747 clara
301 2714 458 2747 attuleris.
493 2715 576 2746 Hec.
601 2725 631 2746 v.

119 2800 265 2842 clemens]
277 2801 297 2832 J
300 2807 373 2832 usta
383 2806 417 2832 et
424 2802 551 2832 elenen
561 2799 631 2831 fue-

694 402 805 444 elienae]
819 405 931 441 cluens,
940 404 1074 442 amicus,
1082 405 1210 447 hospes,

653 448 792 478 nemo’st
799 447 908 478 vobis?
922 427 1112 489 Adelph.'iv.
1123 449 1150 485 1,
1161 449 1210 479 13.

696 489 858 538 clientela]
865 490 966 521 Thais
980 491 1106 532 sepatri
1121 501 1210 522 com-

654 532 834 563 mendavit:
849 532 883 564 in
892 535 1062 564 clientelam
1071 541 1104 565 et
1114 534 1210 565 fldem

655 575 749 606 nobis
770 575 860 606 dedit
881 585 926 606 se.
958 575 1044 607 Eun.
1067 587 1097 608 v.
1122 578 1152 614 8,
1181 578 1210 608 9.
1247 577 1267 608 i.
1289 578 1316 615 1,
1336 579 1384 608 11.
1430 578 1508 609 Νοιι
1530 577 1618 610 enim

657 618 730 649 vide
748 618 860 649 Notas.

702 660 821 701 Clinia]
839 661 947 698 Erras,
964 661 992 692 si
1002 661 1035 692 id
1047 662 1164 699 credis,
1180 670 1213 693 et

657 714 709 734 me
722 704 860 745 ignoras,
877 706 988 735 Clinia.
1009 705 1128 736 Heaut.
1146 705 1167 735 i.
1185 707 1212 742 1,

657 748 708 777 53.
755 747 911 786 Ejusdem
961 757 1086 778 ereonae
1112 748 1213 779 multa

657 796 707 820 est
721 789 756 820 in
771 790 831 820 hac
848 789 937 820 Fabu
952 800 970 820 a
986 791 1117 821 mentio.

702 831 852 872 Clitipho]
870 833 914 863 Et
928 832 996 863 haec
1015 833 1211 864 Heautonti

658 875 839 906 morumeni
853 885 992 916 persona
1007 882 1065 906 est.

700 917 808 958 clivos]
838 920 937 948 Clivus
962 918 1112 949 deorsum
1141 928 1213 949 ver-

658 970 714 991 sus
729 966 787 991 est.
804 960 945 1001 Adelph.
961 960 1004 991 iv.
1023 962 1052 997 2,
1070 961 1122 991 36.

700 1001 813 1043 coemo]
853 1005 999 1034 Coemisse
1032 1004 1109 1034 hinc
1144 1014 1216 1044 quae

658 1045 735 1076 illuc
757 1046 892 1076 veheres
915 1045 1027 1076 multa.
1073 1046 1213 1087 Adelph.

658 1087 691 1118 ii.
708 1089 739 1125 2,
760 1089 807 1120 17.

701 1131 805 1172 coena]
826 1131 865 1162 In
881 1142 996 1162 coeuan
1014 1130 1095 1162 seni.
1129 1131 1214 1162 And.

658 1173 691 1204 ii.
708 1175 739 1210 2,
755 1175 807 1205 32.
841 1174 947 1209 Quem
964 1175 1086 1205 vocabo
1098 1174 1139 1205 ad
1154 1185 1215 1205 coe-

658 1219 757 1247 nam?
780 1216 866 1248 And.
883 1216 916 1247 ii.
939 1218 970 1254 6,
989 1218 1039 1248 22.
1086 1217 1216 1258 Rogare

657 1259 697 1290 ad
713 1270 829 1290 eoenm
843 1267 880 1291 ut
895 1260 1014 1291 veniat.
1038 1260 1122 1291 Eun.
1133 1260 1167 1290 ii.
1186 1262 1215 1298 2,

659 1303 711 1332 35.
758 1303 880 1333 Eamus
911 1312 989 1343 ergo
1019 1302 1060 1333 ad
1090 1314 1215 1334 coenam.

661 1345 747 1375 Eun.
767 1345 813 1375 iii.
838 1347 868 1382 2,
890 1346 920 1376 6.
967 1347 1092 1376 Coenam
1115 1356 1215 1387 appa-

659 1397 741 1418 rare.
768 1388 888 1419 Heaut.
906 1388 927 1418 i.
947 1389 975 1425 1,
993 1388 1044 1420 74.
1084 1389 1216 1419 Abduxi

659 1430 700 1461 ad
712 1442 836 1461 coeuan.
851 1431 972 1461 Heaut.
984 1430 1005 1461 i.
1021 1432 1051 1467 2,
1065 1432 1095 1462 9.
1113 1431 1218 1462 Nobis

659 1484 751 1504 coenae
763 1473 841 1514 quid
850 1473 921 1504 siet.
948 1474 1069 1504 Heaut.
1082 1473 1104 1504 i.
1120 1475 1150 1511 2,
1165 1475 1216 1506 37.

662 1515 770 1547 Unam
802 1516 846 1547 eii
875 1527 991 1547 coenum
1021 1523 1119 1557 atque
1147 1518 1218 1557 ejus

660 1558 833 1590 comitibus
858 1559 943 1590 dedi.
971 1559 1090 1590 Heaut.
1114 1559 1160 1590 iii.
1189 1561 1216 1597 l,

661 1602 712 1632 46.
737 1602 815 1633 Νοιι
830 1601 1060 1633 rediitacoena.
1077 1602 1217 1644 Adelph.

661 1644 682 1675 i.
703 1645 731 1681 l,
747 1645 777 1675 1.
817 1645 874 1675 Me
889 1644 931 1675 ad
945 1656 1061 1676 coenon
1073 1655 1159 1676 voca.
1175 1646 1217 1676 N.

664 1687 732 1718 Pol.
755 1697 832 1718 vero
856 1697 945 1718 voco.
978 1688 1109 1719 Phorm.
1136 1698 1165 1719 v.
1187 1689 1217 1726 8,

705 1771 805 1813 coeno]
830 1772 1016 1814 Symbolam
1034 1772 1135 1811 dedit,
1157 1785 1217 1804 coe-

662 1818 756 1847 eavit.
773 1816 860 1847 And.
870 1815 890 1846 i.
909 1816 937 1854 1,
951 1817 1002 1846 62.
1034 1816 1118 1847 Cum
1130 1826 1220 1847 nma-

663 1865 733 1890 tore
763 1869 838 1890 cum
871 1864 1002 1896 coenant,
1033 1858 1055 1889 l'
1138 1859 1218 1890 'unt-

664 1901 748 1932 Eun.
766 1911 795 1932 v.
813 1903 844 1938 4,
863 1901 911 1932 14.
929 1901 1003 1933 vide
1019 1902 1133 1933 Notas.

706 1943 790 1995 coeo]
804 1944 887 1975 Heri
897 1944 1019 1985 aliquot
1027 1944 1218 1976 adulescen-

666 1986 725 2018 tuli
743 1990 868 2018 colimus
882 1987 918 2018 in
934 1987 1049 2019 Piraeo.
1075 1987 1182 2019 Eun.
1173 1987 1219 2019 ιιι.

706 2071 801 2113 coepi]
821 2073 940 2104 Amare
958 2075 1046 2113 coepi.
1070 2073 1156 2104 Eun.
1172 2073 1218 2104 iii.

665 2117 694 2153 5,
712 2117 763 2146 20.
783 2118 869 2155 Coepi
880 2123 1011 2156 egomet
1022 2126 1150 2147 mecum
1164 2127 1219 2147 co-

663 2158 776 2199 gitare.
801 2158 886 2189 Eun.
903 2158 946 2189 iv.
963 2160 992 2196 2,
1012 2160 1040 2189 1.
1078 2158 1114 2190 Si
1129 2159 1219 2200 quie-

664 2212 758 2242 quam
780 2201 877 2232 hodie
892 2201 945 2232 hic
961 2202 1064 2233 turbae
1084 2205 1220 2242 coepen's.

1226 320 1410 362 'eicogitee,
1425 321 1595 352 remittas.
1606 321 1691 352 And.
1715 332 1746 352 v.
1773 323 1802 359 1,

1245 363 1263 396 7
1280 370 1314 394 et
1329 365 1359 395 8.
1396 363 1493 399 Quod
1508 374 1595 395 nuuc
1610 370 1679 395 tute
1695 371 1804 395 tecum

1244 406 1348 438 iratus
1369 409 1496 448 cogitas.
1529 407 1615 438 Eun.
1640 407 1662 437 i.
1694 408 1722 445 1,
1753 408 1801 438 19.

1248 449 1396 480 Profecto
1416 456 1538 490 quanto
1555 449 1663 498 magis
1684 450 1805 491 magis-

1246 502 1309 533 que
1323 495 1430 533 cogito.
1455 493 1540 524 Eun.
1553 492 1600 523 iii.
1617 493 1696 530 3,1.
1729 492 1803 524 Eti-

1246 541 1402 575 amatque
1410 534 1509 566 etiam
1518 536 1580 566 hoc
1588 538 1698 576 cogita.
1716 535 1803 566 Eun.

1639 581 1805 627 cogitaras.

1248 620 1334 651 Eun.
1351 620 1397 651 iii.
1417 621 1445 658 1,
1464 621 1515 652 62.
1560 620 1656 663 Coepi
1676 627 1807 662 egomet

1248 673 1374 694 mecum
1389 663 1486 695 aliam
1499 674 1571 695 rem
1586 674 1628 695 ex
1642 664 1706 695 alia
1721 666 1805 706 cogi-

1249 711 1324 737 tare.
1359 706 1443 737 Eun.
1471 707 1515 738 iv
1545 708 1575 743 2,
1603 707 1632 740 7.
1668 707 1806 756 Occepi

1248 759 1374 780 mecum
1396 752 1540 798 cogitare.
1566 749 1650 781 Eun.
1666 749 1708 780 iv.
1727 751 1757 787 2,
1775 751 1806 787 8,

1251 791 1350 823 Hunc
1367 799 1403 823 tu
1424 793 1460 823 in
1481 792 1561 823 aedis
1683 804 1698 823 ι
1721 792 1805 824 reci-

1248 844 1326 875 pere
1341 835 1502 876 posthac?
1535 835 1620 866 Eun.
1644 846 1674 866 v.
1700 837 1729 872 2,
1752 836 1806 867 59.

1253 877 1357 908 Immo
1372 878 1433 908 hoc
1447 881 1588 918 cogitato.
1615 878 1724 909 Eun.
1714 888 1758 909 lv.
1774 879 1807 915 6,

1250 921 1301 950 21.
1342 922 1452 961 Cogita
1473 921 1579 951 modo.
1603 921 1689 952 Eun.
1717 931 1747 952 v.
1774 922 1807 958 8,

1250 964 1302 994 43.
1341 963 1428 998 Quid
1441 973 1528 994 nunc
1544 963 1649 995 faeere
1662 967 1780 1005 cogitat
1790 966 1809 994 t

1252 1005 1372 1036 Heaut.
1395 1005 1442 1036 iii.
1470 1008 1500 1043 3,
1525 1007 1578 1037 46.
1628 1007 1713 1042 Quia
1742 1016 1808 1038 non

1251 1048 1348 1078 rediit
1366 1048 1462 1085 filius,
1479 1059 1551 1089 quae
1565 1051 1688 1090 cogito?
1712 1049 1808 1080 Adel.

1250 1090 1271 1120 i.
1288 1092 1314 1127 1,
1331 1092 1378 1121 10.
1413 1092 1520 1132 Cogito
1529 1091 1563 1122 id
1579 1091 1665 1132 quod
1680 1102 1733 1123 res
1747 1098 1807 1123 est.

1251 1133 1390 1175 Adelph.
1410 1133 1444 1164 ii.
1474 1135 1501 1171 l,
1525 1135 1578 1164 52.
1627 1134 1693 1165 Ubi
1715 1134 1809 1166 illum

1251 1186 1402 1216 quaeram,
1418 1179 1526 1218 cogito.
1544 1176 1638 1208 Adel.
1655 1177 1697 1208 iv.
1711 1179 1741 1214 2,
1755 1179 1807 1208 30.

1251 1219 1332 1254 Quae
1347 1219 1381 1250 in
1397 1219 1507 1250 animo
1521 1222 1646 1260 cogitat.
1667 1220 1808 1261 Adelph.

1251 1261 1272 1292 i.
1303 1263 1330 1298 1,
1360 1263 1389 1293 5.
1445 1262 1519 1293 Hoc
1547 1269 1583 1293 tu
1608 1262 1706 1294 facito
1733 1273 1809 1294 cum

1250 1305 1360 1335 animo
1381 1307 1505 1345 cogites.
1537 1305 1677 1346 Adelph.
1706 1305 1752 1336 iii.
1776 1309 1808 1343 4,

1252 1348 1303 1377 55.
1349 1348 1468 1383 Quaeso
1490 1348 1550 1379 hoc
1576 1348 1674 1379 facito
1701 1355 1810 1380 tecum

1251 1392 1385 1464 &⁸332
1397 1390 1810 1483 ssdilffssaessssffagssssiff

1254 1475 1392 1517 Adelph.
1409 1486 1438 1507 v.
1456 1477 1485 1513 3,
1503 1477 1555 1507 32.
1595 1476 1648 1507 Ita
1662 1487 1736 1507 eum
1755 1476 1808 1508 in-

1251 1518 1378 1555 ritatus,
1408 1518 1554 1550 animum
1583 1525 1622 1550 ut
1650 1529 1810 1560 nequeam

1251 1561 1293 1591 ad
1305 1563 1498 1602 cogitandum
1513 1562 1694 1593 imtituere.
1732 1562 1811 1595 Non

1251 1604 1359 1645 potuit
1365 1607 1499 1646 cogitata
1505 1604 1663 1646 proloqui.
1678 1605 1810 1636 Phorm-

1251 1646 1285 1677 ii.
1306 1648 1334 1684 1,
1350 1648 1390 1677 10
1405 1654 1440 1678 et
1455 1648 1506 1678 53.

1295 1689 1442 1731 cognata]
1456 1690 1589 1721 Amicas
1601 1696 1634 1721 te
1649 1696 1683 1721 et
1696 1702 1809 1732 cogna-

1253 1737 1302 1763 tas
1323 1733 1474 1764 deserere
1494 1732 1579 1764 nolo.
1606 1733 1688 1764 Hec.
1710 1733 1754 1764 iv.
1778 1735 1809 1771 2,

1257 1775 1305 1806 16.
1355 1775 1446 1806 Cedo
1477 1775 1534 1816 qui
1570 1782 1621 1806 est
1655 1778 1810 1817 cognato!

1255 1818 1385 1849 Phorm.
1401 1818 1435 1849 ii.
1453 1819 1484 1855 3,
1501 1819 1553 1848 51.
1592 1819 1702 1859 Negat
1723 1819 1809 1850 Pha-

1254 1861 1345 1891 nium
1367 1871 1438 1892 esse
1459 1861 1545 1891 hanc
1567 1861 1630 1892 sibi

1256 1903 1442 1945 Demipho?
1466 1903 1562 1934 Hanc
1574 1903 1741 1945 Demipho
1750 1914 1809 1935 ne-

1253 1952 1310 1987 gat
1326 1956 1398 1977 esse
1420 1949 1605 1987 matam?
1628 1946 1759 1978 Phorm.
1774 1946 1811 1978 ii.

1254 1990 1284 2026 3,
1296 1990 1315 2019 5
1329 1995 1364 2020 et
1377 1989 1407 2019 6.
1442 1989 1532 2020 Cave
1546 1999 1589 2020 ne
1603 1989 1639 2020 ιιι

1253 2041 1378 2073 pecces.
1423 2031 1554 2063 Phorm.
1570 2042 1602 2063 v.
1618 2033 1649 2070 3,
1663 2033 1715 2064 20.

1296 2073 1458 2115 cognatus]
1489 2075 1606 2116 Inopia
1622 2081 1656 2106 et
1669 2080 1812 2116 cognato-

1254 2128 1321 2148 rum
1342 2117 1545 2158 neclegentia
1564 2124 1686 2149 coacta.

1254 2159 1275 2191 i.
1295 2161 1323 2197 1,
1339 2161 1391 2191 44.
1433 2161 1467 2191 Is
1483 2159 1563 2191 mihi
1578 2166 1725 2202 cognatus
1738 2160 1811 2197 fuit.

1255 2203 1381 2234 And.v.
1396 2205 1427 2239 4,
1440 2205 1491 2234 23.
1509 2203 1584 2234 vide
1599 2203 1714 2235 Notas.
1738 2203 1811 2236 Ha·

667 2245 749 2275 Eun.
764 2244 806 2275 iv.
822 2245 852 2281 7,
866 2245 918 2275 30.
959 2245 1039 2284 EJus
1051 2244 1151 2275 filiam
1166 2244 1222 2276 ille
1256 2245 1376 2277 beohic
1388 2246 1563 2283 neminem,
1572 2253 1812 2287 nequenotum,

665 2297 773 2318 amare
799 2290 892 2326 coepit
921 2287 1092 2328 virg-inem.
1136 2289 1222 2327 Coepn'
1255 2298 1360 2329 neque
1374 2294 1542 2330 cognatm·-
1572 2289 1657 2320 Eun.
1674 2289 1696 2320 i.
1713 2290 1812 2327 268.

665 2340 730 2361 non
758 2329 947 2361 humanitus
976 2337 1124 2361 metare.
1157 2330 1223 2362 Ubi
1256 2331 1399 2368 Amicos,
1419 2341 1532 2373 gean
1554 2337 1706 2372 cognatu,
1726 2332 1812 2364 divi·

666 2372 769 2410 video,
776 2373 1085 2413 haeccoepicogitare.
1101 2373 1221 2404 Heaut.
1256 2375 1326 2405 tias.
1358 2374 1478 2405 Heaut.
1499 2374 1522 2405 i.
1543 2375 1574 2412 2,
1599 2375 1651 2405 20.
1701 2374 1813 2416 Hegio

666 2416 735 2453 i.1‚
751 2417 803 2452 45,
820 2416 873 2453 47,
893 2423 927 2446 et
950 2417 1001 2448 76.
1047 2415 1122 2446 Hoc
1137 2416 1222 2456 quod
1256 2423 1305 2448 eet
1341 2417 1394 2448 his

1435 2422 1581 2458 cognom
1622 2427 1812 2459 proxumus.

665 2469 742 2499 coepz
737 2458 911 2500 ¹,primum
924 2468 1083 2490 enarrem.
1102 2459 1222 2490 Heaut.
1257 2459 1396 2501 Adelph.
1418 2470 1447 2490 v.
1472 2461 1502 2496 8,
1527 2461 1579 2491 24.
1624 2460 1742 2501 Neque
1763 2460 1813 2492 im

667 2501 699 2532 ii.
718 2503 747 2538 3,
765 2502 817 2532 32.
857 2501 961 2532 Video
977 2511 1042 2532 non
1057 2501 1166 2538 licere,
1187 2508 1224 2532 ut
1256 2502 1461 2539 benevolens,
1470 2512 1577 2544 neque
1587 2509 1694 2540 notus,
1706 2513 1813 2545 neque

668 2598 696 2617 v.
723 2588 752 2623 5,
778 2587 807 2617 9.
835 2543 919 2617 ¹³3·er
945 2586 1110 2618 mensibus
1132 2587 1223 2628 prius

903 2544 1106 2585 pertendere.
1116 2544 1220 2575 Heau.
1255 2550 1410 2586 cognatu.
1435 2545 1591 2576 Phonm'
1580 2555 1603 2576 1.
1619 2546 1650 2583 2,
1666 2546 1719 2577 48.

1298 2587 1448 2629 cognitio]
1488 2588 1541 2619 De
1572 2590 1742 2629 cognitione
1775 2594 1814 2620 m

666 2629 857 2666 olfecissem,
873 2639 969 2669 quam
985 2628 1041 2660 ille
1033 2629 1222 2678 ”quicquam
1254 2637 1380 2661 certum
1405 2630 1515 2661 sciam.
1540 2630 1627 2662 Eun.
1651 2640 1682 2662 v.
1707 2632 1739 2669 3,
1761 2632 1811 2663 12.

667 2674 823 2712 coeperet?
861 2671 1001 2713 Adelph.
1032 2671 1078 2702 iii.
1108 2673 1138 2709 3,
1169 2673 1221 2703 43.
1259 2673 1350 2704 Inde’
1353 2679 1384 2704 st

1403 2673 1811 2714 oogumfaemneev.

668 2714 771 2755 Perga
775 2725 806 2745 ιιι
841 2724 906 2755 quo
940 2717 1020 2754 coepi
1055 2714 1118 2745 hoc
1149 2714 1222 2746 iter.
1257 2716 1287 2753 3,
1303 2716 1356 2746 33.

669 2757 751 2788 Hec-
769 2757 789 2787 i.
807 2758 838 2792 2,
857 2757 927 2787 119.

710 2798 1014 2840 mmmmm

1447 2757 1593 2799 JRcm

1015 2810 1060 2836 ae,
1076 2799 1221 2831 Thraso?
1258 2769 1452 2832 ΑΒΜ
1474 2802 1527 2833 24.
1570 2801 1797 2844 Tnndemcog

77 2845 122 2876 rit
133 2844 284 2876 servitus.
307 2843 432 2874 And.i.
453 2844 479 2880 1,
497 2844 527 2874 9.
562 2844 631 2874 Cle·
647 2842 755 2891 'Eum
771 2852 800 2873 v.
815 2842 844 2879 7,
864 2843 892 2873 1.
908 2842 982 2873 vide
999 2842 1112 2873 Notas.
1135 2842 1224 2878 Quid
1256 2845 1336 2875 noeti
1355 2843 1413 2885 qui
1428 2843 1533 2876 siem?
1561 2843 1648 2876 And.
1670 2844 1716 2876 iii.
1732 2846 1764 2883 4,
1781 2847 1812 2879 7.

77 2893 204 2919 nentem
226 2887 326 2918 vitam
347 2886 515 2922 urbanam,
537 2891 652 2940 etque
668 2884 721 2915 hic
736 2887 876 2924 coeptat?
904 2884 1025 2916 neam.
1047 2884 1091 2916 iv.
1114 2886 1146 2924 4,
1174 2886 1223 2916 12.
1258 2885 1440 2918 Utilitatem
1463 2885 1499 2919 in
1525 2896 1566 2919 en
1583 2897 1621 2919 re
1640 2887 1755 2919 ficiam
1776 2895 1814 2920 ιιι

78 2930 181 2962 otium
204 2936 335 2961 secutus
349 2938 431 2960 sum.
458 2927 563 2970 Adelp
563 2927 621 2959 h.'
611 2937 633 2958 1.

83 2975 109 3011 1,
128 2973 177 3006 17.
211 2974 356 3008 clemens,
365 2970 521 3019 placidus.
539 2938 652 3013 Adel.

648 2915 826 2979 Phorm.'
816 2937 859 2958 iv.
877 2928 908 2965 3,
924 2928 975 2958 21.

711 2969 897 3011 ωειιο]8ιο
908 2971 1087 3011 cogitabo..
1102 2970 1211 3002 And.
1202 2981 1223 3002 ι

1430 2939 1545 2962 metm.
1568 2929 1679 2962 Eun·
1668 2930 1703 2962 ιι.
1716 2932 1747 2969 3,
1762 2932 1813 2963 18.

1324 2982 1400 3004 ιιοιιι
1420 2979 1472 3004 cet
1486 2983 1543 3004 voe
1565 2984 1750 3014 cognoscere,
1762 2980 1812 3005 ιιι-

77 3026 108 3047 v.
125 3017 221 3054 4,1o.
254 3014 375 3046 Animo
389 3013 554 3055 benigno·
544 3023 579 3045 ιιι
594 3013 635 3044 il·
650 2999 701 3051 ¹1,
714 3014 766 3044 84.
802 3013 849 3044 Ut
861 3023 903 3044 ne
918 3019 1004 3045 esset
1018 3013 1159 3055 spatium
1174 3025 1244 3046 co-
1239 3025 1323 3056 que
1343 3015 1521 3057 ignoeoere.
1542 3016 1628 3047 Eun.
1651 3017 1737 3048 Pron.
1759 3019 1812 3048 42.
