1910 3216
441 100 626 139 INDEX
658 99 983 137 VERBORUM
1016 101 1086 137 ΕΤ
1116 101 1439 141 PHRASIUM.
1786 110 1807 140 3

71 183 136 214 lam
165 183 269 215 civem
294 182 372 214 hinc
398 182 517 214 dicant.
542 182 627 215 And.
643 181 838 223 lfibih‘eset
866 183 951 215 bene
978 183 1134 226 procedit.
1169 185 1214 216 A·

71 236 102 257 v.
119 227 149 263 3,
171 227 223 257 21.
261 225 298 257 Si
319 225 411 257 illum
433 232 553 268 potest,
572 226 629 266 qui
643 222 649 255 l
662 224 770 268 delpb.
787 236 817 257 v.
834 225 865 263 6,
884 227 914 257 8.

1252 225 1260 232 ·
1291 182 1435 257 paige-to]
1448 183 1501 215 Ne
1516 185 1708 223 teadflictes.
1721 184 1807 216 Eun.

1250 235 1272 258 ι.
1309 249 1320 264 ,
1378 248 1388 257 .

71 268 168 300 alicui
180 269 228 300 rei
239 275 299 306 eet,
311 269 410 300 etiam
423 278 497 300 eum
513 269 555 300 nd
570 278 627 300 ue-
642 261 648 309 Ι
703 267 847 309 αᾰίαιυ]
865 268 911 299 Ut
925 268 1084 311 voluptati
1099 269 1217 308 obitus,
1293 267 1494 310 adgraveseo]
1518 268 1608 300 Male
1629 275 1749 306 metuo,
1766 279 1808 301 ne

71 311 207 352 quitiam
230 313 391 343 adducere.
416 311 557 353 Adelph.
580 311 627 343 iii.
643 312 648 341 Ι
661 321 778 349 termo,
789 310 916 352 adfatu
928 318 1013 349 tuus,
1026 322 1218 354 quocunque

71 356 103 390 3,
126 355 155 385 4.
202 354 389 395 Aliquando
413 355 542 386 tandem
564 354 628 386 huc
661 353 842 392 adveneris,
865 365 994 396 semper
1015 355 1086 386 siet.
1134 355 1216 388 Hec.

71 396 217 428 animum
230 404 267 428 ut
277 399 414 428 adducas
426 404 527 428 tuum.
543 397 626 429 Hec.
664 407 692 428 v.
709 398 740 434 4,
760 398 808 428 19.
825 396 899 428 vide
916 397 1029 429 Notas.

71 439 113 471 iv.
130 441 160 476 4,
178 439 230 470 61.
247 440 322 471 vide
338 440 450 471 Nom.

72 499 76 503 ·
106 482 258 523 Adelph]
269 483 353 514 Eum
360 483 412 514 hic
421 482 528 514 locuiu
538 493 624 514 mm·
662 482 703 513 ad
717 493 770 514 me
785 481 943 523 adfectant
958 482 1053 514 viam.
1085 484 1216 516 Pborm.

69 524 113 555 sit
137 525 199 556 sibi
226 525 260 556 iu
285 527 447 566 Adelphoae.
486 524 626 567 Adelph.
662 535 691 556 v.
710 525 740 564 7,
757 525 808 559 71.
848 526 902 557 Ad
916 526 1064 558 dominas
1081 526 1136 567 qui
1159 529 1216 558 ad·

71 567 157 599 Ptol.
178 569 227 599 11.
652 567 776 609 sectant
790 568 887 600 viam.
926 569 1047 600 Heaut.
1066 569 1100 600 ii.
1117 571 1147 607 3,
1164 571 1217 601 60.

113 610 464 652 adeo‚advetb.]Voltu
472 612 547 643 adeo
556 621 624 642 mo·
702 610 826 652 adsero]
857 611 902 642 Ut
925 612 1035 650 sciam,
1060 613 1217 654 numquid

68 652 172 691 desto,
188 656 264 685 adeo
279 661 425 691 venusto,
444 661 480 686 ut
502 653 550 685 nil
571 664 626 685 su·
661 653 839 686 hoecturboe
846 654 1115 696 tristitiaadserat.
1130 656 1216 687 And.

70 706 138 738 pra.
163 696 249 728 And.
270 697 292 728 i.
320 699 347 734 l,
369 698 421 729 93.
462 697 571 738 Magis
593 696 628 728 id
661 696 960 734 i.4,8.videNotas.
985 698 1067 729 Haec
1076 698 1217 740 primum

69 740 154 776 adeo,
162 739 243 770 mibi
250 747 286 771 ut
294 739 522 771 incommodet.
539 739 625 771 And.
660 739 1071 781 adsertarjammibiabhoc
1081 741 1214 773 fallacia.

69 781 91 812 i.
113 783 140 819 1,
166 783 236 813 135.
279 783 391 824 lpsum
413 784 488 814 adeo
509 789 627 824 praesto
665 783 747 814 And.
768 782 814 814 iii.
842 784 868 820 1,
895 784 944 815 13.
984 783 1085 815 Haud
1106 785 1215 833 auspi-

69 823 166 855 video
179 835 254 856 cum
272 825 374 857 Davo.
399 825 485 856 And.
501 825 535 856 ii.
552 826 582 863 5,
596 826 625 856 4.
660 832 733 856 cato
754 825 818 857 huc
840 836 892 856 me
913 828 1017 857 attuli.
1059 827 1145 858 And.
1169 827 1215 858 ιιι.

70 868 149 905 Aut,
164 867 194 898 si
207 870 293 905 adeo,
310 868 400 899 bidui
418 875 468 900 est
489 875 546 899 aut
567 867 624 899 tri-
662 869 692 906 2,
709 869 758 899 12.
770 868 844 899 vide
858 868 972 900 Notas.
1011 869 1078 900 Hic
1090 880 1217 911 quoque

69 910 126 941 dui
142 910 211 941 baec
224 910 418 942 sollicitudo.
442 911 529 942 And.
544 910 578 942 ii.
596 911 626 948 6,
661 911 779 942 bonam
798 921 1012 952 magnamque
1033 919 1159 953 partem
1176 913 1216 944 ad

70 953 101 983 9.
141 955 250 994 Atque
262 956 337 985 adeo
348 954 383 984 in
394 953 467 995 ipoe
481 961 627 995 tempore
660 960 693 984 te
708 955 824 985 attulit.
849 954 934 985 Eun.
951 954 973 985 i.
991 956 1021 992 2,
1037 956 1089 986 43.
1128 955 1216 991 Quid

70 1005 183 1027 eccum
206 996 322 1038 ipsum.
347 997 433 1028 And.
449 996 496 1027 iii.
519 998 550 1034 2,
573 997 625 1028 52.
660 997 785 1028 dicam?
805 997 1216 1038 quamcausamadseram?

69 1038 224 1076 Suadere,
242 1049 344 1076 orare,
361 1049 463 1080 usque
477 1041 553 1070 adeo
568 1039 625 1071 do·
663 1039 783 1070 Heaut.
799 1039 842 1070 iv.
860 1041 890 1076 3,
907 1040 959 1070 23.
991 1040 1044 1071 Da
1057 1040 1149 1078 mihi,
1166 1048 1214 1072 at-

70 1091 131 1112 nec
158 1081 311 1124 perpulit.
339 1081 425 1113 And.
449 1081 492 1113 iv.
521 1083 549 1119 1,
573 1083 626 1113 38.
660 1092 723 1122 que
733 1081 920 1123 adfermihi.
938 1082 1103 1114 Heautii.
1121 1085 1148 1121 1,
1165 1085 1214 1115 11.

73 1124 218 1166 Propera
245 1126 321 1156 adeo
346 1134 484 1167 puerum
515 1124 627 1156 tollere
662 1124 763 1156 Nulla
776 1135 839 1163 res,
849 1135 920 1166 quae
929 1125 975 1156 mi
988 1125 1215 1167 aegritudinem

70 1166 147 1198 hinc
170 1168 211 1198 ab
227 1169 338 1208 janua.
362 1168 448 1199 And.
465 1167 508 1198 iv.
524 1169 556 1203 4,
573 1169 624 1199 20.
660 1167 792 1209 adserat.
811 1168 931 1199 Heaut.
947 1168 990 1199 iv.
1004 1170 1034 1206 3,
1046 1170 1075 1200 2.
1103 1169 1215 1201 Solum

72 1209 171 1244 Nunc
195 1212 279 1246 adeo,
306 1217 343 1241 ut
370 1217 407 1242 tu
434 1210 481 1242 sis
510 1210 625 1242 sciens.
661 1221 762 1242 unum
784 1211 846 1243 hoc
861 1211 977 1242 vitium
992 1218 1144 1243 senectus
1156 1215 1214 1244 ad·

71 1253 158 1284 And.
168 1252 211 1284 iv.
221 1254 252 1290 4,
266 1254 317 1284 36.
349 1254 457 1294 Atque
468 1255 543 1285 adeo
554 1253 624 1285 lou·
651 1252 720 1293 sert
747 1253 943 1285 hominibus.
966 1254 1106 1296 Adelph.
1131 1266 1160 1286 v.
1185 1257 1214 1292 3,

69 1296 200 1335 gum’st,
226 1306 286 1327 nos
309 1295 401 1327 illum
427 1304 626 1338 exspectare.
662 1296 713 1329 47.
738 1297 897 1328 Laborem
912 1297 1042 1328 inanem
1055 1297 1147 1339 ipsus
1161 1309 1214 1329 ca-

70 1338 158 1369 And.
178 1349 208 1369 v.
231 1339 262 1376 6,
288 1340 337 1370 13.
376 1339 627 1371 Adulescentem
661 1339 721 1380 pit,
753 1346 787 1370 et
813 1339 862 1370 illi
889 1339 1072 1371 molestiam
1103 1340 1215 1382 adfert.

70 1382 146 1412 adeo
168 1381 320 1412 nobilem.
347 1382 431 1413 Eun.
454 1381 475 1412 ι.
500 1383 531 1420 2,
556 1383 626 1413 124.
665 1382 746 1413 Hec.
769 1382 816 1414 iii.
843 1384 873 1420 2,
899 1383 929 1413 9.
974 1383 1072 1418 Quod
1095 1384 1137 1415 ab
1160 1383 1217 1415 illo

662 1426 849 1461 aMatum’st,
866 1425 928 1456 sibi
944 1436 1015 1457 esse
1030 1425 1064 1457 id
1079 1426 1216 1458 relatum

662 1474 765 1509 putet.
782 1468 912 1499 Phorm.
928 1468 1014 1500 Prol.
1027 1470 1080 1500 22.
1112 1469 1215 1500 Mira-

663 1511 730 1547 bar,
746 1511 774 1542 si
791 1517 826 1542 tu
837 1511 917 1542 mibi
930 1511 1101 1552 quicquam
1113 1512 1215 1553 adfer-

663 1565 711 1584 res
721 1554 809 1585 novi.
826 1554 956 1585 Phorm.
972 1554 1020 1586 ιιι.
1031 1556 1061 1592 2,
1074 1556 1104 1586 5.
1132 1555 1217 1587 Vide

662 1597 734 1637 opis
750 1597 856 1638 siquid
871 1603 979 1639 potest
993 1597 1115 1638 adferre
1130 1597 1215 1630 huic.

664 1639 794 1670 Phorm.
823 1639 869 1670 iii.
896 1642 927 1677 3,
953 1641 1004 1671 20.
1057 1641 1109 1672 Mi
1135 1652 1217 1683 opus

662 1690 741 1719 erat,
749 1682 984 1723 aliquantulum
990 1694 1062 1725 quae
1070 1683 1215 1725 adferret.

664 1726 793 1756 Phorm.
810 1725 852 1756 iv.
870 1727 900 1763 3,
917 1727 969 1756 50.
1015 1727 1142 1758 Auxilii
1164 1727 1214 1759 ni·

662 1768 708 1799 hil
729 1767 881 1808 adferant.
906 1769 1046 1810 Adelph.
1068 1770 1114 1800 iii.
1139 1771 1168 1808 2,
1186 1772 1215 1801 2.

644 1813 646 1816 ’
663 1810 749 1842 Vide
765 1811 863 1842 etiam
878 1812 982 1848 sodet,
1000 1819 1037 1843 ut
1052 1813 1133 1844 mihi
1148 1813 1216 1844 baec

662 1861 751 1885 certa
766 1861 798 1885 et
809 1854 898 1885 clara
911 1857 1062 1886 attuleris.
1082 1856 1165 1887 Hec.
1185 1867 1215 1888 v.

704 1939 829 1981 adficio]
846 1941 996 1976 Quonam
1012 1941 1108 1973 modo
1130 1952 1217 1973 nunc

663 1989 695 2013 te
725 1982 885 2014 offendam
917 1983 1094 2023 adjectam?
1133 1985 1215 2016 Hec-

662 2025 709 2056 iii.
728 2027 756 2063 1,
773 2028 825 2056 45.
854 2026 932 2057 Alio
946 2026 1115 2068 suspicans
1130 2038 1215 2059 mor-

70 1423 150 1454 Non
173 1426 249 1455 adeo
269 1424 447 1456 inhumano
470 1435 531 1466 ego
556 1435 628 1456 sum

71 1466 213 1508 ingenio.
239 1467 323 1499 Eun.
347 1478 378 1498 v.
402 1469 433 1505 2,
455 1469 507 1499 41.
548 1468 628 1499 Pos-

71 1517 176 1540 tremo
191 1511 266 1541 adeo
288 1521 341 1542 res
363 1510 469 1542 rediit.
508 1511 627 1542 Heaut.

70 1552 93 1583 i.
114 1554 141 1589 1,
158 1553 208 1583 61.
245 1553 291 1584 Ut
305 1553 388 1584 clam
405 1553 534 1584 eveniat
553 1564 627 1595 par-

72 1598 629 1671 ffffipiffffhss‘wfflss‘ssuissnffio

71 1680 234 1721 injuriam.
260 1682 342 1713 Hec.
359 1682 401 1713 iv.
419 1684 449 1720 4,
468 1683 518 1713 68.
558 1683 626 1713 Ne-

72 1734 135 1764 que
150 1734 232 1765 opus
247 1731 297 1756 est
306 1727 381 1756 adeo
390 1725 515 1756 mutito.
544 1725 626 1757 Hec-

72 1777 102 1797 ν.
123 1768 150 1803 1,
165 1768 216 1798 26.
256 1767 372 1808 Neque
386 1768 558 1799 defetiscar
572 1778 626 1799 us-

72 1819 135 1850 que
158 1811 234 1841 adeo
261 1810 448 1852 experirier.
496 1811 626 1842 Pborm.

71 1852 114 1883 iv.
128 1854 158 1890 4,
171 1854 222 1883 23.
261 1853 376 1884 Credis
391 1860 424 1884 te
439 1853 628 1894 ignorarier,

71 1901 128 1926 aut
144 1902 200 1926 tua
220 1895 305 1927 facta
326 1898 426 1927 adeo?
450 1896 580 1928 Phorm.
597 1908 627 1929 v.

115 1982 231 2019 adeon'‚
244 1981 374 2022 adeone]
392 1983 508 2013 Adeon'
522 1982 625 2013 homi-

71 2034 148 2055 nem
169 2035 240 2056 esse
262 2031 482 2062 invenustum,
498 2032 555 2056 aut
576 2035 626 2056 m-

71 2066 198 2098 felicem
208 2077 403 2108 quenquam,
414 2069 627 2109 utegosum?
662 2069 704 2099 bo
733 2079 786 2100 me
814 2069 960 2100 visurum
989 2069 1151 2110 adfectam,
1179 2082 1216 2102 ac

73 2110 160 2141 And.
174 2109 196 2140 i.
210 2112 240 2147 5,
256 2111 305 2141 10.
337 2113 460 2142 Adeone
472 2121 523 2142 me
535 2110 626 2152 igna-
662 2111 750 2143 sensi
765 2122 900 2143 uxorem
916 2123 996 2143 esse.
1022 2113 1104 2144 Hec.
1122 2113 1168 2144 iii.
1185 2115 1215 2151 3,

72 2163 150 2184 vum
172 2155 290 2195 putas?
321 2155 434 2185 adeone
455 2164 553 2195 porro
575 2154 625 2184 in·
663 2155 693 2185 6.
739 2155 869 2190 Quanta
884 2165 936 2186 me
951 2165 1028 2186 cura
1045 2162 1078 2187 et
1095 2155 1214 2188 sollici·

70 2197 223 2236 gratum?
249 2196 334 2227 And.
357 2196 378 2227 i.
403 2198 433 2234 5,
456 2198 499 2228 42
521 2203 555 2228 et
576 2198 627 2228 43.
663 2197 775 2229 tudine
790 2199 895 2237 adficit
908 2200 1049 2239 gnatus?
1085 2199 1215 2230 Phorm.

73 2240 197 2269 Adeone
216 2246 266 2270 est
287 2239 443 2270 demens?
473 2239 559 2270 And.
581 2239 628 2271 iii.
812 2263 821 2271 .
884 2241 1033 2272 Tantane
1065 2241 1216 2282 adjectum

76 2282 164 2317 1‚11.
180 2282 629 2314 Adeou’videmurvobisesse
662 2293 855 2324 quemquam
876 2294 947 2315 esse
971 2283 1137 2315 bominem
1159 2295 1216 2317 au-

72 2323 193 2362 idonei,
206 2324 241 2355 in
256 2325 373 2365 quibus
387 2325 434 2356 sic
449 2325 626 2357 inludatisP
662 2326 775 2357 dacia?
815 2327 947 2358 Phorm.
964 2337 993 2357 v.
1012 2327 1041 2364 7,
1057 2328 1110 2358 84.

74 2366 160 2397 And.
173 2367 215 2398 iv.
229 2369 260 2404 4,
277 2369 325 2398 18.
353 2369 468 2399 Adeon’
481 2367 629 2400 homines
704 2369 832 2411 adfinis]
856 2370 972 2410 Neque
994 2369 1121 2401 illarum
1140 2372 1216 2410 adfi-

73 2409 266 2441 inmutarier
281 2420 322 2441 ex
337 2412 468 2442 amore?
494 2411 580 2442 Eun.
594 2411 626 2442 ii.
662 2423 714 2443 nes
729 2422 800 2443 ease
814 2423 934 2450 rerum,
950 2423 1030 2454 quas
1051 2412 1115 2444 fert
1136 2413 1215 2444 adu-

663 2454 826 2486 lescentia.
850 2455 972 2487 Heaut.
996 2455 1029 2486 ii.
1055 2457 1082 2493 l,
1098 2457 1128 2487 3.
1174 2456 1217 2487 Et

661 2508 763 2539 gener
771 2505 805 2529 et
813 2500 927 2537 adfines
941 2498 1080 2540 placent.
1095 2499 1215 2530 Heaut.

665 2551 693 2571 v.
710 2542 738 2578 1,
752 2541 803 2571 63.
827 2543 947 2581 Affais
960 2541 1063 2573 nobis.
1074 2541 1215 2584 Adelph.

662 2594 693 2615 v.
710 2585 741 2621 8,
757 2585 808 2615 25.

706 2626 866 2668 adfinitas]
886 2627 1020 2659 Nullou’
1037 2637 1098 2669 ego
1113 2627 1215 2660 Chre-

664 2669 759 2700 metis
770 2677 866 2711 pacto
873 2672 1061 2710 adfinitatem
1182 2681 1217 2702 re

663 2713 801 2760 potero?
840 2713 926 2744 And.
942 2713 963 2744 i.
981 2714 1012 2751 5,
1031 2714 1081 2744 12.
1118 2713 1217 2745 Haud

662 2762 709 2785 lta
723 2754 826 2792 decet,
841 2755 870 2787 si
884 2763 1052 2797 perpetem
1069 2756 1152 2788 banc
1169 2756 1216 2788 vis

663 2807 738 2871 τεῇς
747 2798 1215 2881 emensae&

77 2453 104 2488 l,
136 2453 184 2483 19.
210 2454 342 2484 -Adeon’
377 2463 447 2484 rem
484 2454 627 2485 redisse?

75 2495 196 2526 Heaut.
212 2505 243 2526 v.
260 2497 291 2532 2,
307 2496 359 2528 27.

116 2539 201 2574 adeo,
207 2537 314 2579 veru]
322 2540 477 2570 Adeanne
482 2539 523 2571 ad
532 2550 606 2571 eum
614 2541 626 2570 2

74 2580 162 2612 And.
177 2580 220 2612 iv.
240 2581 268 2617 l,
286 2582 334 2612 15.
370 2582 505 2622 Aliquot
519 2593 571 2614 me
592 2595 628 2614 a-

75 2625 208 2654 dierunt.
234 2624 320 2654 And.
337 2624 384 2655 ιιι.
402 2625 432 2660 3,
451 2626 481 2656 2.
519 2625 630 2657 Edicit

74 2667 629 2746 {zxf‘fi‘ffssffqss'aemjffiffifflt

74 2751 150 2783 filia.
175 2752 259 2782 Hec.
275 2751 310 2782 ιι.
327 2753 357 2789 2,
374 2753 404 2783 9.
441 2752 564 2784 Eccum
579 2753 628 2784 vi-

73 2795 153 2826 deo:
177 2796 277 2826 adibo.
290 2795 387 2826 Eun.
398 2805 428 2826 v.
444 2795 474 2832 7,
487 2797 517 2826 5.
554 2796 627 2827 Ma·

72 2837 228 2878 gistratus
242 2839 305 2868 adi.
338 2838 468 2869 Phorm.
481 2837 515 2869 ii.
531 2839 564 2876 3,
576 2839 628 2870 56.

73 2880 128 2912 Ad
154 2887 356 2922 precatorem
386 2883 493 2912 adeam
521 2881 627 2912 credo.
663 2892 741 2914 saue
749 2890 940 2925 perpetuam
952 2883 1034 2916 volo.
1045 2884 1176 2916 Hecdv.
1184 2886 1215 2923 4,

74 2923 205 2954 Phorm.
222 2923 243 2954 i.
260 2924 290 2960 2,
307 2924 359 2955 90.
397 2923 523 2965 Capitis
543 2924 629 2966 peri-
666 2926 716 2956 14.
750 2925 887 2958 Manere
915 2928 1103 2967 adfinitatem
1133 2927 1216 2960 banc

73 2965 159 2997 clum
175 2967 273 2997 adire.
312 2966 397 2998 And.
413 2966 455 2998 iv.
475 2968 502 3004 1,
519 2968 571 2998 54.
663 2967 749 3000 inter
778 2979 839 3001 uos
867 2969 950 3001 volo.
994 2970 1080 3002 nec.
1110 2970 1153 3002 iv.
1184 2973 1215 3009 4,

118 3008 282 3050 adfabilis]
308 3009 453 3047 Meditqr
475 3020 546 3042 esse
571 3012 627 3042 ad-
667 3012 736 3043 101.

705 438 839 481 adjecto]
853 440 900 471 Hi
908 440 1100 481 gladiatorio
1108 441 1219 472 animo
1251 439 1306 478 sit,
1320 439 1385 472 alia

1252 311 1455 343 Philumena
1476 311 1581 353 magis
1592 312 1734 347 'morbus
1747 314 1806 344 ad-

1249 360 1419 396 graveseat.
1438 354 1521 386 Hoc.
1537 354 1584 386 ιιι.
1599 355 1629 392 2,
1646 356 1677 386 2.

1294 396 1476 438 adgredior]
1501 397 1575 429 Hac
1590 407 1656 428 nou
1678 408 1807 429 sucoes-

1398 442 1613 482 adgreda’enur
1633 440 1695 472 via.
1719 441 1807 472 And.

1250 482 1295 514 iv.
1318 484 1345 521 1,
1370 483 1422 516 47.
1440 485 1629 524 Adgrediar.
1657 483 1806 521 Bacchis,

1252 525 1349 557 salve.
1368 526 1451 557 Hec.
1468 536 1498 557 v.
1514 527 1543 564 1,
1555 527 1585 558 5.
1604 526 1700 558 Itane
1711 526 1808 568 agitis

1252 570 1399 600 mecum?
1415 568 1496 601 satie
1503 575 1611 600 asmte
1618 571 1807 610 adgredi-ai-

1251 614 1293 642 ni-
1326 612 1457 644 Phorm-
1473 622 1503 644 ν.
1521 611 1552 650 7,
1570 612 1621 646 75.
1638 611 1712 644 vide
1735 612 1805 644 No-

1294 696 1441 739 adlu'beo]
1463 697 1539 730 Hoc
1565 703 1688 730 temere
1709 709 1805 730 uum-

1251 750 1348 781 quam
1363 741 1510 772 amittam
1532 751 1594 782 ego
1608 751 1629 772 a
1647 751 1711 778 me,
1726 741 1806 783 quin

1251 783 1332 814 mibi
1358 784 1452 815 testis
1475 785 1647 816 adhibean-
1674 784 1805 816 Phorm.

1250 826 1294 857 iv.
1311 827 1342 863 5,
1359 828 1388 858 2.

1293 869 1455 910 adhortor]
1484 871 1651 908 Adhortor,
1687 880 1807 912 prope-

1250 918 1332 942 rent.
1358 912 1443 943 Eun.
1466 911 1512 943 ιιι.
1531 914 1562 950 5,
1585 913 1637 943 35.
1683 913 1808 945 Praeter

1249 964 1345 994 quam
1354 964 1406 986 ree
1413 957 1598 986 adhortatur
1607 961 1671 987 tua.
1683 955 1807 988 Heaut.

1248 996 1269 1028 ι.
1290 998 1318 1034 1,
1333 999 1364 1029 8.

1292 1039 1409 1081 adhuc]
1422 1039 1490 1076 Qui
1502 1051 1555 1072 me
1571 1046 1637 1072 tam
1648 1041 1715 1072 leui
1730 1052 1805 1083 pas-

1249 1083 1471 1159 ffi'ffffi.
1481 1086 1806 1167 ”Jaufflfflss‘

1249 1168 1304 1199 nia
1324 1168 1401 1200 huic
1424 1179 1495 1200 esse
1516 1168 1621 1200 video.
1648 1170 1734 1200 And.
1759 1170 1806 1202 ιιι.

1250 1213 1279 1248 2,
1300 1212 1326 1242 1.
1351 1211 1444 1243 Nihil
1458 1213 1560 1243 adhuc
1573 1218 1633 1250 est,
1649 1213 1735 1253 quod
1750 1223 1807 1244 ve-

1249 1264 1350 1286 reare.
1369 1254 1491 1286 Heaut.
1504 1254 1525 1285 i.
1541 1256 1571 1292 2,
1586 1256 1614 1286 1.
1639 1255 1809 1287 Celabitur

1249 1296 1373 1335 itidem,
1412 1303 1450 1328 ut
1484 1297 1588 1328 celata
1616 1300 1717 1330 adhuc
1745 1306 1806 1330 est.

1254 1340 1374 1371 Heaut.
1387 1339 1431 1371 iv.
1449 1341 1479 1377 3,
1497 1341 1549 1371 20.
1593 1342 1706 1372 Adhuc
1718 1342 1807 1383 quod

1250 1382 1415 1414 factum’st
1433 1382 1543 1420 miror,
1564 1393 1630 1414 non
1647 1385 1738 1424 jusse
1753 1395 1807 1416 me

1250 1425 1356 1467 abripi
1385 1425 1472 1456 hinc.
1511 1426 1633 1458 Heaut.
1657 1438 1688 1458 v.
1705 1428 1736 1465 2,
1752 1429 1807 1461 47.

1250 1470 1361 1499 Adhuc
1375 1479 1441 1500 nou
1456 1468 1593 1500 molesta
1606 1475 1694 1501 sunt.
1710 1470 1806 1502 Adel.

1250 1510 1271 1542 i.
1289 1512 1383 1548 2,42.
1400 1511 1707 1544 Satadhuetuanoe
1721 1513 1807 1545 fian-

1251 1555 1377 1586 ttata‘st
1388 1554 1479 1586 fides.
1496 1554 1637 1597 Adelph.
1653 1555 1697 1587 iv.
1710 1557 1742 1595 4,
1757 1557 1805 1588 13.

1250 1597 1420 1629 Cessatum
1442 1608 1545 1638 usque
1559 1600 1660 1630 adhuc
1675 1605 1734 1630 eet.
1756 1599 1805 1631 A·

1249 1640 1357 1682 delph.
1373 1640 1417 1672 iv.
1433 1642 1465 1679 4,
1479 1642 1531 1672 23.
1554 1641 1667 1672 Vitam
1680 1642 1807 1681 duram,

1250 1693 1346 1724 quam
1356 1683 1424 1715 vixi
1434 1694 1535 1724 usque
1544 1686 1652 1715 adhuc.
1663 1684 1806 1727 Adelph.

1251 1737 1280 1757 v.
1297 1728 1328 1764 4,
1345 1728 1375 1758 5.
1398 1726 1486 1763 Quid
1500 1728 1601 1758 aevum
1613 1727 1736 1759 habent
1751 1728 1805 1759 iu-

1250 1769 1414 1800 firmitatis
1435 1769 1582 1811 nuptiae?
1624 1769 1707 1802 Hee.
1729 1770 1751 1802 i.
1774 1772 1806 1809 2,

1254 1813 1324 1843 101.
1339 1812 1396 1843 Nil
1407 1812 1575 1844 cessavisti
1586 1815 1806 1854 mqueadhe.

1252 1855 1335 1886 Hec.
1351 1855 1394 1886 iv.
1412 1856 1440 1892 1,
1457 1855 1508 1886 29.

1293 1897 1403 1939 adigo]
1427 1898 1480 1929 Tu
1506 1898 1604 1929 homo
1626 1900 1731 1941 adt'gie
1752 1909 1806 1932 me

1251 1940 1293 1971 ad
1314 1940 1485 1972 insaniam.
1502 1940 1642 1983 Adelph.
1665 1941 1688 1972 i.
1705 1943 1735 1979 2,
1752 1943 1805 1975 31.

1252 1983 1335 2014 Mox
1344 1991 1443 2015 noctu
1451 1991 1485 2015 te
1493 1985 1599 2024 adiget
1607 1984 1743 2016 horsum
1752 1984 1804 2016 in-

1250 2026 1385 2057 somnia.
1410 2026 1495 2058 Eun.
1511 2026 1545 2058 ii.
1565 2028 1593 2064 1,
1610 2028 1660 2059 13.

1293 2068 1425 2110 adjicio]
1433 2070 1486 2100 Ad
1492 2069 1652 2110 virginem
1659 2069 1806 2102 animum

1250 2112 1374 2152 adjecit.
1399 2112 1485 2143 Eun.
1501 2112 1522 2143 i.
1540 2113 1570 2150 2,
1587 2113 1639 2144 63.

1292 2153 1410 2195 adimo]
1423 2155 1597 2196 Postquam
1603 2157 1806 2199 admtarpee

1251 2203 1310 2228 est.
1324 2198 1411 2229 And.
1427 2197 1461 2228 ii.
1482 2199 1508 2235 1,
1533 2199 1564 2230 4.
1604 2198 1651 2230 Ut
1670 2205 1805 2238 metum,

1251 2240 1285 2271 in
1301 2251 1365 2281 quo
1380 2251 1467 2272 nunc
1482 2247 1542 2278 est,
1557 2243 1700 2273 adim-u.
1717 2242 1804 2275 And.

1251 2283 1284 2314 ii.
1302 2285 1333 2320 2,
1350 2285 1380 2315 2.
1413 2283 1520 2322 Hanc,
1533 2283 1598 2315 nisi
1610 2294 1708 2322 mora,
1723 2285 1805 2317 mihi

1251 2328 1365 2357 adimet
1387 2336 1492 2357 nemo.
1519 2326 1606 2358 And.
1628 2327 1673 2359 iv.
1698 2329 1729 2366 2,
1755 2329 1804 2360 14.

1254 2369 1316 2400 Ubi
1333 2379 1372 2400 ea
1386 2379 1492 2407 causa,
1507 2371 1716 2410 quamobrem
1736 2371 1806 2404 bne

1250 2411 1383 2449 faciunt,
1399 2412 1461 2443 erit
1469 2414 1590 2444 ade-ta
1601 2413 1663 2446 bie.
1675 2413 1762 2446 Ami.
1771 2425 1804 2447 v.

1254 2456 1281 2492 l,
1303 2456 1350 2486 18.
1378 2455 1475 2486 Diem
1490 2457 1624 2487 adimere
1637 2456 1805 2498 agn-inadi-

1251 2508 1326 2534 uem
1347 2498 1542 2530 hominibus.
1567 2498 1689 2532 Heaut.
1709 2499 1758 2532 ιιι.
1776 2499 1821 2538 1,”

1255 2542 1304 2572 13.
1339 2541 1515 2581 Postquam
1541 2543 1693 2575 aden-tan
1720 2542 1805 2576 lune

1251 2585 1549 2665 ilm?e5g.b10uot
1570 2633 1681 2660 autem
1705 2585 1807 2661 σξιο-οι

1251 2671 1367 2701 miras?
1393 2669 1476 2700 Hee.
1493 2680 1522 2701 ν.
1537 2671 1568 2708 3,
1580 2671 1630 2702 19.
1646 2670 1805 2708 Qnihane

1251 2712 1332 2743 mihi
1372 2714 1491 2745 odi-at
1525 2714 1803 2748 nominalium

1251 2755 1383 2787 Phorm.
1399 2755 1421 2786 i.
1435 2756 1466 2793 3,
1479 2756 1509 2788 9.
1532 2756 1599 2792 Qui
1609 2766 1696 2799 ape
1727 2768 1803 2800 rop-

1251 2804 1301 2829 ter
1335 2797 1493 2830 invidiam
1529 2801 1669 2832 nab-as
1723 2800 1805 2835 'viti-

1252 2840 1382 2872 Pborm.
1397 2840 1432 2872 ιι.
1451 2842 1479 2879 1,
1494 2842 1547 2875 46.
1574 2841 1734 2875 Phaedriae
1746 2854 1805 2876 cu-

1250 2886 1462 2959 raxgaggoere
1468 2885 1695 2927 argentanam’
1706 2886 1805 2921 Phor.

1251 2938 1283 2958 v·
1319 2950 1328 2964 5

1292 2971 1457 3011 adipiscor,
1488 2971 1624 3020 opiam]
1662 2972 1805 3015 Nuptias

1251 3012 1391 3054 effugere
1413 3023 1475 3055 ego
1495 3021 1575 3051 iam
1596 3015 1692 3054 malo,
1707 3026 1804 3057 quam
