1852 3216
638 125 720 166 DE
748 125 1103 166 TERENTIO.
1317 180 1326 190 ι
1532 131 1631 170 xxix

108 228 193 254 esse
219 212 339 258 solet:
369 213 457 251 hinc
485 212 542 258 fit,
560 213 686 264 inquit
711 212 812 251 idem
831 212 1075 256 Aristoteles,
1096 220 1139 250 ut
1158 212 1224 263 qui
1244 212 1425 251 scurriles
1444 224 1545 261 sunt,
1564 230 1631 254 ur-

110 269 200 307 bani
227 268 341 306 etiam
370 266 557 305 dicantur.
613 266 738 304 Addit
765 275 909 311 autem,
929 266 1035 316 quod
1055 275 1231 317 spectare
1250 267 1324 305 huc
1345 268 1503 319 propius
1523 270 1631 307 vide-

108 331 194 360 tur:
222 320 434 359 Discrimen
459 333 543 358 vero
571 333 617 358 ex
647 321 804 372 antiqua
835 320 1013 358 comoedia
1046 327 1208 371 apparet
1233 327 1268 358 et
1301 334 1406 359 nova.
1462 322 1567 359 Nam
1594 324 1634 360 in

108 376 178 414 illa
196 374 238 413 id
253 374 350 426 quod
365 374 581 418 obscaenum,
603 375 640 411 in
665 374 736 412 Ιιαι·
753 381 887 420 antem,
913 373 1010 426 quod
1027 373 1269 426 suspicionem
1289 381 1429 412 tantum
1458 377 1537 426 ejus
1555 390 1631 414 mo·-

107 436 177 474 εει,
197 429 313 466 risum
341 440 482 480 quoque
506 428 704 478 earp‘r‘imim
735 441 821 480 quae
846 441 917 465 non
941 440 1080 478 parum
1112 427 1288 478 differunt
1317 428 1371 466 ad
1390 436 1630 468 venustatem.

107 482 217 520 Idem
232 482 280 520 de
294 481 440 520 cavillis
457 495 611 532 quoque
626 482 734 520 addit
753 491 792 519 et
810 482 1006 520 conviciis.
1036 481 1192 524 Quibus
1205 482 1438 520 abstinuisse
1452 482 1632 522 P!autum

107 545 270 581 constat,
291 549 377 574 cum
398 537 653 574 obscoenitate
673 536 815 573 nemini
835 535 1034 574 concedat.
1092 534 1223 586 Hujus
1242 546 1370 574 autem
1399 537 1438 574 in
1464 546 1631 588 utroque

107 604 156 628 ex
178 589 398 628 Aristotelis
420 589 571 641 judicio
597 589 803 628 discrimen
829 589 1042 627 videamus.
1099 589 1266 640 Byrrhia
1283 590 1388 642 apud
1406 590 1632 630 Terentium

109 643 282 683 Andria:

291 694 371 739 Ego
387 694 483 730 illam
499 694 573 730 vidi
589 695 786 740 virginem:
814 695 930 730 forma
945 694 1041 731 bona

291 741 443 777 Memini
459 741 589 777 videre.
632 741 715 785 Quo
731 743 867 788 aequior
883 754 964 778 sum
980 740 1180 787 Pamphilo,

291 788 330 824 Si
346 801 384 824 se
399 790 495 824 illam
511 789 550 824 in
566 790 714 832 somnis,
730 801 837 835 quam
854 790 969 832 illum,
987 790 1152 835 amplecti
1168 789 1306 826 maluit.

107 848 229 887 Vides
244 848 281 886 in
295 848 367 894 his,
384 862 460 886 non
481 849 789 894 obscoenitatem,
806 849 875 887 sed
889 849 1148 899 suspicionem
1163 850 1217 887 rei
1232 863 1369 900 parum
1385 851 1630 897 verecundae,

106 906 160 941 καὶ
189 906 361 947 ὑπόνοιαν,
383 916 472 953 quae
502 911 580 940 tam
609 911 669 940 est
694 903 868 949 honesta,
890 912 934 941 ut
959 917 982 941 a
1001 903 1138 953 quavis
1167 904 1314 954 virgine
1342 904 1394 949 id,
1414 905 1631 944 urbanitate

106 956 225 1000 salva,
242 956 319 994 dici
346 957 482 1007 possit.
530 956 639 999 Quid
664 957 763 994 enim
784 957 953 1002 suavius,
973 970 1089 1007 quarn
1110 957 1147 994 in
1167 958 1303 994 somnis
1322 957 1533 1008 amplecti?
1578 959 1631 998 Et

107 1010 262 1061 quidem
291 1011 323 1048 si
350 1010 400 1048 de
419 1011 504 1048 viro
524 1020 564 1048 et
590 1010 759 1048 formosa
779 1010 943 1062 conjuge
963 1010 1137 1048 dicatur!
1168 1008 1258 1048 Non
1277 1011 1377 1048 enim
1399 1012 1494 1050 dicit
1510 1018 1629 1059 βινεῖν,

107 1065 213 1115 quod
230 1064 510 1115 Aristophanes
529 1064 704 1109 dixisset,
725 1078 796 1103 nec
815 1078 905 1115 quae
925 1065 962 1102 in
982 1078 1024 1102 re
1043 1064 1109 1101 tali
1130 1063 1291 1102 Plautus
1310 1079 1497 1116 usurpare
1516 1067 1629 1112 solet,

106 1119 171 1169 qui
191 1132 260 1157 nec
280 1118 441 1157 honeste
459 1132 505 1156 ea
522 1118 628 1164 dicit,
648 1127 687 1156 et
705 1120 888 1157 obscoene
906 1117 1237 1168 circumloquitur.
1277 1118 1379 1157 Nam
1394 1120 1522 1170 qualia
1541 1130 1631 1159 sunt

106 1172 181 1210 ista
199 1171 358 1210 Casina!

197 1223 268 1260 Ox..
288 1223 360 1259 Ubi
382 1224 483 1260 locus
507 1228 647 1259 sumtus
669 1236 777 1270 porro
794 1231 860 1268 est,
880 1225 1051 1260 continuo
1068 1223 1193 1259 stricto
1213 1224 1332 1271 gladio
1349 1240 1357 1260 ε
1384 1229 1479 1261 atat!
1506 1230 1628 1273 papae!

291 1274 411 1317 papae!
454 1270 521 1306 C1..
539 1269 636 1314 Quid
652 1272 688 1306 id
705 1275 827 1317 papae?

199 1317 267 1353 01..
283 1317 473 1364 Flagitium
490 1318 538 1353 oh
554 1324 628 1353 erat
640 1319 834 1354 maximum
848 1334 856 1354 :
875 1318 1034 1364 gladium
1049 1331 1095 1355 ne
1110 1319 1255 1355 haberet
1271 1320 1382 1355 metui
1396 1335 1403 1355 :
1425 1319 1461 1355 id
1474 1332 1632 1366 quaerere

270 1376 354 1401 occe
380 1377 403 1400 1.

199 1411 298 1447 Dum
315 1377 472 1458 glaiidium
488 1423 534 1446 ne
548 1411 677 1447 habeat
693 1424 829 1459 quaero,
848 1412 978 1459 arripio
994 1414 1171 1459 capulum.

107 1469 210 1509 Nam
226 1481 366 1509 caetera
384 1471 423 1509 in
437 1471 579 1522 quibus
595 1471 709 1523 plane
723 1472 909 1523 loquitur,
921 1474 1139 1523 praesertim
1155 1487 1242 1511 cum
1262 1473 1311 1511 de
1324 1473 1479 1512 Venere
1498 1476 1630 1527 ἇρῤἡτῳ

107 1525 200 1576 agit,
219 1538 265 1563 ea
287 1539 382 1564 vero
408 1539 455 1563 ne
482 1538 782 1564 commemorare
802 1526 958 1577 quidem
986 1527 1100 1565 malo.
1158 1527 1259 1565 Puto
1284 1536 1412 1565 autem
1432 1530 1524 1566 satis
1545 1543 1630 1567 esse

106 1579 364 1625 manifestum,
393 1579 508 1617 etiam
537 1591 623 1617 cum
654 1579 971 1631 circumloquitur
990 1595 1078 1631 quae
1110 1595 1247 1632 parum
1277 1591 1367 1619 sunt
1390 1582 1561 1626 honesta,
1582 1597 1630 1621 ne

107 1632 266 1671 honeste
285 1633 454 1684 quidem,
475 1642 513 1671 et
533 1645 623 1672 cum
642 1634 889 1672 honestarum
917 1635 1067 1672 aurium
1095 1635 1265 1680 fastidio,
1285 1635 1325 1673 id
1354 1635 1450 1674 fieri.
1508 1636 1630 1675 Vides

109 1700 204 1738 ergo
223 1688 365 1738 passim
384 1688 526 1726 veteris
546 1688 762 1739 imaginem,
783 1688 910 1734 etiam,
932 1688 980 1726 de
1000 1703 1078 1739 quo
1096 1703 1190 1727 mox
1208 1689 1340 1740 paullo
1367 1699 1468 1741 post,
1487 1690 1630 1729 dicaci-

110 1749 189 1778 tate
207 1754 252 1778 ac
269 1740 549 1780 maledicentia.
597 1741 700 1784 Quae
720 1742 883 1779 Athenis
908 1743 1048 1793 partim
1075 1743 1195 1794 leges,
1216 1744 1357 1794 partim
1381 1754 1519 1789 metus,
1539 1742 1629 1796 par-⁵

108 1794 180 1832 tim
199 1794 281 1845 ipsa
298 1794 516 1833 emendavit
534 1795 655 1833 ratio:
680 1809 768 1833 cum
787 1804 914 1833 tamen
934 1796 1016 1834 sola
1034 1797 1154 1834 risum
1173 1797 1393 1835 felicissime
1411 1808 1627 1837 moverent.

111 1846 237 1885 Novae
264 1856 392 1886 autem
420 1862 491 1886 rex
518 1850 774 1900 princepsque
793 1849 1012 1888 Menander
1039 1851 1136 1888 fuit:
1166 1850 1277 1901 cujus
1296 1864 1481 1901 expressa
1501 1852 1629 1904 imago

110 1915 155 1939 ac
182 1901 330 1952 effigies
358 1902 580 1941 Terentius.
637 1902 767 1945 Quem
800 1917 888 1941 cum
919 1912 1082 1954 uterque
1111 1905 1335 1955 accepisset,
1356 1906 1629 1956 Aristophanis

109 1955 273 1993 virtutes
292 1956 364 1994 hac
382 1957 559 1995 mercede
579 1957 770 2007 expressit
787 1956 962 2002 Plautus,
986 1966 1029 1995 ut
1047 1971 1119 1996 nec
1138 1971 1272 1996 omnes
1292 1968 1422 2009 posset
1439 1959 1564 2010 (quod
1589 1970 1630 1999 et

108 2007 252 2060 linguae
270 2008 486 2054 diversitas,
507 2020 546 2049 et
565 2011 827 2048 Romanorum
846 2010 964 2061 leges,
984 2020 1023 2049 et
1042 2021 1230 2062 tempora,
1249 2026 1294 2050 ac
1322 2013 1628 2064 rerumpublica-

108 2075 194 2100 rum
224 2063 321 2101 ratio
349 2065 515 2108 vetabat,
537 2063 688 2102 sublata
710 2064 791 2115 jam
820 2064 1074 2103 maledicendi
1102 2065 1293 2112 libertate,
1313 2080 1401 2116 quae
1418 2068 1627 2119 praecipua,

110 2116 216 2167 quod
238 2130 350 2155 nemo
376 2118 510 2162 nescit,
536 2123 597 2156 τοῦ
614 2122 751 2168 γελοίου
778 2132 866 2169 pars
886 2118 977 2167 est,)
992 2128 1031 2156 et
1049 2133 1291 2170 quaecunque
1310 2120 1349 2158 in
1367 2120 1629 2172 Aristophane

110 2170 342 2209 Plutarchus
360 2185 383 2209 a
400 2173 595 2210 communi
613 2172 890 2210 consuetudine
909 2172 1091 2223 loquendi
1111 2174 1320 2212 abhorrere
1338 2183 1462 2220 notat,
1485 2176 1628 2214 retine-

108 2233 182 2262 ret.
238 2224 339 2263 Nam
367 2234 407 2263 et
433 2230 515 2264 κατὰ
541 2230 601 2264 τὸν
626 2230 790 2270 λεκτικὸν,
811 2236 854 2264 ut
872 2227 994 2264 critici
1013 2226 1235 2277 loquuntur,
1256 2231 1310 2265 καὶ
1327 2231 1387 2266 τὸν
1403 2233 1464 2276 τῆς
1481 2233 1630 2270 διανοίας

108 2283 236 2328 τρόπον
262 2282 440 2328 θυμελικὰς
467 2289 538 2325 est,
559 2289 599 2318 et
627 2279 837 2325 theatralis,
854 2293 930 2318 non
948 2285 1133 2327 πολιτικὸς,
1154 2295 1280 2332 neque
1298 2287 1338 2330 τῇ
1357 2286 1440 2320 κατὰ
1466 2286 1527 2331 τὴν
1543 2286 1629 2332 ἆλῆ-

109 2335 202 2370 θειιιν
229 2335 300 2381 ἰδέᾳ
329 2336 516 2383 διαπρέπει·
547 2347 672 2384 neque
700 2334 884 2385 pauciora
913 2334 1075 2379 addidit,
1097 2335 1135 2372 in
1155 2337 1296 2386 quibus
1321 2335 1414 2373 dum
1441 2337 1629 2376 ridiculus

109 2385 232 2424 videri
252 2386 347 2432 vult,
367 2387 529 2438 frigidus
549 2401 594 2425 ac
612 2388 769 2426 odiosus
790 2387 845 2434 fit,
867 2388 971 2439 quod
992 2403 1065 2427 uon
1086 2399 1274 2435 nostrum,
1295 2390 1362 2427 sed
1384 2389 1539 2428 Horatii
1561 2391 1628 2443 ju-

109 2439 252 2478 dicium
270 2450 341 2484 est.
361 2450 401 2479 et
418 2441 587 2487 Donati;
610 2456 707 2492 quos
723 2451 908 2492 utrosque
923 2452 1113 2480 emunctae
1130 2443 1246 2488 naris,
1266 2452 1452 2494 utrosque
1472 2445 1627 2484 critico-

108 2506 196 2531 rum
223 2494 368 2544 primos
393 2509 464 2534 suo
484 2505 656 2546 tempore
685 2496 816 2540 fuisse,
837 2505 1000 2534 constat.
1057 2497 1135 2534 Sed
1153 2506 1192 2534 et
1211 2498 1250 2535 in
1270 2497 1452 2543 dicteriis,
1473 2498 1521 2537 de
1549 2513 1629 2551 quo

106 2545 188 2598 jam
219 2547 452 2594 dicebamus,
482 2549 535 2587 ita
563 2558 734 2587 veterem
767 2550 997 2588 comoediam
1025 2551 1168 2588 amavit
1189 2550 1364 2596 Plautus,
1395 2561 1437 2590 ut
1464 2552 1513 2590 ad
1541 2567 1627 2592 eam

112 2613 215 2651 saepe
231 2600 372 2647 flectat,
392 2611 431 2640 et
450 2603 554 2653 quod
571 2603 771 2654 proprium
798 2604 836 2641 in
865 2603 930 2642 illa
949 2614 1043 2649 erat,
1062 2607 1264 2653 ἐπωνύμως,
1284 2614 1322 2642 et
1342 2619 1528 2656 expresso
1555 2621 1626 2646 no·
1683 2645 1687 2649 .

111 2654 227 2698 mine,
245 2663 311 2693 aut
338 2656 700 2702 circumscribendo,
720 2671 798 2695 non
818 2666 896 2696 tam
915 2658 1034 2696 vitam
1059 2659 1270 2702 hominum,
1291 2673 1407 2710 quam
1434 2660 1627 2700 hominem

112 2708 355 2759 perstringat.
411 2709 468 2748 Ut
486 2711 523 2748 in
543 2710 632 2749 illo:

295 2760 412 2795 Etiam
426 2761 626 2807 Epidicum,
645 2774 751 2809 quam
768 2775 835 2809 ego
851 2763 1008 2799 fabulam
1024 2775 1124 2810 aeque
1140 2776 1181 2798 ac
1196 2776 1254 2799 me
1269 2765 1387 2812 ipsum
1402 2778 1497 2810 amo,

296 2807 441 2843 Nullam
456 2820 555 2856 aeque
569 2810 704 2845 invitus
720 2817 855 2856 specto,
875 2811 905 2846 si
921 2823 997 2845 eam
1014 2812 1088 2857 agit
1104 2810 1228 2846 Pellio.

110 2865 188 2905 Sed
204 2875 244 2905 et
260 2866 523 2906 crudelissime
540 2868 733 2907 infelicem
753 2869 935 2908 Naevium
955 2870 1077 2908 milite
1095 2871 1275 2922 excepit:

297 2918 392 2953 Nam
408 2930 449 2954 os
464 2920 707 2956 columnatum
721 2927 837 2967 poetae
853 2922 967 2957 inesse
983 2921 1102 2957 audivi
1117 2922 1282 2967 barbaro,

294 2964 364 3001 Cui
379 2965 455 3002 bini
469 2967 636 3003 custodes
649 2980 789 3015 semper
803 2970 890 3004 totis
904 2969 1002 3005 horis
1017 2969 1203 3005 accubant.
