1852 3216
157 82 297 111 semu
319 69 417 124 v11.]
475 69 1396 116 HEAUTONTIMORUMENOS.

1604 73 1690 116 333

268 159 381 201 Mihi
402 175 528 212 nunc,
551 160 708 204 relictis
728 162 876 212 rebus,
897 161 1180 204 inveniundus
1201 170 1268 204 est

268 224 455 280 Aliquis,
475 225 623 268 labore
643 227 813 269 inventa
833 242 928 269 mea
947 228 1016 269 cui
1037 228 1134 270 dem
1154 229 1282 270 bona.

370 423 629 472 ACTUS
674 424 976 479 QUARTI
1023 426 1274 474 SCENA
1329 427 1469 475 VIII.

604 539 920 571 MENEDEMUS.

988 541 1229 574 CHREMES.

235 610 406 652 Mum-o
428 612 614 653 omnium
634 626 747 654 nunc
768 626 835 654 me
857 611 1255 656 fortunatissumum

234 675 414 718 Factum
434 685 542 732 puto
562 691 675 727 esse,
697 684 852 733 gnate3
883 692 1016 733 quum
1037 687 1080 721 te
1101 679 1293 736 intelligo

236 741 476 798 Resipisse.
498 743 583 785 CH.
596 743 659 786 Ut
671 746 807 786 errat!
831 744 1040 787 MmTe
1053 745 1463 801 ipsumquaerebam,
1474 746 1682 790 Chreme:

235 807 384 858 Serva,
405 809 523 864 quod
543 809 586 850 in
605 816 648 850 te
668 817 750 859 est,
771 808 920 860 filium,
941 817 986 851 et
1003 825 1085 861 me,
1106 818 1150 852 et
1170 810 1383 853 familiam.

199 884 218 914 5
236 874 319 916 CH.
344 874 480 925 Cedo,
502 875 606 930 quid
628 875 690 915 vis
710 874 892 916 faciam?

944 875 1073 918 ΜΕΝ.
1097 876 1302 918 Invenisti
1323 877 1452 919 hodie
1473 878 1617 921 filiam.

234 941 319 983 Cu.
341 940 463 988 Quid
483 941 603 981 tum?
652 939 782 981 ΜΕΝ.
806 940 934 982 Hanc
955 941 1037 982 sibi
1054 956 1232 983 uxorem
1253 942 1346 983 dari
1365 943 1454 984 volt
1475 943 1626 986 Clinia.

232 1007 316 1049 Cn.
329 1006 508 1056 Quaeso,
519 1006 623 1061 quid
640 1013 687 1047 tu
703 1005 886 1048 hominis
898 1021 945 1048 es
962 1008 979 1048 2
1012 1006 1142 1048 ΜΕΝ.
1155 1007 1274 1054 Quid
1292 1011 1388 1050 est?
1421 1008 1506 1050 Cu.
1528 1009 1682 1051 Jamne

318 1071 476 1114 oblitus
497 1087 559 1123 es,

230 1137 349 1180 Inter
369 1152 447 1179 nos
467 1137 574 1193 quid
595 1138 650 1179 sit
670 1138 832 1181 dictum
851 1138 907 1180 de
928 1137 1109 1188 fallacia,

231 1203 294 1245 Ut
315 1218 366 1245 ea
387 1203 455 1244 via
474 1204 553 1245 abs
574 1211 617 1245 te
638 1211 865 1259 argentum
883 1203 1158 1245 auferretur?
1204 1202 1335 1246 ΜΕΝ.
1358 1204 1473 1247 Scio.

174 1277 214 1307 10
227 1268 313 1310 Cn.
326 1268 395 1309 Ea
413 1283 483 1310 res
501 1283 615 1311 nunc
635 1270 778 1323 agitur
797 1269 906 1324 ipsa.

948 1268 1079 1310 ΜΕΝ.
1099 1268 1220 1316 Quid
1241 1269 1365 1320 dixti,
1387 1269 1602 1313 Chreme?

230 1334 387 1376 Erravi
405 1350 414 1375 :
446 1348 516 1376 res
537 1341 658 1376 acta:
690 1342 851 1389 quanta
870 1334 925 1376 de
948 1348 1025 1389 spe
1047 1334 1191 1376 decidi
1209 1336 1220 1375 l

229 1402 314 1443 Cn.
339 1400 474 1442 Immo
494 1399 588 1442 haec
608 1400 797 1454 quidem,
818 1415 916 1455 quae
936 1400 1054 1454 apud
1075 1414 1142 1441 me
1162 1407 1244 1450 est,
1268 1399 1526 1456 Clitiphonis
1548 1409 1616 1443 est

187 1525 235 1555 12.
253 1525 382 1555 Relictis
409 1521 560 1564 amnibus]
593 1522 712 1553 Positis
738 1522 888 1553 omnibus

140 1566 212 1599 aliis
228 1566 375 1608 negotiis.
408 1566 444 1597 C.

186 1612 235 1642 13.
252 1612 370 1641 Labore
384 1608 522 1650 inventa]
540 1608 686 1651 Proprie,
700 1614 802 1648 parta.
828 1609 865 1639 C.

185 1655 213 1684 1.
229 1655 331 1685 Multo
345 1655 473 1684 omnium
495 1664 573 1683 nuuc
594 1651 657 1693 me]
683 1652 749 1683 Hie
764 1658 814 1683 est
832 1653 885 1692 ju·

139 1696 246 1728 cunda
271 1695 432 1737 expositio
455 1695 573 1727 erroris
602 1695 690 1726 senis
713 1695 753 1726 de
780 1695 887 1726 verbis

140 1740 224 1781 Syri,
240 1740 296 1781 qui
314 1739 544 1770 Menedemum
559 1738 663 1769 credit
677 1738 745 1769 deci
771 1738 792 1775 i,
809 1738 887 1769 dum

140 1783 210 1824 ipse
226 1782 395 1824 decipitur.
421 1782 457 1813 C.
460 1783 603 1812 —Multo
617 1784 744 1812 omnium
784 1782 888 1812 Scena

139 1827 207 1857 haec
226 1826 386 1857 actionem
408 1832 513 1856 tenet:
536 1824 656 1866 quippe
673 1824 888 1855 Menedemus

137 1870 259 1911 gaudet
283 1868 470 1910 plurimum,
498 1868 583 1908 quod
613 1867 716 1898 filium
743 1867 831 1898 videt
855 1874 889 1898 et

137 1912 274 1954 integris
287 1912 439 1948 moribus,
455 1918 488 1942 et
502 1921 636 1942 uxorem
650 1921 721 1942 eam
732 1910 814 1942 velle
826 1910 886 1942 du-

137 1966 221 1994 cere,
253 1966 324 1996 quae
349 1954 568 1986 honestissimi
592 1954 654 1985 viri
680 1953 748 1985 filia
777 1954 829 1991 sit,
854 1960 886 1985 et

137 1979 224 2040 quod
232 1999 326 2035 dixit,
337 2010 427 2040 quum
443 2004 471 2029 te
487 1999 624 2038 intelligo
637 1999 787 2037 resipisse,
795 1997 885 2038 quasi

137 2043 199 2074 hoc
222 2042 356 2079 nesciat,
371 2042 457 2082 quod
473 2041 585 2072 eadem
601 2040 710 2082 puella
732 2040 774 2071 sit
789 2051 885 2081 quam

138 2092 311 2123 amaverat,
332 2096 404 2126 quae
426 2095 512 2116 nunc
535 2084 603 2115 filia
624 2084 667 2115 sit
682 2084 883 2115 Chremetis.

137 2135 194 2160 aut
220 2128 411 2164 dissimulat,
440 2128 526 2169 quod
553 2127 644 2168 quasi
672 2137 691 2158 a
716 2126 885 2158 meretrice

137 2173 281 2204 animum
298 2172 357 2203 filii
379 2171 421 2203 ad
438 2171 570 2213 nuptias
586 2170 804 2201 transtulerit:
828 2177 886 2201 aut

137 2222 223 2247 errat
245 2226 287 2247 ex
302 2215 385 2246 dolis
405 2215 500 2246 servi.
533 2214 645 2245 Credit
661 2213 841 2245 Chremes
832 2224 882 2245 m-

137 2259 342 2301 terpellatum
359 2257 590 2290 Menedemum
606 2268 675 2288 esse
689 2267 708 2288 a
723 2257 800 2294 filio,
818 2267 883 2288 non

137 2312 213 2333 vere
235 2309 271 2333 ut
292 2312 428 2333 uxorem
450 2300 592 2339 duceret,
616 2300 673 2332 sed
695 2307 731 2331 ut
754 2301 883 2349 nuptia-

137 2345 566 2419 ἳῖὂῖἒξὲᾚιῖῑωῗωξ
586 2350 883 2418 ἓέἓεῖἑῗῒὲἔῗὲ

170 2410 178 2417 .
652 2411 660 2418 .
873 2410 882 2424 ,

139 2431 239 2461 Multo
247 2434 518 2462 omniummnunc.
546 2431 586 2461 In
598 2430 675 2461 Arsi
691 2430 778 2461 enim
786 2430 883 2461 debet

139 2483 209 2504 esse
220 2485 308 2511 nunc,
325 2474 355 2505 h.
366 2484 393 2505 e.
409 2484 483 2504 cum
499 2480 531 2505 te
546 2481 705 2504 mutatum
721 2473 825 2504 video.
843 2474 881 2505 B.

182 2518 211 2547 3.
234 2518 276 2547 Ut
297 2516 423 2558 erran]
454 2517 544 2558 Virg.
570 2516 639 2548 Ecl.
666 2516 732 2548 viii.
757 2518 809 2548 41.
842 2519 884 2548 Ut

137 2562 209 2596 vidi,
225 2565 260 2590 ut
271 2562 360 2599 perii.
387 2560 425 2590 C.

180 2604 210 2634 4.
227 2601 359 2643 Filium]
381 2604 495 2634 Filium
518 2602 608 2644 prius
634 2602 822 2640 nominavit,
847 2603 881 2634 in

136 2656 200 2687 quo
226 2645 331 2677 omnis
355 2655 432 2676 cura
458 2645 560 2687 patris
589 2653 666 2677 erat.
704 2646 882 2677 C.—-Serva

136 2691 216 2730 quod
237 2692 270 2720 in
291 2694 320 2720 te
343 2687 406 2729 ese]
433 2688 552 2719 Petens
574 2688 703 2730 nuptias
724 2688 791 2720 filio
810 2699 880 2726 suo,

134 2732 358 2774 posteritatem
382 2731 516 2773 respicit
540 2738 648 2762 totam.
678 2731 826 2769 R—Me,
851 2738 882 2763 et

126 2774 300 2816 familiam]
325 2775 365 2806 V.
382 2775 419 2806 C.
436 2786 481 2806 me
495 2773 685 2815 elsa-iliam
696 2786 799 2805 meam.
831 2775 868 2806 L.

180 2820 209 2850 6.
233 2820 357 2850 Omnes
371 2817 484 2855 nostri,
501 2819 592 2849 Hanc
608 2828 726 2848 uxorem
742 2819 801 2848 sibi
822 2820 878 2849 da-

137 2865 174 2894 n'.
205 2863 240 2894 B.

180 2906 208 2939 7.
240 2905 363 2946 Quaeso]
404 2904 504 2937 Modo
537 2904 789 2945 objurgatorium
820 2911 877 2936 cst.

934 1524 1018 1556 Quid
1027 1524 1154 1553 hominis
1167 1533 1199 1553 es
1208 1521 1242 1563 .⁷]
1259 1522 1299 1553 In
1310 1522 1481 1560 Eunucho,
1495 1525 1579 1557 Quid
1590 1526 1679 1563 istuc,

931 1568 1063 1606 inquam,
1084 1567 1184 1596 mati
1209 1568 1282 1596 est?
1314 1566 1405 1597 Scire
1431 1577 1490 1597 nos
1511 1567 1675 1605 convenit,

930 1619 1004 1639 cum
1019 1615 1108 1639 recto
1119 1619 1195 1639 casu
1206 1609 1368 1650 profertur
1382 1609 1602 1651 interrogatio,
1613 1621 1679 1642 non

930 1662 1000 1683 esse
1015 1651 1295 1683 contumeliosum.
1320 1652 1366 1683 Ut
1381 1652 1409 1683 si
1425 1653 1523 1691 dicas,
1543 1656 1679 1688 Quishic

930 1697 1012 1726 homo
1026 1697 1097 1726 est?
1121 1695 1156 1726 Si
1177 1703 1284 1726 autem
1310 1695 1344 1726 in
1368 1695 1508 1737 oblique,
1532 1704 1677 1728 contem-

930 1745 999 1769 tum
1016 1738 1201 1779 significari.
1235 1738 1289 1775 Ut,
1304 1741 1387 1773 Quid
1401 1741 1454 1770 hoc
1467 1745 1514 1770 est
1528 1742 1678 1772 hominis?

930 1783 1006 1822 quid
1026 1783 1178 1812 mulieris.
1174 1784 1187 1803 ⁷
1209 1784 1284 1822 qm‘d
1305 1788 1445 1813 ornatus.
1440 1785 1454 1805 ⁹
1484 1783 1522 1813 C.
1524 1785 1679 1817 ——Quaem

931 1826 1006 1873 qaid
1025 1826 1150 1855 hominis
1159 1824 1192 1865 .’]
1221 1824 1377 1865 stedigere
1402 1825 1471 1855 vult
1495 1825 1531 1856 in
1555 1836 1678 1857 memo·

931 1867 1011 1898 riam
1028 1867 1183 1898 Chremes
1201 1868 1396 1898 Menedemo
1411 1869 1431 1888 ⁸
1449 1868 1566 1908 (Haud
1581 1869 1678 1901 dubie

932 1910 1062 1945 excidit,
1083 1912 1158 1951 quid
1172 1913 1251 1942 inter
1258 1913 1343 1959 ipsos
1358 1913 1472 1942 dictum
1493 1914 1535 1942 se't
1556 1914 1594 1943 de
1608 1911 1678 1952 sal-

930 1956 1010 1984 lacia
1027 1954 1063 1984 Z.
1070 1953 1093 1992 ).
1116 1954 1236 1994 Arguit
1257 1953 1358 1994 igitur
1372 1955 1457 1995 quod
1473 1954 1572 1986 veluti
1594 1955 1676 1987 stul-

930 2004 982 2028 tus
999 2007 1063 2027 non
1078 1996 1247 2038 intelligat,
1257 1997 1342 2038 quod
1354 1997 1394 2028 de
1409 1997 1483 2028 dolo
1499 2008 1585 2030 nunc
1601 2009 1677 2040 aga·

929 2046 991 2071 tur.
1015 2040 1054 2070 E.
1055 2040 1235 2071 —Frustra
1250 2047 1402 2071 oneratur
1419 2051 1539 2072 versus.
1563 2042 1677 2073 Nostri

928 2093 1041 2114 omnes
1055 2083 1242 2114 rotundius:
1264 2085 1379 2120 Quoeso,
1389 2086 1465 2124 quid
1477 2086 1605 2116 hominis
1618 2088 1677 2117 es?

930 2127 1003 2158 Mn.
1022 2126 1129 2161 Quid?
1152 2127 1216 2158 Cn.
1233 2128 1351 2163 Jamne,
1368 2132 1424 2158 etc.
1458 2127 1495 2158 B.

974 2171 1023 2200 10.
1039 2171 1090 2201 Ea
1106 2181 1154 2201 res
1168 2181 1246 2200 nunc
1261 2172 1366 2210 agitur
1381 2169 1480 2211 ispsa]
1499 2171 1543 2202 Et
1558 2181 1599 2202 ex
1614 2171 1676 2203 hoc

928 2213 1031 2244 credit
1047 2224 1102 2244 eos
1114 2213 1200 2244 inter
1214 2223 1249 2244 se
1261 2213 1404 2251 finxisse,
1416 2213 1557 2245 Cliniam
1567 2225 1675 2246 amare

928 2256 1142 2298 Antiphilam.
1181 2256 1329 2287 C.—Pro
1356 2259 1437 2288 disti
1463 2264 1551 2288 recte
1577 2257 1676 2290 habet

929 2299 1041 2331 Bemb.
1059 2311 1178 2331 narras.
1210 2300 1250 2330 B.

974 2344 1023 2374 11.
1040 2345 1093 2374 Sic
1107 2354 1155 2374 res
1170 2344 1281 2374 acta’n
1291 2341 1324 2383 ?]
1349 2342 1395 2373 Ut
1410 2342 1591 2384 decipiaris.
1629 2344 1675 2377 Et

926 2386 995 2417 haec
1019 2386 1160 2427 quidem,
1190 2396 1264 2417 cum
1290 2394 1455 2417 contemtu
1485 2386 1553 2417 inte
1661 2411 1672 2419 .

927 2430 1013 2461 Nam
1036 2437 1069 2461 et
1090 2429 1150 2460 hoc
1166 2429 1275 2460 fictum
1292 2439 1362 2460 esse
1377 2429 1489 2460 credit.
1521 2430 1673 2463 c.—Hic

926 2483 1038 2504 versus
1058 2472 1154 2514 plane
1170 2479 1220 2504 est
1233 2472 1399 2510 delendus,
1416 2473 1463 2503 uti
1481 2473 1607 2505 Faerno
1622 2474 1672 2506 vi-

926 2516 1031 2553 detur,
1048 2516 1103 2556 qui
1126 2516 1220 2547 fictus
1235 2523 1286 2547 est
1307 2526 1348 2546 ex
1369 2516 1402 2547 ii.
1420 2517 1450 2547 3.
1466 2517 1496 2547 9.
1535 2516 1621 2548 Nam
1636 2517 1672 2550 in

925 2566 1080 2590 contextu
1090 2558 1239 2590 vaticani
1253 2565 1377 2590 tantum
1394 2565 1443 2590 est
1453 2559 1559 2600 prima
1572 2559 1673 2594 dictio

925 2603 1040 2634 Erravn'
1049 2615 1060 2637 ,·
1084 2608 1116 2633 et
1131 2602 1166 2633 in
1179 2602 1291 2633 Bemb.
1307 2601 1404 2643 plane
1419 2603 1518 2634 abest.
1542 2603 1672 2637 Deinde

923 2656 1038 2677 sensus
1053 2652 1086 2676 et
1100 2645 1255 2676 orationis
1269 2644 1370 2676 series
1384 2652 1552 2687 repugnat.
1582 2646 1671 2680 Nam

926 2688 1141 2720 Menedemus
1162 2699 1256 2719 suum
1272 2698 1415 2720 errorem
1429 2689 1558 2731 demum
1573 2701 1671 2723 versu

928 2732 975 2763 16.
995 2732 1149 2773 agnoscit.
1194 2731 1298 2772 Igitur
1325 2731 1477 2773 quiequid
1505 2727 1670 2783 praecedit,

924 2775 1066 2817 pertinet
1089 2774 1130 2805 ad
1154 2774 1388 2806 dissensionem
1415 2785 1540 2813 senum,
1564 2777 1670 2810 utrius

922 2817 1135 2849 adolescentis
1150 2817 1192 2848 sit
1204 2818 1308 2849 amica
1323 2818 1467 2851 Bacchis.
1501 2819 1537 2850 Β.

970 2862 1017 2892 12.
1035 2862 1150 2901 Nempe
1164 2864 1237 2898 koec,
1252 2873 1319 2902 quae
1333 2863 1417 2902 apud
1437 2861 1484 2903 te]
1509 2862 1555 2894 Ut
1576 2863 1675 2895 facile·

923 2904 1037 2936 docere
1058 2904 1158 2945 possit
1175 2915 1296 2942 senem,
1312 2915 1377 2937 non
1394 2916 1466 2938 vere
1481 2905 1522 2937 ad
1538 2907 1668 2949 nuptias
