1852 3216
134 143 275 174 scs-‚NA
296 128 366 186 11.]

727 128 1088 174 PHORMIO.

1582 131 1672 176 ‘595

190 220 374 273 Vereor,
383 234 438 263 ne
448 219 784 264 istut-,fortitudo
794 221 1018 263 innervom
1025 220 1435 277 erumpat'denique.
1468 220 1562 264 PH.
1575 221 1665 275 Ah,

190 285 296 329 Non
316 287 377 329 ita
395 295 488 330 est:
522 287 681 330 factum
703 294 770 330 est
789 285 1050 343 periculum:
1075 287 1166 343 jam
1184 286 1345 343 pedum
1363 287 1509 330 visa’st
1529 283 1610 330 ria.

191 352 316 401 Quot
333 368 401 396 me
417 368 569 396 censes
590 352 784 396 homines
798 353 889 409 jam
909 353 1221 396 deverberasse
1242 367 1381 409 usque
1399 353 1456 396 ad
1474 366 1639 405 necem,

191 417 418 474 Hospites,
441 427 531 461 tum
551 420 695 462 cives?
725 434 812 475 quo
830 419 967 474 magis
986 419 1100 469 novi,
1122 425 1242 460 tanto
1263 418 1437 475 saepius.

133 497 172 527 15
190 482 312 525 Cedo
328 485 446 535 dum,
462 481 515 526 en
528 500 716 540 unquam
730 486 979 540 injuriarum
996 484 1155 526 audisti
1170 483 1273 526 mihi
1285 485 1489 540 scriptam
1502 484 1667 527 dicam?

189 549 279 592 Ga.
303 550 423 599 Quid
445 551 587 593 istuc?
644 550 730 593 Pu.
753 551 869 599 Quia
888 565 974 593 non
994 557 1088 592 rete
1107 550 1300 605 accipitri
1317 549 1508 593 tenditur
1523 565 1667 606 neque

277 615 419 667 milvo,

188 679 281 728 Qui
301 680 410 724 male
430 681 594 724 faciunt
614 683 762 724 nobis:
795 681 876 723 illis
897 681 971 737 qui
990 680 1097 722 nihil
1118 680 1294 731 faciunt,
1317 681 1532 724 tenditur:

189 745 306 794 Quia
325 747 438 789 enim
457 747 501 789 in
521 746 602 789 illis
623 746 790 790 fructus
811 755 892 798 est,
913 747 957 788 in
977 745 1058 788 illis
1080 761 1213 802 opera
1230 745 1408 790 luditur.

129 856 290 888 laudavit:
314 857 388 899 plus
401 863 451 888 est
466 856 552 888 enim
568 859 692 894 amicus,
715 868 810 898 quam
832 859 881 888 vir

120 899 227 940 sortis.
274 901 318 931 Et
346 907 482 942 apparet
510 900 680 932 adversum
711 899 879 942 (aversum)

129 944 247 974 Getam
271 943 491 975 exclamasse:
529 944 615 984 quod
638 945 791 984 majorem
813 944 878 975 vim

128 986 236 1023 babet,
247 997 341 1027 quam
354 987 381 1018 si
395 989 490 1018 annice
501 986 645 1018 dixisset.
687 988 713 1018 0
723 989 770 1018 vir
771 986 878 1028 sortis,

128 1036 221 1070 utque
243 1033 356 1061 amicus
372 1029 403 1070 l]
429 1029 674 1061 Nominativum
696 1040 757 1071 pro
780 1041 874 1061 voca-

129 1072 197 1104 tivo
223 1073 340 1115 posuit.
390 1075 498 1104 Verum
528 1075 582 1104 hoc
604 1084 693 1113 saepe,
715 1073 873 1115 Phormio]

129 1116 219 1147 Bene
239 1127 319 1156 cape
340 1116 474 1152 addidit,
490 1122 526 1147 ut
543 1116 735 1147 sententiam
759 1116 879 1148 faceret

127 1159 169 1190 de
184 1159 317 1201 speciali
333 1160 428 1190 dicto.
455 1159 657 1190 D.-Malim
677 1162 703 1191 0
720 1160 877 1196 Phormio,-

128 1209 166 1234 ut
181 1203 215 1233 in
231 1203 287 1234 illa
301 1203 378 1234 sede
394 1203 552 1234 trochaeus
568 1203 717 1234 evitetur.
751 1204 789 1234 Β.

175 1247 224 1277 ll.
253 1248 362 1278 Vereor
383 1257 420 1277 ne
442 1249 527 1277 istaee
538 1245 694 1286 fhrtitudo
708 1248 740 1277 in
754 1257 877 1278 nerwm

126 1295 266 1330 erumpat
280 1289 425 1330 denique]
442 1290 530 1325 Quid
546 1296 595 1320 est
610 1292 719 1321 istac?
742 1289 878 1321 nimium

127 1332 235 1364 audax
256 1332 389 1364 scilicet.
437 1333 481 1363 Et
502 1333 655 1363 convenit
674 1333 735 1364 hoc
755 1332 878 1364 dictum

126 1376 239 1407 Getoe:
263 1375 318 1416 qui
331 1382 364 1407 et
375 1386 474 1418 supra
486 1375 623 1412 dixerat,
638 1376 697 1406 Est
707 1376 877 1426 parasitus,

127 1419 258 1460 quidam
272 1419 434 1456 Phormio,
446 1419 542 1450 homo
557 1419 731 1450 confidens.
769 1421 878 1450 Verum

127 1464 182 1493 hoc
196 1473 283 1502 rope,
298 1464 447 1498 Phormio,
460 1473 572 1499 vereor,
584 1473 621 1493 ne
632 1464 717 1493 istaec
723 1461 878 1502 fortitudo

127 1508 161 1536 in
174 1516 296 1536 ner-oum
311 1505 465 1546 erumpat]
483 1505 537 1536 Ex
551 1506 786 1536 consuetudine
810 1506 875 1536 Ro-

127 1559 224 1580 mana
238 1548 341 1580 dixit:
366 1549 441 1590 quia
456 1559 542 1590 saepe
562 1548 596 1579 in
617 1558 752 1580 nervum
775 1548 877 1589 conji-

125 1591 305 1629 ciebantur,
319 1602 360 1623 ex
375 1592 483 1632 aliquo
498 1591 657 1623 maleficio
668 1591 702 1623 in
714 1602 878 1623 carcerem

125 1635 227 1666 missi.
273 1636 327 1666 An
358 1635 515 1676 numquid
545 1635 699 1676 (nunquid
724 1636 815 1666 abest
841 1636 877 1666 in

124 1678 198 1709 edd.
213 1678 310 1720 vett.)
322 1679 528 1720 proverbium
544 1689 563 1709 a
578 1678 752 1720 sagittariis
765 1685 876 1710 natum

128 1728 197 1753 est:
223 1721 309 1762 quod
326 1722 547 1753 immoderatae
568 1722 758 1763 plerumque
780 1722 875 1758 vires,

124 1764 315 1796 adducendo
337 1775 413 1796 arcu
437 1775 500 1796 non
524 1765 624 1796 telum
646 1765 794 1802 incitent,
817 1765 875 1796 sed

125 1818 262 1839 nervum
278 1815 430 1849 rumpant
444 1810 456 1838 2
495 1809 549 1839 An
569 1817 610 1838 ex
623 1818 671 1845 eo,
689 1808 774 1848 quod
789 1819 875 1850 saepe

127 1850 243 1882 fortius
258 1850 420 1887 ferientes,
437 1861 572 1882 nervum
588 1851 648 1882 sibi
665 1851 803 1892 aliquem
819 1851 874 1883 lae-

128 1894 230 1925 dant?
256 1894 344 1935 Ergo
359 1894 548 1926 fortitudine
563 1894 663 1925 nimia
678 1905 764 1936 saepe
780 1894 875 1932 vinci,

128 1947 215 1979 saepe
238 1937 345 1979 decipi
362 1937 507 1979 contigit.
547 1939 585 1969 In
602 1949 724 1969 nervum
739 1943 878 1977 erumpat

127 1979 272 2022 denique]
297 1982 434 2022 Denique
453 1981 548 2012 modo
567 1979 735 2021 παρέλκειν,
753 1981 875 2012 Teren-

127 2024 218 2055 tiana
240 2024 485 2061 consuetudine,
506 2024 561 2065 qui
583 2024 665 2055 hanc
685 2025 875 2066 particulam

128 2067 164 2098 in
179 2067 294 2099 ultima
315 2067 407 2109 ponit
426 2067 596 2098 sententia.
630 2068 879 2099 D.·-—Fortitudo

123 2113 162 2141 ‘in
184 2110 324 2152 nervum]
351 2110 501 2152 Denique
523 2110 733 2142 vehementer
757 2117 876 2148 metuo,

128 2163 171 2185 ne
201 2153 269 2185 haec
295 2154 398 2185 virtus
425 2161 458 2185 et
487 2154 641 2185 fortitudo
671 2154 819 2185 mittatur
845 2156 878 2185 in

127 2207 260 2234 nervum,
277 2197 338 2228 hoc
353 2204 412 2235 est,
428 2197 462 2228 in
479 2198 672 2229 contrariam
691 2207 769 2228 rem.
814 2198 876 2228 Fa-

126 2239 190 2271 cile
212 2240 299 2271 enim
322 2240 446 2282 patitur
466 2240 631 2278 fortitudo,
653 2239 752 2282 (adde
772 2245 806 2271 ut
824 2241 877 2281 Z.)

127 2282 158 2314 si
193 2293 329 2314 nervum
367 2284 449 2314 forte
486 2284 691 2325 percusserit,
726 2283 878 2315 solidiore

127 2332 221 2367 parte
236 2326 416 2364 resistente,
434 2327 488 2358 ille
505 2327 559 2367 qui
575 2326 716 2369 percutit
727 2327 877 2358 vulnera-

129 2375 183 2400 tur
196 2369 392 2408 (vulneretur.
413 2370 476 2411 Z.).
509 2371 547 2402 Ε.

175 2413 225 2443 12.
241 2414 311 2444 Iam
333 2416 441 2453 pedum
456 2416 521 2445 visa
542 2419 588 2445 est
602 2413 669 2455 via]
687 2415 802 2444 Pedum
816 2423 877 2455 pro

126 2454 290 2496 pedibusz
322 2462 355 2487 et
381 2459 446 2488 oica
474 2457 545 2488 ἀντὶ
572 2458 630 2488 τοῦ
655 2459 786 2497 provisa.
833 2457 877 2488 Et

129 2504 232 2529 toturn
253 2502 477 2540 μεταφορικῶς.
512 2501 669 2531 D.—Jam
687 2503 795 2540 pedum
812 2503 877 2531 visa

129 2546 175 2572 est
190 2540 257 2582 vio]
281 2542 356 2573 Jam
377 2553 429 2574 res
447 2543 716 2584 quemadmodum
732 2543 767 2581 it,
784 2543 876 2574 habe.

130 2584 342 2616 E.—Versus
374 2585 475 2627 exigit
508 2589 664 2627 periclum,
697 2587 782 2627 quod
826 2586 876 2628 ip-

129 2634 309 2701 sumBextat
326 2627 361 2659 in
378 2628 483 2660 Vatic.
500 2629 586 2661 vict.
610 2629 739 2661 Basilic.
763 2636 796 2660 et
816 2629 875 2661 ali-

129 2680 168 2701 is.
231 2693 240 2701 .

176 2714 225 2744 13.
246 2715 325 2747 Quot
343 2725 389 2744 me
411 2725 512 2746 censer
531 2717 666 2746 homines
678 2715 749 2755 jam
771 2717 876 2747 dever-

131 2758 250 2788 berasse
266 2768 358 2797 usque
369 2759 412 2788 ad
425 2769 524 2789 necem
531 2757 565 2798 t]
586 2758 761 2789 Parasitice
774 2765 878 2789 totum

128 2799 395 2831 translationibus
422 2800 585 2841 loquitur:
619 2801 803 2841 hujusmodi
829 2808 880 2832 est

128 2842 217 2874 enim
234 2842 283 2874 vis
298 2843 549 2874 umbraticorum
565 2843 744 2881 hominum,
758 2844 878 2875 scurri-

128 2885 170 2917 lis
192 2885 304 2917 oratio.
335 2886 476 2918 D.—Me
499 2898 599 2918 censes
622 2885 770 2927 homines]
797 2887 877 2918 Pro-

127 2929 193 2960 fert
207 2929 404 2971 exemplum,
421 2940 485 2971 quo
504 2930 608 2967 docet,
627 2929 706 2961 nihil
729 2929 791 2961 sibi
808 2929 879 2961 fieri

129 2981 234 3014 posse,
248 2983 289 3004 ex
303 2973 372 3012 hoc,
383 2973 470 3015 quod
481 2973 600 3006 multos
612 2973 761 3006 homines
777 2983 880 3015 usque

922 857 963 888 ad
990 867 1102 889 necem
1127 858 1363 895 verberaverit3
1394 864 1437 896 et,
1464 868 1537 890 cum
1563 864 1669 891 tantas

922 900 1057 940 injurias
1080 901 1201 940 fecerit,
1224 911 1390 942 nunquam
1412 902 1603 944 injuriarum
1626 902 1669 934 sit

920 950 1098 975 accusatus.
1131 944 1170 975 E.

967 988 1016 1017 14.
1040 989 1194 1027 Hospites.
1212 992 1275 1018 tum
1295 990 1374 1019 cives
1382 987 1416 1028 ?]
1437 987 1668 1021 Ἀνακόλουθον

917 1030 1117 1061 secundum:
1142 1030 1234 1061 deest
1262 1031 1348 1061 enim
1371 1041 1478 1072 supra,
1502 1043 1577 1063 cum.
1624 1032 1669 1063 Et

917 1069 1001 1104 bene
1011 1073 1171 1115 posterius
1180 1074 1289 1115 posuit
1298 1074 1330 1105 id
1341 1075 1425 1115 quod
1436 1076 1538 1115 majus
1549 1081 1606 1106 est.
1625 1076 1667 1106 D.

968 1118 1016 1147 15.
1048 1118 1128 1148 Cedo
1153 1119 1233 1153 dum,
1261 1128 1298 1148 en
1321 1129 1452 1158 unquam
1483 1118 1667 1158 injuriarum

921 1162 1036 1190 audisti
1051 1162 1125 1190 mihi
1135 1162 1279 1200 scriptam
1294 1163 1392 1191 dicam
1402 1160 1434 1201 ?]
1453 1161 1530 1192 Plus
1543 1166 1592 1193 'est
1608 1162 1668 1193 hoc

920 1213 980 1244 per
1006 1203 1293 1244 interrogationem
1323 1204 1482 1241 intulisse,
1513 1215 1609 1246 quam
1639 1205 1668 1236 si

920 1245 1053 1284 diceret,
1082 1247 1257 1287 Nunquam
1289 1247 1369 1278 mihi
1395 1247 1515 1289 scripta
1541 1256 1590 1280 est
1615 1248 1667 1279 in-

918 1289 1078 1330 juriarum
1103 1289 1184 1320 dica.
1232 1290 1423 1329 lnjuriarum
1449 1293 1566 1322 audisti
1592 1294 1668 1322 mihi

921 1335 1065 1372 scriptam
1088 1335 1187 1363 dicam
1197 1332 1230 1374 2]
1256 1333 1482 1375 Ἀκυρολογίαε
1511 1334 1557 1365 sic
1579 1335 1668 1366 enim

922 1384 953 1406 et
970 1375 1108 1413 Tullius,
1126 1376 1218 1407 Verr.
1235 1376 1269 1407 ii.
1286 1378 1335 1407 15.
1359 1379 1512 1408 Sco-ibitur
1523 1380 1670 1409 Heraclio

921 1421 999 1450 dica.
1038 1418 1137 1460 Dico]
1162 1421 1238 1451 Dice
1260 1429 1358 1451 causa
1379 1427 1428 1451 est
1450 1421 1574 1458 Graece,
1596 1431 1668 1462 quae

921 1462 959 1492 fit
990 1462 1107 1493 Latine
1135 1464 1230 1494 dica:
1263 1469 1300 1494 ut
1325 1469 1393 1494 acte
1419 1469 1499 1501 acca,
1531 1465 1667 1505 Calliope

923 1507 1069 1546 Calliopa.
1106 1506 1147 1536 D.

967 1549 1015 1579 16.
1037 1551 1119 1583 Quid
1131 1551 1210 1580 istuc
1219 1547 1252 1590 ?]
1280 1549 1485 1591 Interrogare
1498 1549 1618 1582 dicitur
1633 1557 1667 1582 et

921 1591 1055 1632 fingitur
1073 1593 1167 1629 Geta,
1189 1599 1227 1623 ut
1248 1592 1421 1634 parasitica
1441 1593 1668 1635 progrediatur

920 1635 1033 1666 oratio.
1079 1635 1161 1670 Quia
1185 1647 1242 1667 non
1265 1641 1330 1667 rete
1352 1638 1496 1676 accipitri
1520 1639 1666 1675 tenditur,

919 1689 1013 1719 neque
1027 1678 1144 1720 milvio]
1169 1679 1296 1710 Rursus
1317 1689 1377 1721 per
1398 1678 1597 1720 ἂλληγορίαν
1616 1680 1664 1711 lo-

920 1721 1030 1762 quitur
1053 1722 1231 1763 parasitus:
1255 1728 1292 1753 ut
1307 1729 1409 1753 totum
1431 1722 1558 1754 triviale
1577 1723 1631 1761 sit,
1647 1734 1667 1755 a

918 1764 1076 1796 conviviis
1098 1765 1243 1806 escisque
1266 1765 1466 1797 translatum.
1506 1766 1587 1801 Quia
1607 1778 1667 1798 non

918 1813 983 1839 rete
997 1810 1140 1848 accipitri
1155 1811 1300 1845 tenditur,
1316 1820 1409 1849 neque
1427 1809 1546 1851 milvio]
1568 1810 1666 1852 Legi-

920 1857 973 1882 tur
988 1858 1020 1882 et
1036 1854 1192 1883 tenuitur:
1214 1851 1312 1882 habet
1330 1851 1416 1883 enim
1435 1863 1455 1883 n
1475 1851 1570 1884 litera
1590 1863 1666 1885 cum

921 1896 943 1924 d
963 1895 1233 1926 communionem.
1270 1894 1443 1929 D.—-Qu1·a
1460 1907 1518 1926 non
1532 1901 1597 1928 rete
1611 1907 1664 1927 oc-

920 1939 1026 1977 cipitri
1047 1940 1191 1975 tenditur,
1208 1949 1302 1978 neque
1316 1940 1426 1975 milvio,
1443 1941 1495 1979 qui
1516 1941 1594 1971 male
1605 1939 1664 1981 fa-

920 1983 1005 2012 ciunt
1018 1980 1120 2022 nobis]
1147 1981 1283 2018 Idcirc0‚
1304 1981 1420 2022 inquit,
1436 1990 1502 2012 non
1517 1993 1589 2013 sum
1610 1993 1664 2014 ac—

920 2031 1050 2055 cusatus
1061 2031 1134 2066 post
1146 2031 1193 2055 tot
1206 2023 1350 2064 injurias,
1363 2035 1442 2065 quas
1454 2024 1515 2056 feci
1529 2025 1664 2065 civibus,

921 2077 1020 2108 quum
1043 2077 1081 2099 ea
1104 2067 1200 2108 (retia
1223 2066 1278 2109 Ζ.)
1293 2077 1359 2098 non
1381 2067 1461 2099 fiant
1481 2068 1574 2100 malis
1594 2069 1664 2100 avi-

921 2111 990 2148 bus,
1008 2117 1045 2141 ut
1059 2110 1238 2153 capiantur.
1270 2112 1341 2142 Non
1352 2116 1416 2142 rete
1431 2121 1508 2152 ergo
1519 2114 1665 2151 tenditur,

920 2156 973 2194 qui
983 2156 1069 2185 nobis
1080 2154 1296 2195 malefaciunt,
1305 2154 1390 2195 quod
1400 2154 1529 2195 quidam
1542 2154 1665 2196 legunt,

921 2203 954 2227 at
966 2204 1076 2228 contra
1092 2197 1157 2228 illis
1172 2197 1244 2228 aliis
1256 2197 1409 2234 tenditur,
1421 2197 1475 2238 qui
1492 2198 1586 2229 nobis
1599 2209 1664 2230 non

921 2240 1005 2271 male
1025 2240 1157 2271 faciunt.
1190 2240 1340 2271 E.—Pro
1361 2243 1470 2278 milvio,
1487 2241 1578 2272 codd.
1602 2242 1664 2273 Fa-

921 2283 992 2314 erni
1015 2290 1047 2315 et
1069 2283 1171 2314 nostri
1193 2286 1285 2314 miliio
1305 2283 1435 2321 habent,
1458 2291 1492 2316 et
1510 2284 1557 2315 ita
1577 2285 1666 2327 apud

921 2326 1001 2357 alios
1017 2333 1165 2358 auctores
1180 2326 1254 2358 libri
1268 2333 1344 2357 vett.
1378 2327 1415 2358 B.

967 2370 1017 2402 17.
1035 2369 1096 2404 Qui
1118 2369 1313 2411 malefaciunt
1334 2369 1436 2410 nobis]
1461 2371 1527 2402 Ore
1548 2377 1581 2402 et
1602 2382 1665 2403 un-

919 2413 1036 2454 guibus
1051 2412 1184 2444 scilicet.
1215 2415 1285 2444 Illis
1299 2415 1352 2454 qui
1364 2411 1583 2453 nihilfecinnt,
1599 2420 1666 2446 ten-

920 2455 1022 2497 ditur]
1045 2457 1120 2487 Non
1136 2456 1184 2487 sic
1198 2457 1318 2498 accipe,
1334 2458 1414 2487 nihil
1422 2455 1560 2497 faciunt,
1573 2458 1667 2498 quasi

920 2499 1018 2537 dicat,
1048 2510 1108 2531 nec
1139 2500 1221 2531 bene
1251 2510 1312 2531 nec
1342 2499 1444 2530 male:
1478 2500 1536 2531 sed
1566 2510 1666 2542 quum

921 2542 1039 2584 legeris
1055 2545 1134 2574 nihil
1140 2542 1276 2583 faciunt,
1293 2543 1464 2574 subaudito
1479 2545 1563 2575 nobie
1577 2546 1665 2576 male.

967 2630 1014 2660 18.
1035 2631 1116 2663 Quia
1125 2631 1203 2660 enim
1213 2630 1245 2659 in
1256 2627 1453 2668 illiesructus
1461 2629 1523 2671 est]
1540 2629 1664 2671 Παρίλ-

920 2683 977 2704 κον
998 2672 1151 2703 tertium:
1181 2681 1246 2712 quo
1270 2678 1327 2703 aut
1352 2673 1443 2710 Quia,
1466 2680 1499 2704 et
1520 2673 1567 2704 sic
1588 2676 1668 2705 enim

921 2716 1121 2756 subjugatur,
1138 2721 1194 2746 aut
1215 2714 1321 2756 ipsum
1337 2717 1416 2746 enim
1431 2725 1666 2757 supervacuum

922 2764 980 2789 est.
1012 2760 1050 2789 In
1064 2757 1259 2798 illis-fructus
1273 2757 1336 2799 est]
1355 2758 1440 2794 Quia
1452 2759 1533 2791 nihil
1545 2759 1668 2792 faciunt

922 2801 1015 2832 nobis
1031 2801 1123 2832 male.
1161 2800 1241 2835 Quia
1252 2803 1331 2832 enim
1346 2803 1378 2832 in
1393 2803 1456 2833 illia
1462 2801 1588 2843 fructus
1601 2803 1664 2844 est]

922 2846 1065 2881 Fructm,
1078 2844 1186 2875 cibus:
1207 2843 1283 2885 quia
1283 2843 1408 2884 frumen
1419 2845 1538 2877 dicitur
1546 2854 1668 2878 ται-ωε

921 2887 1016 2928 gulae,
1033 2897 1095 2928 qua
1110 2887 1202 2919 cibus
1222 2887 1257 2918 in
1278 2887 1386 2919 alvum
1401 2887 1592 2922 demittitur.
1630 2892 1670 2922 In

922 2932 987 2962 illis
1007 2941 1098 2971 opera
1121 2929 1256 2971 luditur]
1278 2930 1343 2967 Qui
1367 2931 1451 2963 male
1467 2931 1591 2964 faciunt
1610 2944 1669 2965 no-

923 2972 983 3006 bis.
1021 2973 1175 3016 Ludieur]
1194 2973 1378 3007 Exercetur
1392 2974 1474 3016 (alii,
1489 2981 1670 3009 exterretur.
