1852 3216
411 124 493 163 DE
533 121 778 161 METRIS
815 120 1283 160 TERENTIANIS.
1514 119 1611 158 lxxv

81 213 204 265 prima
223 220 263 250 et
282 210 396 249 tertia
424 223 576 261 semper
603 208 738 253 licuit3
770 207 961 258 siquidem
988 208 1063 245 ista
1090 206 1174 244 sine
1199 196 1613 244 venia⁸conclamatum

81 276 286 316 actumque
314 273 396 303 erat
424 264 473 302 de
501 263 693 302 comoedia
726 261 996 313 tragoediaque
1023 260 1175 299 Latina.
1232 257 1332 296 Cum
1361 259 1478 309 igitur
1509 259 1612 297 hunc

82 333 238 359 versum
258 318 479 369 similesque
497 317 602 368 apud
621 325 795 354 nostrum
815 315 971 360 videris,

269 380 412 417 Malum
429 380 526 428 quod
542 379 603 415 isti
620 378 656 414 di
673 378 818 425 deaeque
835 377 958 413 omnes
975 377 1098 412 duint:

83 456 175 481 cave
196 442 291 479 vitio
311 441 352 478 id
379 449 507 491 poetae
534 439 721 483 verteris;
752 437 824 476 etsi
843 437 981 475 malzim
998 436 1094 474 illud
1113 445 1153 474 et
1168 434 1291 473 omnes
1310 435 1341 472 si
1361 435 1398 472 in
1419 434 1614 472 communi

83 497 168 547 quis
201 508 377 533 sermone
415 494 469 532 sic
506 493 685 537 acuisset,
719 491 934 529 deridiculo
969 491 1118 529 fuisset.
1176 488 1370 526 Nimirum
1407 501 1520 526 aures
1553 487 1615 525 vel

83 550 214 588 invitae
241 549 432 600 patienter
461 547 500 585 id
529 547 718 592 ferebant,
738 546 818 583 sine
839 559 917 596 quo
946 559 994 583 ne
1022 558 1099 582 una
1116 543 1273 594 quidem
1294 543 1332 580 in
1351 541 1483 580 fabula
1502 555 1616 579 scena

82 612 236 655 poterat
271 602 430 640 edolari.
497 601 604 644 Quin
642 609 681 638 et
719 599 882 637 Graecos
918 599 1024 650 ipsos
1056 598 1192 636 eadem
1228 597 1354 634 tenuit
1390 596 1614 639 necessitas,

84 658 218 696 eadem
239 671 353 708 passa
371 664 431 694 est
450 654 701 706 indulgentia.
759 652 859 690 Cum
880 652 1163 704 Aristophanes
1182 651 1294 696 dixit,

298 725 431 760 Δουλόν
448 723 608 771 γενεσθαι
626 723 929 769 πάραφρονουντος
948 721 1133 756 &farrea-ov.

86 786 185 826 Cum
206 786 427 838 Euripides,

300 855 380 889 Ηκώ
399 868 524 900 νεκρων
542 852 715 898 κευθμώνα
733 865 787 885 και
806 849 933 886 σκοτοὺ
951 852 1074 892 πυλας,

86 916 188 955 idem
216 916 454 954 admiserunt
484 915 521 952 in
550 917 675 952 δουλὸν
702 921 741 951 et
768 917 848 960 ηκὼ,
878 911 984 962 quod
1012 920 1143 949 noster
1171 910 1210 948 in
1237 909 1375 947 mallim
1400 917 1438 947 et
1467 907 1614 946 omnes:

88 971 162 1022 ipsi
177 971 278 1008 enim
297 969 388 1008 alibi
407 969 577 1020 priorem
597 976 752 1012 acuunt,
773 968 897 1004 δούλου
915 975 955 1003 et
972 968 1053 1013 ἥκω.

141 1025 187 1062 In
216 1023 382 1062 secunda
412 1023 529 1074 igitur
548 1021 712 1059 trimetri
732 1024 868 1068 διποδίᾳ
895 1019 970 1057 hoc
997 1019 1045 1056 de
1074 1032 1152 1069 quo
1180 1017 1330 1068 agimus
1358 1030 1436 1054 non
1459 1016 1617 1054 licebat.

89 1078 239 1117 Gellius
269 1078 377 1115 xviii.
411 1081 474 1114 15.
512 1076 558 1113 In
594 1074 754 1113 senariis
785 1073 948 1111 versibus
979 1071 1318 1110 animadverterunt
1351 1069 1494 1108 metn'ci
1527 1069 1619 1108 duos

83 1133 226 1184 primos
248 1131 376 1183 pedes,
398 1131 482 1168 item
508 1135 687 1167 extremos
705 1127 807 1173 duos,
828 1127 964 1165 habere
986 1140 1095 1178 posse
1112 1125 1280 1177 singulos
1298 1125 1468 1176 integras
1487 1130 1620 1175 partes

89 1186 275 1231 orationis,
295 1184 432 1223 medios
451 1183 552 1222 haud
575 1196 733 1235 unquam
755 1195 868 1234 posse
883 1196 894 1218 .·
926 1179 991 1219 sed
1008 1186 1178 1218 constare
1194 1193 1255 1217 eos
1273 1192 1416 1230 semper
1434 1191 1480 1215 eae
1498 1177 1620 1215 verln's

89 1247 154 1278 aut
172 1240 298 1277 divisis
313 1245 378 1277 aut
395 1239 520 1276 mixtis
539 1244 650 1289 atque
668 1236 844 1286 confusis.
884 1235 1041 1278 Quotus
1056 1234 1219 1285 quisque
1237 1233 1311 1271 hoc
1327 1232 1390 1270 vel
1405 1231 1618 1282 intelligat?

89 1294 230 1332 nedum
250 1302 294 1331 ut
313 1293 483 1331 senarios
502 1306 571 1343 per
591 1290 765 1342 singulos
784 1290 903 1341 pedes
923 1288 1142 1327 scandendo
1162 1297 1314 1338 tempus
1334 1286 1374 1324 in
1394 1286 1465 1324 hac
1485 1287 1619 1324 obser-

90 1348 244 1386 vatione
262 1348 463 1385 conterat?
503 1346 558 1384 At
586 1346 625 1383 in
652 1353 785 1382 nostra
803 1343 971 1382 editione
990 1342 1053 1380 vel
1078 1341 1408 1391 aliud'agentibus
1428 1340 1467 1377 in
1485 1339 1619 1377 oculos

92 1401 276 1446 incurrit3
307 1400 497 1450 simulque
516 1399 626 1442 ratio,
648 1412 764 1449 quam
782 1397 931 1435 metrici
952 1397 1016 1434 isti
1035 1405 1175 1441 tacent,
1191 1394 1304 1446 plane
1324 1402 1500 1445 apparet.
1529 1393 1620 1431 Hoc

93 1455 149 1493 illi
169 1455 375 1493 voluerunt
392 1469 400 1500 ς
432 1455 470 1492 in
488 1454 548 1491 his
567 1463 605 1491 et
624 1452 814 1490 similibus
835 1451 1007 1495 senariis,

329 1517 430 1552 Venit
448 1516 604 1551 Chremes
620 1514 791 1560 postridie
807 1514 852 1549 ad
868 1526 926 1549 me
942 1513 1138 1548 clamitans.

325 1563 577 1610 Mansuetique
593 1562 702 1597 animi
719 1561 846 1603 officia,
866 1560 952 1607 quid
967 1561 1084 1595 multis
1098 1571 1223 1594 moror.

92 1625 191 1663 duos
211 1624 357 1675 primos
376 1623 554 1673 duosque
573 1630 792 1673 postremos
812 1620 932 1671 pedes
953 1619 1113 1670 singulis
1127 1618 1258 1656 verbis
1278 1617 1419 1662 claudi,
1433 1625 1473 1654 et
1491 1624 1595 1654 recte
1611 1630 1619 1653 :

94 1688 134 1717 at
160 1678 299 1730 pedem
319 1678 475 1716 tertium
503 1685 733 1727 quartumve
760 1688 837 1712 non
864 1687 979 1725 posse
1007 1682 1127 1712 recte.
1185 1671 1267 1710 Cur
1294 1672 1397 1709 hoc?
1428 1670 1519 1720 quia
1539 1679 1621 1708 tum

94 1746 249 1770 necesse
264 1740 334 1776 est,
351 1741 394 1769 ut
410 1732 508 1769 ictus
528 1731 564 1768 in
584 1729 738 1767 ultimas
759 1728 927 1779 syllabas
945 1727 1108 1772 cadant3
1130 1726 1248 1776 quod,
1264 1735 1308 1763 ut
1326 1725 1421 1768 dixi,
1443 1725 1481 1762 in
1498 1725 1623 1775 prima

95 1786 304 1835 ultimaque
325 1788 461 1833 διποδίᾳ
480 1783 578 1822 solet
598 1783 705 1828 fieri3
737 1783 777 1820 in
803 1782 931 1820 media
958 1795 1028 1819 nec
1056 1781 1155 1819 solet
1175 1789 1213 1818 et
1233 1780 1302 1817 vix
1327 1792 1496 1829 unquam
1516 1777 1620 1815 licet.

96 1840 306 1878 Rarissime
326 1839 453 1890 igitur,
475 1837 594 1876 semel
618 1847 732 1887 atque
753 1837 906 1881 iterum,
926 1835 996 1873 sed
1018 1848 1158 1886 magno
1186 1833 1391 1872 sententiae
1411 1832 1532 1877 lucro,
1552 1831 1622 1869 ad·

97 1894 202 1931 misit
221 1894 294 1931 hoc
313 1893 351 1930 in
372 1892 555 1930 trimetris
575 1891 805 1928 Terentius:

328 1954 511 1990 Persuasit
527 1965 613 1995 nox,
632 1953 740 1994 amo'r,
757 1953 896 1994 vinum,
914 1951 1163 1986 adolescentia.

330 2002 484 2037 Scele'sta
500 2000 605 2036 ovem
621 2000 703 2046 lup6
716 2000 878 2035 commisi
892 2014 900 2034 :
928 1998 1105 2045 dispudet.

97 2062 198 2100 Nam
217 2062 326 2108 illud,

329 2124 447 2160 Nosse
463 2123 583 2158 omnia
598 2123 674 2159 haec
690 2122 786 2157 salvis
802 2128 855 2157 est
871 2119 1169 2162 adolescentibus,

98 2185 135 2223 in
154 2185 224 2223 hac
244 2184 413 2222 editione
433 2183 546 2221 saluti
564 2192 635 2221 est.
693 2181 920 2220 Notandum
941 2194 1095 2231 quoque
1115 2180 1153 2217 in
1171 2179 1276 2216 am6r
1293 2187 1332 2217 et
1351 2178 1436 2230 lnp6
1455 2179 1625 2230 priorem

97 2240 255 2277 brevem
269 2252 365 2283 esse,
382 2247 421 2276 et
435 2251 486 2275 ex
504 2237 663 2275 musicae
682 2236 894 2274 rationibus
912 2235 967 2272 ita
985 2243 1164 2286 oportere
1179 2248 1188 2279 3
1219 2242 1263 2271 ut
1280 2233 1384 2284 apud
1404 2232 1624 2278 Horatium,

329 2300 413 2335 Jam
423 2300 499 2346 jam
516 2299 647 2334 efficaci
664 2298 711 2333 do
727 2297 847 2333 mamis
863 2297 1030 2332 scientiae.

330 2347 389 2383 Ad
405 2346 599 2394 pervicacis
615 2346 686 2381 heu
696 2345 803 2392 pede‘s
819 2345 984 2380 Achillei.

99 2407 154 2446 Et
181 2407 354 2446 similiter
383 2407 421 2445 in
450 2407 570 2444 verbo
597 2405 799 2455 trisyllabo
827 2404 925 2442 duos
955 2404 1054 2442 ictus
1089 2404 1315 2455 recipiente,
1344 2402 1377 2440 si
1405 2402 1444 2440 id
1472 2405 1627 2440 διποδίαν

102 2463 334 2500 trochaicam
355 2461 523 2505 inchoat,
544 2460 671 2498 media
690 2459 763 2497 erit
781 2472 830 2496 ex
851 2467 933 2496 arte
951 2458 1095 2503 brevis,

333 2523 413 2559 Nisi
429 2524 491 2569 pol
506 2522 619 2558 filium
634 2521 856 2557 multimodis
873 2521 1014 2567 expeto,
1027 2527 1069 2556 ut
1085 2519 1206 2555 redeat
1223 2519 1382 2554 domum.

103 2584 165 2622 Ita
191 2592 295 2622 recte
323 2583 384 2622 hic
402 2583 562 2627 editum,
583 2596 659 2620 non
677 2587 854 2633 στρατω
884 2589 928 2618 ut
955 2589 994 2618 et
1022 2579 1096 2618 alia
1124 2579 1301 2630 plurima,
1323 2592 1412 2628 quae
1440 2588 1528 2616 ante
1556 2591 1626 2616 nos

104 2638 244 2676 vitiosa
261 2638 495 2683 ferebantur,
516 2637 555 2675 in
573 2636 676 2675 omni
695 2649 876 2674 versuum
896 2648 1039 2685 genere
1059 2634 1120 2672 hic
1139 2633 1398 2684 corriguntur.
