<?xml version="1.0" encoding="UTF-8"?>
<!DOCTYPE html PUBLIC "-//W3C//DTD XHTML 1.0 Transitional//EN"
    "http://www.w3.org/TR/xhtml1/DTD/xhtml1-transitional.dtd">
<html xmlns="http://www.w3.org/1999/xhtml" xml:lang="en" lang="en">
 <head>
  <title>
</title>
<meta http-equiv="Content-Type" content="text/html;charset=utf-8" />
  <meta name='ocr-system' content='tesseract 3.04.00' />
  <meta name='ocr-capabilities' content='ocr_page ocr_carea ocr_par ocr_line ocrx_word'/>
</head>
<body>
  <div class='ocr_page' id='page_1' title='image "./comoediaesex00tereuoft_0439.png"; bbox 0 0 1852 3216; ppageno 0'>
   <div class='ocr_carea' id='block_1_1' title="bbox 106 134 323 191">
    <p class='ocr_par' dir='ltr' id='par_1_1' title="bbox 106 134 323 191">
     <span class='ocr_line' id='line_1_1' title="bbox 106 134 323 191; baseline -0.014 -11"><span class='ocrx_word' id='word_1_1' title='bbox 106 149 248 180; x_wconf 70' lang='lat' dir='ltr'>scr-:NA</span> <span class='ocrx_word' id='word_1_2' title='bbox 271 134 323 191; x_wconf 86' lang='lat'>1.]</span> 
     </span>
    </p>
   </div>
   <div class='ocr_carea' id='block_1_2' title="bbox 412 130 1343 177">
    <p class='ocr_par' dir='ltr' id='par_1_2' title="bbox 412 130 1343 177">
     <span class='ocr_line' id='line_1_2' title="bbox 412 130 1343 177; baseline -0.004 0"><span class='ocrx_word' id='word_1_3' title='bbox 412 130 1343 177; x_wconf 85' lang='lat' dir='ltr'>HEAUTONTIMORUMENOS.</span> 
     </span>
    </p>
   </div>
   <div class='ocr_carea' id='block_1_3' title="bbox 1545 131 1635 174">
    <p class='ocr_par' dir='ltr' id='par_1_3' title="bbox 1545 131 1635 174">
     <span class='ocr_line' id='line_1_3' title="bbox 1545 131 1635 174; baseline 0 0"><span class='ocrx_word' id='word_1_4' title='bbox 1545 131 1635 174; x_wconf 84' lang='grc'>337</span> 
     </span>
    </p>
   </div>
   <div class='ocr_carea' id='block_1_4' title="bbox 103 219 1636 412">
    <p class='ocr_par' dir='ltr' id='par_1_4' title="bbox 103 219 1636 412">
     <span class='ocr_line' id='line_1_4' title="bbox 164 219 1434 282; baseline -0.004 -14"><span class='ocrx_word' id='word_1_5' title='bbox 164 225 285 275; x_wconf 85' lang='lat' dir='ltr'><strong>Quid</strong></span> <span class='ocrx_word' id='word_1_6' title='bbox 304 225 570 282; x_wconf 83' lang='lat' dir='ltr'>perdideris:</span> <span class='ocrx_word' id='word_1_7' title='bbox 600 239 699 267; x_wconf 88' lang='lat' dir='ltr'>nam</span> <span class='ocrx_word' id='word_1_8' title='bbox 716 223 794 266; x_wconf 91' lang='lat' dir='ltr'>ubi</span> <span class='ocrx_word' id='word_1_9' title='bbox 813 223 1073 278; x_wconf 84' lang='lat' dir='ltr'><strong>desponsam</strong></span> <span class='ocrx_word' id='word_1_10' title='bbox 1091 221 1305 264; x_wconf 79' lang='lat' dir='ltr'><strong>nunciasti</strong></span> <span class='ocrx_word' id='word_1_11' title='bbox 1322 219 1434 271; x_wconf 77' lang='lat' dir='ltr'>fili03</span> 
     </span>
     <span class='ocr_line' id='line_1_5' title="bbox 161 286 1325 347; baseline -0.003 -13"><span class='ocrx_word' id='word_1_12' title='bbox 161 291 378 334; x_wconf 87' lang='lat' dir='ltr'>Continuo</span> <span class='ocrx_word' id='word_1_13' title='bbox 396 291 595 347; x_wconf 87' lang='lat' dir='ltr'>injecisse</span> <span class='ocrx_word' id='word_1_14' title='bbox 613 290 747 332; x_wconf 86' lang='lat' dir='ltr'>verba</span> <span class='ocrx_word' id='word_1_15' title='bbox 764 289 844 331; x_wconf 90' lang='lat' dir='ltr'>tibi</span> <span class='ocrx_word' id='word_1_16' title='bbox 862 288 1129 331; x_wconf 89' lang='lat' dir='ltr'>Dromonem</span> <span class='ocrx_word' id='word_1_17' title='bbox 1147 286 1325 339; x_wconf 88' lang='lat' dir='ltr'>scilicet,</span> 
     </span>
     <span class='ocr_line' id='line_1_6' title="bbox 103 354 1636 412; baseline -0.002 -15"><span class='ocrx_word' id='word_1_18' title='bbox 103 366 147 396; x_wconf 81' lang='lat'>20</span> <span class='ocrx_word' id='word_1_19' title='bbox 161 356 346 412; x_wconf 86' lang='lat' dir='ltr'>Sponsae</span> <span class='ocrx_word' id='word_1_20' title='bbox 373 364 552 408; x_wconf 87' lang='lat' dir='ltr'>vestem,</span> <span class='ocrx_word' id='word_1_21' title='bbox 573 370 739 407; x_wconf 87' lang='lat' dir='ltr'>aurum,</span> <span class='ocrx_word' id='word_1_22' title='bbox 758 362 889 411; x_wconf 86' lang='lat' dir='ltr'>atque</span> <span class='ocrx_word' id='word_1_23' title='bbox 920 354 1095 396; x_wconf 85' lang='lat' dir='ltr'><strong>ancillas</strong></span> <span class='ocrx_word' id='word_1_24' title='bbox 1125 369 1236 410; x_wconf 88' lang='lat' dir='ltr'>opus</span> <span class='ocrx_word' id='word_1_25' title='bbox 1254 367 1381 405; x_wconf 80' lang='lat' dir='ltr'>esse3</span> <span class='ocrx_word' id='word_1_26' title='bbox 1410 359 1636 409; x_wconf 86' lang='lat' dir='ltr'>argentum</span> 
     </span>
    </p>
   </div>
   <div class='ocr_carea' id='block_1_5' title="bbox 246 422 459 465">
    <p class='ocr_par' dir='ltr' id='par_1_5' title="bbox 246 422 459 465">
     <span class='ocr_line' id='line_1_7' title="bbox 246 422 459 465; baseline 0 -1"><span class='ocrx_word' id='word_1_27' title='bbox 246 429 296 465; x_wconf 91' lang='lat' dir='ltr'>ut</span> <span class='ocrx_word' id='word_1_28' title='bbox 315 422 459 465; x_wconf 88' lang='lat' dir='ltr'>dares.</span> 
     </span>
    </p>
   </div>
   <div class='ocr_carea' id='block_1_6' title="bbox 161 482 1636 740">
    <p class='ocr_par' dir='ltr' id='par_1_6' title="bbox 162 482 1636 609">
     <span class='ocr_line' id='line_1_8' title="bbox 162 482 1636 539; baseline -0.003 -9"><span class='ocrx_word' id='word_1_29' title='bbox 162 487 259 530; x_wconf 80' lang='grc' dir='ltr'>ΜΕ.</span> <span class='ocrx_word' id='word_1_30' title='bbox 280 487 399 530; x_wconf 86' lang='grc' dir='ltr'>Νοιι.</span> <span class='ocrx_word' id='word_1_31' title='bbox 451 487 536 530; x_wconf 76' lang='lat' dir='ltr'>Cn.</span> <span class='ocrx_word' id='word_1_32' title='bbox 559 487 681 536; x_wconf 88' lang='lat' dir='ltr'><strong>Quid</strong></span> <span class='ocrx_word' id='word_1_33' title='bbox 705 487 825 529; x_wconf 75' lang='lat' dir='ltr'>non?</span> <span class='ocrx_word' id='word_1_34' title='bbox 875 485 971 527; x_wconf 79' lang='grc' dir='ltr'>ΜΕ.</span> <span class='ocrx_word' id='word_1_35' title='bbox 994 483 1113 535; x_wconf 93' lang='lat' dir='ltr'>Non,</span> <span class='ocrx_word' id='word_1_36' title='bbox 1130 485 1316 539; x_wconf 87' lang='lat' dir='ltr'>inquam.</span> <span class='ocrx_word' id='word_1_37' title='bbox 1366 483 1454 526; x_wconf 76' lang='lat' dir='ltr'>Cn.</span> <span class='ocrx_word' id='word_1_38' title='bbox 1475 482 1636 539; x_wconf 86' lang='lat' dir='ltr'>Neque</span> 
     </span>
     <span class='ocr_line' id='line_1_9' title="bbox 246 549 1277 609; baseline -0.005 -13"><span class='ocrx_word' id='word_1_39' title='bbox 246 554 340 609; x_wconf 89' lang='lat' dir='ltr'>ipse</span> <span class='ocrx_word' id='word_1_40' title='bbox 360 555 547 609; x_wconf 72' lang='lat' dir='ltr'>gnatus?</span> <span class='ocrx_word' id='word_1_41' title='bbox 598 553 693 595; x_wconf 74' lang='lat' dir='ltr'>ME.</span> <span class='ocrx_word' id='word_1_42' title='bbox 717 551 840 594; x_wconf 90' lang='lat' dir='ltr'>Nihil</span> <span class='ocrx_word' id='word_1_43' title='bbox 860 565 1055 607; x_wconf 86' lang='lat' dir='ltr'>prorsus,</span> <span class='ocrx_word' id='word_1_44' title='bbox 1076 549 1277 593; x_wconf 89' lang='lat' dir='ltr'>Chreme.</span> 
     </span>
    </p>

    <p class='ocr_par' dir='ltr' id='par_1_7' title="bbox 161 615 1551 674">
     <span class='ocr_line' id='line_1_10' title="bbox 161 615 1551 674; baseline -0.004 -13"><span class='ocrx_word' id='word_1_45' title='bbox 161 618 308 674; x_wconf 83' lang='lat' dir='ltr'>Magis</span> <span class='ocrx_word' id='word_1_46' title='bbox 327 634 460 661; x_wconf 89' lang='lat' dir='ltr'>unum</span> <span class='ocrx_word' id='word_1_47' title='bbox 479 619 607 661; x_wconf 90' lang='lat' dir='ltr'>etiam</span> <span class='ocrx_word' id='word_1_48' title='bbox 627 619 803 668; x_wconf 89' lang='lat' dir='ltr'>instare,</span> <span class='ocrx_word' id='word_1_49' title='bbox 823 624 873 659; x_wconf 88' lang='lat' dir='ltr'>ut</span> <span class='ocrx_word' id='word_1_50' title='bbox 891 615 1021 658; x_wconf 89' lang='lat' dir='ltr'>hodie</span> <span class='ocrx_word' id='word_1_51' title='bbox 1040 615 1356 659; x_wconf 84' lang='lat' dir='ltr'>conficerentur</span> <span class='ocrx_word' id='word_1_52' title='bbox 1375 615 1551 671; x_wconf 87' lang='lat' dir='ltr'>nuptiae.</span> 
     </span>
    </p>

    <p class='ocr_par' dir='ltr' id='par_1_8' title="bbox 161 681 1634 740">
     <span class='ocr_line' id='line_1_11' title="bbox 161 681 1634 740; baseline -0.002 -14"><span class='ocrx_word' id='word_1_53' title='bbox 161 684 247 726; x_wconf 75' lang='lat' dir='ltr'>Cu.</span> <span class='ocrx_word' id='word_1_54' title='bbox 264 684 381 726; x_wconf 88' lang='lat' dir='ltr'>Mira</span> <span class='ocrx_word' id='word_1_55' title='bbox 400 700 574 727; x_wconf 87' lang='lat' dir='ltr'>narras:</span> <span class='ocrx_word' id='word_1_56' title='bbox 604 684 710 740; x_wconf 90' lang='lat' dir='ltr'>quid</span> <span class='ocrx_word' id='word_1_57' title='bbox 731 683 866 739; x_wconf 84' lang='lat' dir='ltr'>Syrus</span> <span class='ocrx_word' id='word_1_58' title='bbox 885 683 1037 724; x_wconf 67' lang='lat' dir='ltr'>meus?</span> <span class='ocrx_word' id='word_1_59' title='bbox 1067 696 1122 724; x_wconf 92' lang='lat' dir='ltr'>ne</span> <span class='ocrx_word' id='word_1_60' title='bbox 1142 682 1178 724; x_wconf 93' lang='lat' dir='ltr'>is</span> <span class='ocrx_word' id='word_1_61' title='bbox 1191 681 1366 737; x_wconf 90' lang='lat' dir='ltr'>quidem</span> <span class='ocrx_word' id='word_1_62' title='bbox 1380 681 1634 737; x_wconf 70' lang='lat' dir='ltr'>quicquam?</span> 
     </span>
    </p>
   </div>
   <div class='ocr_carea' id='block_1_7' title="bbox 247 749 503 792">
    <p class='ocr_par' dir='ltr' id='par_1_9' title="bbox 247 749 503 792">
     <span class='ocr_line' id='line_1_12' title="bbox 247 749 503 792; baseline 0 0"><span class='ocrx_word' id='word_1_63' title='bbox 247 749 343 792; x_wconf 83' lang='lat' dir='ltr'>ME.</span> <span class='ocrx_word' id='word_1_64' title='bbox 365 749 503 792; x_wconf 89' lang='lat' dir='ltr'>Nihil.</span> 
     </span>
    </p>
   </div>
   <div class='ocr_carea' id='block_1_8' title="bbox 162 812 1637 870">
    <p class='ocr_par' dir='ltr' id='par_1_10' title="bbox 162 812 1637 870">
     <span class='ocr_line' id='line_1_13' title="bbox 162 812 1637 870; baseline -0.001 -13"><span class='ocrx_word' id='word_1_65' title='bbox 162 815 247 857; x_wconf 73' lang='lat' dir='ltr'>Cn.</span> <span class='ocrx_word' id='word_1_66' title='bbox 272 815 594 864; x_wconf 72' lang='lat' dir='ltr'>Quamobrem?</span> <span class='ocrx_word' id='word_1_67' title='bbox 641 814 740 857; x_wconf 76' lang='grc' dir='ltr'>ΜΕ.</span> <span class='ocrx_word' id='word_1_68' title='bbox 759 814 947 857; x_wconf 87' lang='lat' dir='ltr'>Nescio:</span> <span class='ocrx_word' id='word_1_69' title='bbox 978 814 1179 870; x_wconf 90' lang='lat' dir='ltr'>equidem</span> <span class='ocrx_word' id='word_1_70' title='bbox 1197 814 1342 865; x_wconf 90' lang='lat' dir='ltr'>miror,</span> <span class='ocrx_word' id='word_1_71' title='bbox 1356 813 1431 869; x_wconf 91' lang='lat' dir='ltr'>qui</span> <span class='ocrx_word' id='word_1_72' title='bbox 1448 812 1532 856; x_wconf 88' lang='lat' dir='ltr'>alia</span> <span class='ocrx_word' id='word_1_73' title='bbox 1550 820 1637 856; x_wconf 88' lang='lat' dir='ltr'>tam</span> 
     </span>
    </p>
   </div>
   <div class='ocr_carea' id='block_1_9' title="bbox 247 880 518 936">
    <p class='ocr_par' dir='ltr' id='par_1_11' title="bbox 247 880 518 936">
     <span class='ocr_line' id='line_1_14' title="bbox 247 880 518 936; baseline 0 -14"><span class='ocrx_word' id='word_1_74' title='bbox 247 880 373 936; x_wconf 90' lang='lat' dir='ltr'>plane</span> <span class='ocrx_word' id='word_1_75' title='bbox 394 881 518 923; x_wconf 90' lang='lat' dir='ltr'>scias.</span> 
     </span>
    </p>
   </div>
   <div class='ocr_carea' id='block_1_10' title="bbox 106 943 1638 1132">
    <p class='ocr_par' dir='ltr' id='par_1_12' title="bbox 106 943 1638 1132">
     <span class='ocr_line' id='line_1_15' title="bbox 106 943 1411 1001; baseline -0.002 -13"><span class='ocrx_word' id='word_1_76' title='bbox 106 954 149 985; x_wconf 84' lang='lat'>25</span> <span class='ocrx_word' id='word_1_77' title='bbox 167 946 256 988; x_wconf 91' lang='lat' dir='ltr'>Sed</span> <span class='ocrx_word' id='word_1_78' title='bbox 276 945 346 988; x_wconf 91' lang='lat' dir='ltr'>ille</span> <span class='ocrx_word' id='word_1_79' title='bbox 366 954 488 988; x_wconf 91' lang='lat' dir='ltr'>tuum</span> <span class='ocrx_word' id='word_1_80' title='bbox 507 960 680 1001; x_wconf 93' lang='lat' dir='ltr'>quoque</span> <span class='ocrx_word' id='word_1_81' title='bbox 700 945 836 1000; x_wconf 88' lang='lat' dir='ltr'>Syrus</span> <span class='ocrx_word' id='word_1_82' title='bbox 858 945 972 986; x_wconf 92' lang='lat' dir='ltr'>idem</span> <span class='ocrx_word' id='word_1_83' title='bbox 990 945 1097 986; x_wconf 90' lang='lat' dir='ltr'>mire</span> <span class='ocrx_word' id='word_1_84' title='bbox 1115 944 1243 986; x_wconf 81' lang='lat' dir='ltr'>finxit</span> <span class='ocrx_word' id='word_1_85' title='bbox 1261 943 1411 995; x_wconf 88' lang='lat' dir='ltr'>filium,</span> 
     </span>
     <span class='ocr_line' id='line_1_16' title="bbox 163 1009 1583 1068; baseline -0.001 -14"><span class='ocrx_word' id='word_1_86' title='bbox 163 1011 226 1054; x_wconf 86' lang='lat' dir='ltr'>Ut</span> <span class='ocrx_word' id='word_1_87' title='bbox 245 1026 298 1053; x_wconf 87' lang='lat' dir='ltr'>ne</span> <span class='ocrx_word' id='word_1_88' title='bbox 318 1011 539 1068; x_wconf 90' lang='lat' dir='ltr'>paululum</span> <span class='ocrx_word' id='word_1_89' title='bbox 558 1011 733 1066; x_wconf 91' lang='lat' dir='ltr'>quidem</span> <span class='ocrx_word' id='word_1_90' title='bbox 753 1009 951 1052; x_wconf 89' lang='lat' dir='ltr'>suboleat</span> <span class='ocrx_word' id='word_1_91' title='bbox 969 1024 1066 1052; x_wconf 89' lang='lat' dir='ltr'>esse</span> <span class='ocrx_word' id='word_1_92' title='bbox 1087 1011 1264 1052; x_wconf 87' lang='lat' dir='ltr'>amicam</span> <span class='ocrx_word' id='word_1_93' title='bbox 1284 1009 1397 1053; x_wconf 89' lang='lat' dir='ltr'>hanc</span> <span class='ocrx_word' id='word_1_94' title='bbox 1417 1009 1583 1053; x_wconf 87' lang='lat' dir='ltr'>Cliniae.</span> 
     </span>
     <span class='ocr_line' id='line_1_17' title="bbox 162 1074 1638 1132; baseline -0.001 -13"><span class='ocrx_word' id='word_1_95' title='bbox 162 1077 248 1119; x_wconf 77' lang='lat' dir='ltr'>Cn.</span> <span class='ocrx_word' id='word_1_96' title='bbox 271 1077 391 1125; x_wconf 86' lang='lat' dir='ltr'>Quid</span> <span class='ocrx_word' id='word_1_97' title='bbox 411 1077 505 1119; x_wconf 71' lang='lat' dir='ltr'>ais?</span> <span class='ocrx_word' id='word_1_98' title='bbox 554 1076 652 1119; x_wconf 79' lang='grc' dir='ltr'>ΜΕ.</span> <span class='ocrx_word' id='word_1_99' title='bbox 674 1075 808 1119; x_wconf 86' lang='lat' dir='ltr'>Mitto</span> <span class='ocrx_word' id='word_1_100' title='bbox 825 1076 917 1132; x_wconf 92' lang='lat' dir='ltr'>jam</span> <span class='ocrx_word' id='word_1_101' title='bbox 939 1074 1125 1118; x_wconf 83' lang='lat' dir='ltr'>osculari</span> <span class='ocrx_word' id='word_1_102' title='bbox 1146 1083 1278 1132; x_wconf 89' lang='lat' dir='ltr'>atque</span> <span class='ocrx_word' id='word_1_103' title='bbox 1301 1075 1560 1132; x_wconf 85' lang='lat' dir='ltr'>amplexari:</span> <span class='ocrx_word' id='word_1_104' title='bbox 1591 1077 1638 1118; x_wconf 90' lang='lat' dir='ltr'>id</span> 
     </span>
    </p>
   </div>
   <div class='ocr_carea' id='block_1_11' title="bbox 246 1141 447 1198">
    <p class='ocr_par' dir='ltr' id='par_1_13' title="bbox 246 1141 447 1198">
     <span class='ocr_line' id='line_1_18' title="bbox 246 1141 447 1198; baseline 0.005 -14"><span class='ocrx_word' id='word_1_105' title='bbox 246 1141 306 1184; x_wconf 89' lang='lat' dir='ltr'>nil</span> <span class='ocrx_word' id='word_1_106' title='bbox 324 1150 447 1198; x_wconf 86' lang='lat' dir='ltr'>puto.</span> 
     </span>
    </p>
   </div>
   <div class='ocr_carea' id='block_1_12' title="bbox 160 1207 1489 1264">
    <p class='ocr_par' dir='ltr' id='par_1_14' title="bbox 160 1207 1489 1264">
     <span class='ocr_line' id='line_1_19' title="bbox 160 1207 1489 1264; baseline 0.001 -14"><span class='ocrx_word' id='word_1_107' title='bbox 160 1207 246 1250; x_wconf 78' lang='lat' dir='ltr'>Cn.</span> <span class='ocrx_word' id='word_1_108' title='bbox 279 1208 401 1257; x_wconf 84' lang='lat' dir='ltr'>Quid</span> <span class='ocrx_word' id='word_1_109' title='bbox 431 1215 514 1259; x_wconf 90' lang='lat' dir='ltr'>est,</span> <span class='ocrx_word' id='word_1_110' title='bbox 544 1208 662 1264; x_wconf 91' lang='lat' dir='ltr'>quod</span> <span class='ocrx_word' id='word_1_111' title='bbox 691 1207 873 1264; x_wconf 90' lang='lat' dir='ltr'>amplius</span> <span class='ocrx_word' id='word_1_112' title='bbox 906 1207 1165 1251; x_wconf 68' lang='lat' dir='ltr'>simuletur?</span> <span class='ocrx_word' id='word_1_113' title='bbox 1225 1207 1321 1252; x_wconf 78' lang='grc' dir='ltr'>ΜΕ.</span> <span class='ocrx_word' id='word_1_114' title='bbox 1353 1208 1489 1252; x_wconf 80' lang='lat' dir='ltr'>Vah!</span> 
     </span>
    </p>
   </div>
   <div class='ocr_carea' id='block_1_13' title="bbox 1548 1208 1635 1252">
    <p class='ocr_par' dir='ltr' id='par_1_15' title="bbox 1548 1208 1635 1252">
     <span class='ocr_line' id='line_1_20' title="bbox 1548 1208 1635 1252; baseline 0 0"><span class='ocrx_word' id='word_1_115' title='bbox 1548 1208 1635 1252; x_wconf 80' lang='lat' dir='ltr'>CH.</span> 
     </span>
    </p>
   </div>
   <div class='ocr_carea' id='block_1_14' title="bbox 163 1273 1488 1396">
    <p class='ocr_par' dir='ltr' id='par_1_16' title="bbox 163 1273 1488 1396">
     <span class='ocr_line' id='line_1_21' title="bbox 247 1273 948 1322; baseline -0.001 -6"><span class='ocrx_word' id='word_1_116' title='bbox 247 1273 369 1322; x_wconf 91' lang='lat' dir='ltr'>Quid</span> <span class='ocrx_word' id='word_1_117' title='bbox 388 1276 485 1317; x_wconf 72' lang='lat' dir='ltr'>est?</span> <span class='ocrx_word' id='word_1_118' title='bbox 536 1274 632 1316; x_wconf 71' lang='lat' dir='ltr'>ME.</span> <span class='ocrx_word' id='word_1_119' title='bbox 655 1273 778 1316; x_wconf 89' lang='lat' dir='ltr'>Audi</span> <span class='ocrx_word' id='word_1_120' title='bbox 796 1274 948 1316; x_wconf 87' lang='lat' dir='ltr'>modo:</span> 
     </span>
     <span class='ocr_line' id='line_1_22' title="bbox 163 1338 1488 1396; baseline 0 -13"><span class='ocrx_word' id='word_1_121' title='bbox 163 1340 250 1383; x_wconf 92' lang='lat' dir='ltr'>Est</span> <span class='ocrx_word' id='word_1_122' title='bbox 268 1340 372 1382; x_wconf 91' lang='lat' dir='ltr'>mihi</span> <span class='ocrx_word' id='word_1_123' title='bbox 391 1341 435 1382; x_wconf 90' lang='lat' dir='ltr'>in</span> <span class='ocrx_word' id='word_1_124' title='bbox 455 1339 613 1382; x_wconf 86' lang='lat' dir='ltr'>ultimis</span> <span class='ocrx_word' id='word_1_125' title='bbox 634 1338 834 1382; x_wconf 88' lang='lat' dir='ltr'>conclave</span> <span class='ocrx_word' id='word_1_126' title='bbox 855 1340 899 1381; x_wconf 92' lang='lat' dir='ltr'>in</span> <span class='ocrx_word' id='word_1_127' title='bbox 918 1339 1087 1382; x_wconf 87' lang='lat' dir='ltr'>aedibus</span> <span class='ocrx_word' id='word_1_128' title='bbox 1106 1340 1327 1396; x_wconf 87' lang='lat' dir='ltr'>quoddam</span> <span class='ocrx_word' id='word_1_129' title='bbox 1345 1347 1463 1383; x_wconf 87' lang='lat' dir='ltr'>retro</span> <span class='ocrx_word' id='word_1_130' title='bbox 1475 1356 1488 1383; x_wconf 75' lang='lat' dir='ltr'>t</span> 
     </span>
    </p>
   </div>
   <div class='ocr_carea' id='block_1_15' title="bbox 104 1467 855 3021">
    <p class='ocr_par' dir='ltr' id='par_1_17' title="bbox 104 1467 850 1631">
     <span class='ocr_line' id='line_1_23' title="bbox 105 1467 850 1510; baseline -0.001 -10"><span class='ocrx_word' id='word_1_131' title='bbox 105 1468 169 1500; x_wconf 84' lang='lat' dir='ltr'>rari</span> <span class='ocrx_word' id='word_1_132' title='bbox 186 1469 394 1501; x_wconf 86' lang='lat' dir='ltr'>vehementer</span> <span class='ocrx_word' id='word_1_133' title='bbox 408 1468 496 1505; x_wconf 90' lang='lat' dir='ltr'>dicit,</span> <span class='ocrx_word' id='word_1_134' title='bbox 513 1468 599 1510; x_wconf 89' lang='lat' dir='ltr'>quod</span> <span class='ocrx_word' id='word_1_135' title='bbox 613 1469 682 1499; x_wconf 78' lang='lat' dir='ltr'>haec</span> <span class='ocrx_word' id='word_1_136' title='bbox 698 1477 764 1499; x_wconf 90' lang='lat' dir='ltr'>non</span> <span class='ocrx_word' id='word_1_137' title='bbox 779 1467 850 1499; x_wconf 82' lang='lat' dir='ltr'>fue-</span> 
     </span>
     <span class='ocr_line' id='line_1_24' title="bbox 104 1510 850 1549; baseline -0.004 -5"><span class='ocrx_word' id='word_1_138' title='bbox 104 1512 149 1544; x_wconf 84' lang='lat' dir='ltr'>rit</span> <span class='ocrx_word' id='word_1_139' title='bbox 249 1513 361 1544; x_wconf 83' lang='lat' dir='ltr'>icatus.</span> <span class='ocrx_word' id='word_1_140' title='bbox 399 1512 516 1543; x_wconf 78' lang='lat' dir='ltr'>E.—N</span> <span class='ocrx_word' id='word_1_141' title='bbox 520 1523 538 1543; x_wconf 93' lang='lat' dir='ltr'>e</span> <span class='ocrx_word' id='word_1_142' title='bbox 557 1522 669 1543; x_wconf 84' lang='lat' dir='ltr'>versus</span> <span class='ocrx_word' id='word_1_143' title='bbox 681 1510 850 1549; x_wconf 84' lang='lat' dir='ltr'>claudicet,</span> 
     </span>
     <span class='ocr_line' id='line_1_25' title="bbox 105 1554 850 1598; baseline -0.003 -11"><span class='ocrx_word' id='word_1_144' title='bbox 105 1555 178 1597; x_wconf 81' lang='lat' dir='ltr'>lege</span> <span class='ocrx_word' id='word_1_145' title='bbox 198 1558 364 1594; x_wconf 68' lang='lat' dir='ltr'>nonedam,</span> <span class='ocrx_word' id='word_1_146' title='bbox 380 1556 467 1597; x_wconf 90' lang='lat' dir='ltr'>quod</span> <span class='ocrx_word' id='word_1_147' title='bbox 487 1565 573 1598; x_wconf 84' lang='lat' dir='ltr'>saepe</span> <span class='ocrx_word' id='word_1_148' title='bbox 588 1555 676 1597; x_wconf 84' lang='lat' dir='ltr'>apud</span> <span class='ocrx_word' id='word_1_149' title='bbox 697 1554 850 1586; x_wconf 84' lang='lat' dir='ltr'>Plautum</span> 
     </span>
     <span class='ocr_line' id='line_1_26' title="bbox 104 1599 325 1631; baseline -0.005 0"><span class='ocrx_word' id='word_1_150' title='bbox 104 1599 254 1631; x_wconf 84' lang='lat' dir='ltr'>occurrit.</span> <span class='ocrx_word' id='word_1_151' title='bbox 287 1599 325 1630; x_wconf 87' lang='lat' dir='ltr'>B.</span> 
     </span>
    </p>

    <p class='ocr_par' dir='ltr' id='par_1_18' title="bbox 150 1640 849 1683">
     <span class='ocr_line' id='line_1_27' title="bbox 150 1640 849 1683; baseline -0.001 -10"><span class='ocrx_word' id='word_1_152' title='bbox 150 1643 200 1673; x_wconf 84' lang='lat'>18.</span> <span class='ocrx_word' id='word_1_153' title='bbox 221 1644 406 1683; x_wconf 69' lang='lat' dir='ltr'>Desponsam</span> <span class='ocrx_word' id='word_1_154' title='bbox 422 1640 594 1683; x_wconf 68' lang='lat' dir='ltr'>nunciasti]</span> <span class='ocrx_word' id='word_1_155' title='bbox 611 1641 652 1672; x_wconf 89' lang='lat' dir='ltr'>V.</span> <span class='ocrx_word' id='word_1_156' title='bbox 669 1641 706 1672; x_wconf 92' lang='lat' dir='ltr'>C.</span> <span class='ocrx_word' id='word_1_157' title='bbox 722 1642 849 1681; x_wconf 69' lang='lat' dir='ltr'>despon-</span> 
     </span>
    </p>

    <p class='ocr_par' dir='ltr' id='par_1_19' title="bbox 104 1729 850 1856">
     <span class='ocr_line' id='line_1_28' title="bbox 149 1729 850 1770; baseline -0.003 -10"><span class='ocrx_word' id='word_1_158' title='bbox 149 1729 201 1760; x_wconf 84' lang='lat'>20.</span> <span class='ocrx_word' id='word_1_159' title='bbox 212 1729 335 1760; x_wconf 82' lang='lat' dir='ltr'>Versus</span> <span class='ocrx_word' id='word_1_160' title='bbox 346 1738 443 1759; x_wconf 81' lang='lat' dir='ltr'>causa</span> <span class='ocrx_word' id='word_1_161' title='bbox 452 1738 582 1770; x_wconf 87' lang='lat' dir='ltr'>repone,</span> <span class='ocrx_word' id='word_1_162' title='bbox 593 1729 725 1768; x_wconf 60' lang='lat' dir='ltr'>Spfimae·</span> <span class='ocrx_word' id='word_1_163' title='bbox 732 1739 850 1765; x_wconf 74' lang='lat' dir='ltr'>aarum,</span> 
     </span>
     <span class='ocr_line' id='line_1_29' title="bbox 104 1773 849 1812; baseline 0 -10"><span class='ocrx_word' id='word_1_164' title='bbox 104 1773 225 1809; x_wconf 65' lang='lat' dir='ltr'>vestem,</span> <span class='ocrx_word' id='word_1_165' title='bbox 251 1774 389 1808; x_wconf 65' lang='lat' dir='ltr'>ncilla-r,</span> <span class='ocrx_word' id='word_1_166' title='bbox 413 1775 487 1812; x_wconf 69' lang='grc' dir='ltr'>ἆραι</span> <span class='ocrx_word' id='word_1_167' title='bbox 505 1782 578 1807; x_wconf 66' lang='lat' dir='ltr'>esse,</span> <span class='ocrx_word' id='word_1_168' title='bbox 601 1777 769 1812; x_wconf 67' lang='lat' dir='ltr'>argentum,</span> <span class='ocrx_word' id='word_1_169' title='bbox 793 1777 849 1802; x_wconf 75' lang='lat' dir='ltr'>etc.</span> 
     </span>
     <span class='ocr_line' id='line_1_30' title="bbox 106 1814 849 1856; baseline -0.001 -10"><span class='ocrx_word' id='word_1_170' title='bbox 106 1815 204 1846; x_wconf 83' lang='lat' dir='ltr'>Certe</span> <span class='ocrx_word' id='word_1_171' title='bbox 213 1820 304 1856; x_wconf 73' lang='lat' dir='ltr'>atque</span> <span class='ocrx_word' id='word_1_172' title='bbox 314 1815 407 1846; x_wconf 80' lang='lat' dir='ltr'>abest</span> <span class='ocrx_word' id='word_1_173' title='bbox 420 1816 461 1846; x_wconf 84' lang='lat' dir='ltr'>ab</span> <span class='ocrx_word' id='word_1_174' title='bbox 475 1814 626 1846; x_wconf 83' lang='lat' dir='ltr'>omuibus</span> <span class='ocrx_word' id='word_1_175' title='bbox 641 1814 761 1845; x_wconf 79' lang='lat' dir='ltr'>nostris</span> <span class='ocrx_word' id='word_1_176' title='bbox 772 1821 849 1845; x_wconf 88' lang='lat' dir='ltr'>vett.</span> 
     </span>
    </p>

    <p class='ocr_par' dir='ltr' id='par_1_20' title="bbox 105 1899 854 2236">
     <span class='ocr_line' id='line_1_31' title="bbox 150 1899 850 1949; baseline -0.003 -17"><span class='ocrx_word' id='word_1_177' title='bbox 150 1902 201 1932; x_wconf 88' lang='grc'>21.</span> <span class='ocrx_word' id='word_1_178' title='bbox 218 1900 316 1942; x_wconf 59' lang='lat' dir='ltr'>Nom]</span> <span class='ocrx_word' id='word_1_179' title='bbox 342 1899 494 1932; x_wconf 80' lang='lat' dir='ltr'>Ridicula</span> <span class='ocrx_word' id='word_1_180' title='bbox 516 1900 655 1949; x_wconf 78' lang='lat' dir='ltr'>negatio.</span> <span class='ocrx_word' id='word_1_181' title='bbox 696 1899 758 1931; x_wconf 78' lang='lat' dir='ltr'>lua</span> <span class='ocrx_word' id='word_1_182' title='bbox 774 1909 850 1931; x_wconf 86' lang='lat' dir='ltr'>vero</span> 
     </span>
     <span class='ocr_line' id='line_1_32' title="bbox 105 1943 852 1986; baseline -0.003 -10"><span class='ocrx_word' id='word_1_183' title='bbox 105 1944 288 1986; x_wconf 75' lang='lat' dir='ltr'>virgiliana</span> <span class='ocrx_word' id='word_1_184' title='bbox 302 1955 420 1981; x_wconf 83' lang='lat' dir='ltr'>amara,</span> <span class='ocrx_word' id='word_1_185' title='bbox 438 1943 532 1974; x_wconf 82' lang='lat' dir='ltr'>EcL&#39;</span> <span class='ocrx_word' id='word_1_186' title='bbox 523 1943 569 1974; x_wconf 74' lang='grc' dir='ltr'>ιιι.</span> <span class='ocrx_word' id='word_1_187' title='bbox 587 1945 616 1974; x_wconf 98' lang='grc'>2.</span> <span class='ocrx_word' id='word_1_188' title='bbox 635 1945 728 1975; x_wconf 74' lang='lat' dir='ltr'>Non.-</span> <span class='ocrx_word' id='word_1_189' title='bbox 750 1954 852 1974; x_wconf 73' lang='lat' dir='ltr'>verim</span> 
     </span>
     <span class='ocr_line' id='line_1_33' title="bbox 105 1985 852 2029; baseline -0.003 -10"><span class='ocrx_word' id='word_1_190' title='bbox 105 1989 245 2029; x_wconf 68' lang='lat' dir='ltr'>AEgonis.</span> <span class='ocrx_word' id='word_1_191' title='bbox 286 1990 387 2022; x_wconf 78' lang='lat' dir='ltr'>Quid.</span> <span class='ocrx_word' id='word_1_192' title='bbox 383 1991 396 2010; x_wconf 92' lang='grc'><strong><em>7</em></strong></span> <span class='ocrx_word' id='word_1_193' title='bbox 412 1989 483 2018; x_wconf 72' lang='lat' dir='ltr'>Non</span> <span class='ocrx_word' id='word_1_194' title='bbox 494 1986 529 2027; x_wconf 81' lang='lat'>?]</span> <span class='ocrx_word' id='word_1_195' title='bbox 543 1987 627 2018; x_wconf 90' lang='lat' dir='ltr'>Cum</span> <span class='ocrx_word' id='word_1_196' title='bbox 638 1985 852 2018; x_wconf 84' lang='lat' dir='ltr'>admiratione</span> 
     </span>
     <span class='ocr_line' id='line_1_34' title="bbox 105 2029 854 2123; baseline -0.003 -17"><span class='ocrx_word' id='word_1_197' title='bbox 105 2031 317 2106; x_wconf 52' lang='lat' dir='ltr'>“ffiizffi</span> <span class='ocrx_word' id='word_1_198' title='bbox 329 2029 854 2123; x_wconf 50' lang='grc' dir='ltr'><strong>ῗιῐξωηίῗίὶῇ-ἰῗῖζέῐη..</strong></span> 
     </span>
     <span class='ocr_line' id='line_1_35' title="bbox 105 2115 850 2160; baseline -0.003 -11"><span class='ocrx_word' id='word_1_199' title='bbox 105 2117 262 2160; x_wconf 75' lang='lat' dir='ltr'>paulatim</span> <span class='ocrx_word' id='word_1_200' title='bbox 283 2118 391 2158; x_wconf 77' lang='lat' dir='ltr'>detegi</span> <span class='ocrx_word' id='word_1_201' title='bbox 412 2116 548 2148; x_wconf 72' lang='lat' dir='ltr'>fallacia.</span> <span class='ocrx_word' id='word_1_202' title='bbox 594 2117 679 2148; x_wconf 87' lang='lat' dir='ltr'>Nam</span> <span class='ocrx_word' id='word_1_203' title='bbox 702 2116 763 2147; x_wconf 86' lang='lat' dir='ltr'>hoc</span> <span class='ocrx_word' id='word_1_204' title='bbox 784 2115 850 2157; x_wconf 77' lang='lat' dir='ltr'>sig-</span> 
     </span>
     <span class='ocr_line' id='line_1_36' title="bbox 105 2159 852 2236; baseline -0.003 -43"><span class='ocrx_word' id='word_1_205' title='bbox 105 2170 249 2236; x_wconf 53' lang='lat' dir='ltr'>paq-m</span> <span class='ocrx_word' id='word_1_206' title='bbox 200 2168 259 2199; x_wconf 78' lang='lat' dir='ltr'>est,</span> <span class='ocrx_word' id='word_1_207' title='bbox 269 2160 409 2192; x_wconf 78' lang='lat' dir='ltr'>Cliniam</span> <span class='ocrx_word' id='word_1_208' title='bbox 424 2170 490 2192; x_wconf 90' lang='lat' dir='ltr'>uon</span> <span class='ocrx_word' id='word_1_209' title='bbox 501 2160 582 2191; x_wconf 72' lang='lat' dir='ltr'>faho</span> <span class='ocrx_word' id='word_1_210' title='bbox 597 2159 680 2191; x_wconf 85' lang='lat' dir='ltr'>velle</span> <span class='ocrx_word' id='word_1_211' title='bbox 695 2159 852 2202; x_wconf 82' lang='lat' dir='ltr'>Antiphi-</span> 
     </span>
    </p>

    <p class='ocr_par' dir='ltr' id='par_1_21' title="bbox 105 2245 853 2418">
     <span class='ocr_line' id='line_1_37' title="bbox 150 2245 852 2289; baseline -0.004 -10"><span class='ocrx_word' id='word_1_212' title='bbox 150 2248 202 2279; x_wconf 73' lang='lat'>2³.</span> <span class='ocrx_word' id='word_1_213' title='bbox 217 2249 268 2279; x_wconf 85' lang='lat' dir='ltr'>Ne</span> <span class='ocrx_word' id='word_1_214' title='bbox 285 2249 313 2279; x_wconf 75' lang='grc' dir='ltr'>ἰε</span> <span class='ocrx_word' id='word_1_215' title='bbox 335 2249 628 2289; x_wconf 70' lang='lat' dir='ltr'>quidemquicqm</span> <span class='ocrx_word' id='word_1_216' title='bbox 640 2245 674 2287; x_wconf 87' lang='grc'>.7]</span> <span class='ocrx_word' id='word_1_217' title='bbox 697 2245 852 2277; x_wconf 64' lang='lat' dir='ltr'>’Aremb-</span> 
     </span>
     <span class='ocr_line' id='line_1_38' title="bbox 105 2289 851 2332; baseline -0.003 -10"><span class='ocrx_word' id='word_1_218' title='bbox 105 2301 203 2328; x_wconf 76' lang='grc' dir='ltr'>ησιι·</span> <span class='ocrx_word' id='word_1_219' title='bbox 215 2290 414 2322; x_wconf 83' lang='lat' dir='ltr'>admirantis.</span> <span class='ocrx_word' id='word_1_220' title='bbox 461 2290 534 2322; x_wconf 84' lang='lat' dir='ltr'>Hoc</span> <span class='ocrx_word' id='word_1_221' title='bbox 550 2290 653 2332; x_wconf 83' lang='lat' dir='ltr'>magis</span> <span class='ocrx_word' id='word_1_222' title='bbox 668 2289 786 2320; x_wconf 88' lang='lat' dir='ltr'>mirum</span> <span class='ocrx_word' id='word_1_223' title='bbox 801 2289 851 2320; x_wconf 86' lang='lat' dir='ltr'>vi-</span> 
     </span>
     <span class='ocr_line' id='line_1_39' title="bbox 107 2332 853 2375; baseline -0.001 -10"><span class='ocrx_word' id='word_1_224' title='bbox 107 2333 212 2371; x_wconf 82' lang='lat' dir='ltr'>detur,</span> <span class='ocrx_word' id='word_1_225' title='bbox 227 2333 314 2375; x_wconf 84' lang='lat' dir='ltr'>quod</span> <span class='ocrx_word' id='word_1_226' title='bbox 328 2344 388 2365; x_wconf 87' lang='lat' dir='ltr'>nec</span> <span class='ocrx_word' id='word_1_227' title='bbox 404 2334 505 2375; x_wconf 83' lang='lat' dir='ltr'>Syrus</span> <span class='ocrx_word' id='word_1_228' title='bbox 519 2334 619 2365; x_wconf 83' lang='lat' dir='ltr'>verba</span> <span class='ocrx_word' id='word_1_229' title='bbox 637 2332 795 2374; x_wconf 85' lang='lat' dir='ltr'>injecerit,</span> <span class='ocrx_word' id='word_1_230' title='bbox 811 2332 853 2364; x_wconf 88' lang='lat' dir='ltr'>ad</span> 
     </span>
     <span class='ocr_line' id='line_1_40' title="bbox 107 2377 628 2418; baseline 0 -10"><span class='ocrx_word' id='word_1_231' title='bbox 107 2377 364 2418; x_wconf 83' lang='lat' dir='ltr'>extorquendum</span> <span class='ocrx_word' id='word_1_232' title='bbox 379 2383 559 2418; x_wconf 85' lang='lat' dir='ltr'>argeutum.</span> <span class='ocrx_word' id='word_1_233' title='bbox 589 2377 628 2408; x_wconf 92' lang='lat' dir='ltr'>C.</span> 
     </span>
    </p>

    <p class='ocr_par' dir='ltr' id='par_1_22' title="bbox 108 2418 853 2591">
     <span class='ocr_line' id='line_1_41' title="bbox 153 2418 853 2461; baseline -0.001 -11"><span class='ocrx_word' id='word_1_234' title='bbox 153 2421 206 2450; x_wconf 71' lang='lat'>24.</span> <span class='ocrx_word' id='word_1_235' title='bbox 217 2421 292 2451; x_wconf 74' lang='lat' dir='ltr'>Alia</span> <span class='ocrx_word' id='word_1_236' title='bbox 307 2426 369 2451; x_wconf 71' lang='lat' dir='ltr'>tan</span> <span class='ocrx_word' id='word_1_237' title='bbox 379 2422 472 2460; x_wconf 75' lang='lat' dir='ltr'>plane</span> <span class='ocrx_word' id='word_1_238' title='bbox 483 2419 580 2461; x_wconf 69' lang='lat' dir='ltr'>seim]</span> <span class='ocrx_word' id='word_1_239' title='bbox 597 2418 758 2451; x_wconf 82' lang='lat' dir='ltr'>Pulchra·</span> <span class='ocrx_word' id='word_1_240' title='bbox 748 2419 853 2450; x_wconf 77' lang='lat' dir='ltr'>ironia</span> 
     </span>
     <span class='ocr_line' id='line_1_42' title="bbox 109 2460 853 2512; baseline 0.003 -20"><span class='ocrx_word' id='word_1_241' title='bbox 109 2460 144 2492; x_wconf 90' lang='lat' dir='ltr'>in</span> <span class='ocrx_word' id='word_1_242' title='bbox 158 2472 243 2500; x_wconf 84' lang='lat' dir='ltr'>eum,</span> <span class='ocrx_word' id='word_1_243' title='bbox 258 2463 314 2504; x_wconf 80' lang='lat' dir='ltr'>qui</span> <span class='ocrx_word' id='word_1_244' title='bbox 327 2462 482 2512; x_wconf 79' lang='lat' dir='ltr'>deceptus</span> <span class='ocrx_word' id='word_1_245' title='bbox 496 2463 549 2495; x_wconf 88' lang='lat' dir='ltr'>sit.</span> <span class='ocrx_word' id='word_1_246' title='bbox 586 2463 624 2494; x_wconf 91' lang='lat' dir='ltr'>C.</span> <span class='ocrx_word' id='word_1_247' title='bbox 625 2462 744 2494; x_wconf 88' lang='lat' dir='ltr'>—Nisi</span> <span class='ocrx_word' id='word_1_248' title='bbox 759 2462 853 2494; x_wconf 80' lang='lat' dir='ltr'>malis</span> 
     </span>
     <span class='ocr_line' id='line_1_43' title="bbox 108 2504 852 2547; baseline 0.004 -12"><span class='ocrx_word' id='word_1_249' title='bbox 108 2504 162 2535; x_wconf 83' lang='lat' dir='ltr'>hic</span> <span class='ocrx_word' id='word_1_250' title='bbox 177 2515 305 2536; x_wconf 87' lang='lat' dir='ltr'>omnem</span> <span class='ocrx_word' id='word_1_251' title='bbox 326 2506 497 2537; x_wconf 60' lang='lat' dir='ltr'>sententia!</span> <span class='ocrx_word' id='word_1_252' title='bbox 509 2517 661 2538; x_wconf 85' lang='lat' dir='ltr'>venerem</span> <span class='ocrx_word' id='word_1_253' title='bbox 676 2505 852 2547; x_wconf 80' lang='lat' dir='ltr'>exstingui,</span> 
     </span>
     <span class='ocr_line' id='line_1_44' title="bbox 110 2548 813 2591; baseline 0.003 -12"><span class='ocrx_word' id='word_1_254' title='bbox 110 2548 243 2579; x_wconf 80' lang='lat' dir='ltr'>verbum</span> <span class='ocrx_word' id='word_1_255' title='bbox 257 2551 355 2579; x_wconf 65' lang='lat' dir='ltr'>neseio</span> <span class='ocrx_word' id='word_1_256' title='bbox 367 2548 432 2591; x_wconf 83' lang='lat' dir='ltr'>ipsi</span> <span class='ocrx_word' id='word_1_257' title='bbox 446 2549 612 2581; x_wconf 82' lang='lat' dir='ltr'>Chremeti</span> <span class='ocrx_word' id='word_1_258' title='bbox 627 2549 742 2581; x_wconf 83' lang='lat' dir='ltr'>tribue.</span> <span class='ocrx_word' id='word_1_259' title='bbox 774 2549 813 2580; x_wconf 91' lang='lat' dir='ltr'>B.</span> 
     </span>
    </p>

    <p class='ocr_par' dir='ltr' id='par_1_23' title="bbox 108 2592 855 3021">
     <span class='ocr_line' id='line_1_45' title="bbox 154 2592 850 2634; baseline 0.003 -12"><span class='ocrx_word' id='word_1_260' title='bbox 154 2592 204 2622; x_wconf 81' lang='lat'>25.</span> <span class='ocrx_word' id='word_1_261' title='bbox 228 2592 287 2622; x_wconf 77' lang='lat' dir='ltr'>Ille</span> <span class='ocrx_word' id='word_1_262' title='bbox 302 2596 372 2622; x_wconf 68' lang='lat' dir='ltr'>tm</span> <span class='ocrx_word' id='word_1_263' title='bbox 385 2603 499 2633; x_wconf 70' lang='lat' dir='ltr'>quoque</span> <span class='ocrx_word' id='word_1_264' title='bbox 518 2592 632 2634; x_wconf 72' lang='lat' dir='ltr'>Syrus]</span> <span class='ocrx_word' id='word_1_265' title='bbox 648 2593 755 2628; x_wconf 87' lang='lat' dir='ltr'>Quem</span> <span class='ocrx_word' id='word_1_266' title='bbox 777 2598 850 2623; x_wconf 84' lang='lat' dir='ltr'>tan-</span> 
     </span>
     <span class='ocr_line' id='line_1_46' title="bbox 109 2634 850 2676; baseline 0.004 -12"><span class='ocrx_word' id='word_1_267' title='bbox 109 2640 180 2665; x_wconf 84' lang='lat' dir='ltr'>tum</span> <span class='ocrx_word' id='word_1_268' title='bbox 192 2639 387 2665; x_wconf 68' lang='lat' dir='ltr'>veteratorem</span> <span class='ocrx_word' id='word_1_269' title='bbox 398 2642 502 2676; x_wconf 78' lang='lat' dir='ltr'>putas.</span> <span class='ocrx_word' id='word_1_270' title='bbox 538 2636 646 2667; x_wconf 69' lang='lat' dir='ltr'>Pinxit</span> <span class='ocrx_word' id='word_1_271' title='bbox 652 2634 770 2676; x_wconf 70' lang='lat' dir='ltr'>filiun]</span> <span class='ocrx_word' id='word_1_272' title='bbox 784 2635 850 2667; x_wconf 87' lang='lat' dir='ltr'>Re·</span> 
     </span>
     <span class='ocr_line' id='line_1_47' title="bbox 109 2676 852 2720; baseline 0.004 -13"><span class='ocrx_word' id='word_1_273' title='bbox 109 2677 212 2708; x_wconf 83' lang='lat' dir='ltr'>fertur</span> <span class='ocrx_word' id='word_1_274' title='bbox 233 2677 275 2708; x_wconf 78' lang='lat' dir='ltr'>ad</span> <span class='ocrx_word' id='word_1_275' title='bbox 299 2676 335 2708; x_wconf 91' lang='lat' dir='ltr'>id</span> <span class='ocrx_word' id='word_1_276' title='bbox 356 2677 443 2718; x_wconf 88' lang='lat' dir='ltr'>quod</span> <span class='ocrx_word' id='word_1_277' title='bbox 462 2678 618 2710; x_wconf 79' lang='lat' dir='ltr'>Chremes</span> <span class='ocrx_word' id='word_1_278' title='bbox 639 2688 739 2720; x_wconf 79' lang='lat' dir='ltr'>supra</span> <span class='ocrx_word' id='word_1_279' title='bbox 758 2678 852 2716; x_wconf 85' lang='lat' dir='ltr'>dixit,</span> 
     </span>
     <span class='ocr_line' id='line_1_48' title="bbox 113 2721 854 2794; baseline 0.003 -43"><span class='ocrx_word' id='word_1_280' title='bbox 113 2721 733 2794; x_wconf 66' lang='lat' dir='ltr'>Voltnsquoquehouinmufingitseelu.</span> <span class='ocrx_word' id='word_1_281' title='bbox 770 2722 854 2753; x_wconf 88' lang='lat' dir='ltr'>C.—</span> 
     </span>
     <span class='ocr_line' id='line_1_49' title="bbox 108 2762 854 2806; baseline 0.001 -12"><span class='ocrx_word' id='word_1_282' title='bbox 108 2765 172 2795; x_wconf 75' lang='lat' dir='ltr'>Sed</span> <span class='ocrx_word' id='word_1_283' title='bbox 185 2765 236 2795; x_wconf 75' lang='lat' dir='ltr'>ille</span> <span class='ocrx_word' id='word_1_284' title='bbox 251 2769 334 2794; x_wconf 69' lang='lat' dir='ltr'>tuum</span> <span class='ocrx_word' id='word_1_285' title='bbox 348 2762 536 2804; x_wconf 71' lang='lat' dir='ltr'>qnoqueJH</span> <span class='ocrx_word' id='word_1_286' title='bbox 539 2763 569 2794; x_wconf 89' lang='lat' dir='ltr'>ic</span> <span class='ocrx_word' id='word_1_287' title='bbox 581 2765 650 2804; x_wconf 81' lang='lat' dir='ltr'>jam</span> <span class='ocrx_word' id='word_1_288' title='bbox 670 2764 854 2806; x_wconf 81' lang='lat' dir='ltr'>prorumpit</span> 
     </span>
     <span class='ocr_line' id='line_1_50' title="bbox 108 2806 853 2848; baseline 0 -11"><span class='ocrx_word' id='word_1_289' title='bbox 108 2806 144 2838; x_wconf 88' lang='lat' dir='ltr'>in</span> <span class='ocrx_word' id='word_1_290' title='bbox 166 2807 395 2838; x_wconf 83' lang='lat' dir='ltr'>narrationem.</span> <span class='ocrx_word' id='word_1_291' title='bbox 439 2807 508 2844; x_wconf 81' lang='lat' dir='ltr'>lue,</span> <span class='ocrx_word' id='word_1_292' title='bbox 530 2806 645 2848; x_wconf 84' lang='lat' dir='ltr'>inquit,</span> <span class='ocrx_word' id='word_1_293' title='bbox 661 2808 758 2847; x_wconf 71' lang='lat' dir='ltr'>Syrus</span> <span class='ocrx_word' id='word_1_294' title='bbox 777 2809 853 2838; x_wconf 69' lang='lat' dir='ltr'>unire</span> 
     </span>
     <span class='ocr_line' id='line_1_51' title="bbox 109 2849 853 2890; baseline 0.003 -10"><span class='ocrx_word' id='word_1_295' title='bbox 109 2854 193 2881; x_wconf 62' lang='lat' dir='ltr'>tn-</span> <span class='ocrx_word' id='word_1_296' title='bbox 201 2851 296 2890; x_wconf 53' lang='grc' dir='ltr'>βαι-ἢ</span> <span class='ocrx_word' id='word_1_297' title='bbox 305 2852 412 2889; x_wconf 70' lang='lat' dir='ltr'>filiun,</span> <span class='ocrx_word' id='word_1_298' title='bbox 428 2858 465 2881; x_wconf 88' lang='lat' dir='ltr'>ut</span> <span class='ocrx_word' id='word_1_299' title='bbox 479 2849 616 2881; x_wconf 65' lang='lat' dir='ltr'>amium</span> <span class='ocrx_word' id='word_1_300' title='bbox 631 2851 701 2890; x_wconf 78' lang='lat' dir='ltr'>ejus</span> <span class='ocrx_word' id='word_1_301' title='bbox 716 2856 753 2881; x_wconf 87' lang='lat' dir='ltr'>tu</span> <span class='ocrx_word' id='word_1_302' title='bbox 770 2849 853 2882; x_wconf 79' lang='lat' dir='ltr'>Bae-</span> 
     </span>
     <span class='ocr_line' id='line_1_52' title="bbox 108 2892 853 2935; baseline -0.001 -11"><span class='ocrx_word' id='word_1_303' title='bbox 108 2893 237 2924; x_wconf 82' lang='lat' dir='ltr'>chidem</span> <span class='ocrx_word' id='word_1_304' title='bbox 249 2892 406 2935; x_wconf 78' lang='lat' dir='ltr'>suspicari</span> <span class='ocrx_word' id='word_1_305' title='bbox 422 2902 487 2924; x_wconf 91' lang='lat' dir='ltr'>nou</span> <span class='ocrx_word' id='word_1_306' title='bbox 502 2892 616 2935; x_wconf 80' lang='lat' dir='ltr'>poesis.</span> <span class='ocrx_word' id='word_1_307' title='bbox 661 2892 743 2923; x_wconf 77' lang='lat' dir='ltr'>Haec</span> <span class='ocrx_word' id='word_1_308' title='bbox 757 2903 853 2934; x_wconf 78' lang='lat' dir='ltr'>argu·</span> 
     </span>
     <span class='ocr_line' id='line_1_53' title="bbox 109 2935 855 2978; baseline 0 -10"><span class='ocrx_word' id='word_1_309' title='bbox 109 2943 220 2968; x_wconf 74' lang='lat' dir='ltr'>menta</span> <span class='ocrx_word' id='word_1_310' title='bbox 233 2936 358 2978; x_wconf 73' lang='lat' dir='ltr'>colligit</span> <span class='ocrx_word' id='word_1_311' title='bbox 371 2947 391 2967; x_wconf 87' lang='lat' dir='ltr'>a</span> <span class='ocrx_word' id='word_1_312' title='bbox 406 2936 499 2967; x_wconf 71' lang='lat' dir='ltr'>factis</span> <span class='ocrx_word' id='word_1_313' title='bbox 510 2948 520 2967; x_wconf 69' lang='grc' dir='ltr'>ε</span> <span class='ocrx_word' id='word_1_314' title='bbox 543 2938 630 2967; x_wconf 71' lang='lat' dir='ltr'>nino</span> <span class='ocrx_word' id='word_1_315' title='bbox 640 2935 710 2976; x_wconf 71' lang='lat' dir='ltr'>jani</span> <span class='ocrx_word' id='word_1_316' title='bbox 723 2938 855 2968; x_wconf 64' lang='lat' dir='ltr'>ose-lari</span> 
     </span>
     <span class='ocr_line' id='line_1_54' title="bbox 110 2979 855 3021; baseline 0.003 -12"><span class='ocrx_word' id='word_1_317' title='bbox 110 2984 141 3009; x_wconf 75' lang='lat' dir='ltr'>ee</span> <span class='ocrx_word' id='word_1_318' title='bbox 169 2981 346 3021; x_wconf 65' lang='lat' dir='ltr'>‹inplent-1¹.</span> <span class='ocrx_word' id='word_1_319' title='bbox 392 2979 521 3011; x_wconf 83' lang='lat' dir='ltr'>Deinde</span> <span class='ocrx_word' id='word_1_320' title='bbox 551 2989 570 3010; x_wconf 83' lang='grc' dir='ltr'>ιι</span> <span class='ocrx_word' id='word_1_321' title='bbox 596 2979 678 3017; x_wconf 90' lang='lat' dir='ltr'>loco,</span> <span class='ocrx_word' id='word_1_322' title='bbox 707 2979 794 3021; x_wconf 81' lang='lat' dir='ltr'>quod</span> <span class='ocrx_word' id='word_1_323' title='bbox 822 2982 855 3011; x_wconf 74' lang='lat' dir='ltr'>in</span> 
     </span>
    </p>
   </div>
   <div class='ocr_carea' id='block_1_16' title="bbox 892 1466 1643 3054">
    <p class='ocr_par' dir='ltr' id='par_1_24' title="bbox 892 1466 1642 2070">
     <span class='ocr_line' id='line_1_55' title="bbox 892 1466 1639 1510; baseline 0.003 -12"><span class='ocrx_word' id='word_1_324' title='bbox 892 1469 1009 1498; x_wconf 74' lang='lat' dir='ltr'>ultimis</span> <span class='ocrx_word' id='word_1_325' title='bbox 1028 1468 1146 1498; x_wconf 66' lang='lat' dir='ltr'>«edibus</span> <span class='ocrx_word' id='word_1_326' title='bbox 1165 1472 1249 1498; x_wconf 76' lang='lat' dir='ltr'>retro</span> <span class='ocrx_word' id='word_1_327' title='bbox 1263 1469 1401 1499; x_wconf 72' lang='lat' dir='ltr'>canolam</span> <span class='ocrx_word' id='word_1_328' title='bbox 1421 1466 1565 1510; x_wconf 73' lang='lat' dir='ltr'>positum</span> <span class='ocrx_word' id='word_1_329' title='bbox 1585 1467 1639 1507; x_wconf 81' lang='lat' dir='ltr'>sit,</span> 
     </span>
     <span class='ocr_line' id='line_1_56' title="bbox 892 1510 1638 1552; baseline 0.003 -11"><span class='ocrx_word' id='word_1_330' title='bbox 892 1520 956 1551; x_wconf 88' lang='lat' dir='ltr'>quo</span> <span class='ocrx_word' id='word_1_331' title='bbox 971 1510 1019 1542; x_wconf 90' lang='lat' dir='ltr'>eis</span> <span class='ocrx_word' id='word_1_332' title='bbox 1033 1512 1197 1542; x_wconf 72' lang='lat' dir='ltr'>introlatus</span> <span class='ocrx_word' id='word_1_333' title='bbox 1206 1516 1254 1542; x_wconf 72' lang='lat' dir='ltr'>ese</span> <span class='ocrx_word' id='word_1_334' title='bbox 1267 1512 1384 1542; x_wconf 74' lang='lat' dir='ltr'>Ieetus:</span> <span class='ocrx_word' id='word_1_335' title='bbox 1405 1510 1519 1552; x_wconf 86' lang='lat' dir='ltr'>utique</span> <span class='ocrx_word' id='word_1_336' title='bbox 1532 1511 1638 1543; x_wconf 83' lang='lat' dir='ltr'>dices-</span> 
     </span>
     <span class='ocr_line' id='line_1_57' title="bbox 892 1553 1640 1604; baseline 0.003 -20"><span class='ocrx_word' id='word_1_337' title='bbox 892 1553 942 1585; x_wconf 87' lang='lat' dir='ltr'>sio</span> <span class='ocrx_word' id='word_1_338' title='bbox 961 1554 1030 1585; x_wconf 78' lang='lat' dir='ltr'>haec</span> <span class='ocrx_word' id='word_1_339' title='bbox 1047 1553 1143 1595; x_wconf 79' lang='lat' dir='ltr'>longe</span> <span class='ocrx_word' id='word_1_340' title='bbox 1158 1564 1179 1585; x_wconf 87' lang='lat' dir='ltr'>a</span> <span class='ocrx_word' id='word_1_341' title='bbox 1191 1559 1368 1595; x_wconf 83' lang='lat' dir='ltr'>conspectu</span> <span class='ocrx_word' id='word_1_342' title='bbox 1382 1554 1558 1586; x_wconf 86' lang='lat' dir='ltr'>multorum</span> <span class='ocrx_word' id='word_1_343' title='bbox 1579 1565 1640 1604; x_wconf 78' lang='lat' dir='ltr'>po-</span> 
     </span>
     <span class='ocr_line' id='line_1_58' title="bbox 892 1596 1640 1646; baseline 0.001 -18"><span class='ocrx_word' id='word_1_344' title='bbox 892 1597 964 1634; x_wconf 83' lang='lat' dir='ltr'>sita,</span> <span class='ocrx_word' id='word_1_345' title='bbox 994 1596 1068 1628; x_wconf 90' lang='lat' dir='ltr'>ideo</span> <span class='ocrx_word' id='word_1_346' title='bbox 1098 1602 1204 1629; x_wconf 86' lang='lat' dir='ltr'>sumta</span> <span class='ocrx_word' id='word_1_347' title='bbox 1231 1597 1439 1646; x_wconf 86' lang='lat' dir='ltr'>conspicitur,</span> <span class='ocrx_word' id='word_1_348' title='bbox 1469 1603 1508 1629; x_wconf 89' lang='lat' dir='ltr'>ut</span> <span class='ocrx_word' id='word_1_349' title='bbox 1535 1598 1640 1639; x_wconf 77' lang='lat' dir='ltr'>magis</span> 
     </span>
     <span class='ocr_line' id='line_1_59' title="bbox 893 1639 1640 1683; baseline 0.003 -12"><span class='ocrx_word' id='word_1_350' title='bbox 893 1639 1018 1671; x_wconf 85' lang='lat' dir='ltr'>facinus</span> <span class='ocrx_word' id='word_1_351' title='bbox 1047 1639 1175 1671; x_wconf 85' lang='lat' dir='ltr'>celaret.</span> <span class='ocrx_word' id='word_1_352' title='bbox 1226 1639 1355 1672; x_wconf 88' lang='lat' dir='ltr'>Deinde</span> <span class='ocrx_word' id='word_1_353' title='bbox 1385 1640 1471 1682; x_wconf 88' lang='lat' dir='ltr'>quod</span> <span class='ocrx_word' id='word_1_354' title='bbox 1500 1641 1640 1683; x_wconf 67' lang='lat' dir='ltr'>ingram</span> 
     </span>
     <span class='ocr_line' id='line_1_60' title="bbox 892 1684 1640 1724; baseline 0.001 -9"><span class='ocrx_word' id='word_1_355' title='bbox 892 1690 970 1715; x_wconf 83' lang='lat' dir='ltr'>sunt</span> <span class='ocrx_word' id='word_1_356' title='bbox 987 1685 1068 1715; x_wconf 70' lang='lat' dir='ltr'>solus</span> <span class='ocrx_word' id='word_1_357' title='bbox 1084 1685 1217 1724; x_wconf 71' lang='lat' dir='ltr'>Clitipho</span> <span class='ocrx_word' id='word_1_358' title='bbox 1231 1689 1263 1715; x_wconf 76' lang='lat' dir='ltr'>et</span> <span class='ocrx_word' id='word_1_359' title='bbox 1283 1686 1348 1715; x_wconf 78' lang='lat' dir='ltr'>sola</span> <span class='ocrx_word' id='word_1_360' title='bbox 1368 1685 1511 1715; x_wconf 72' lang='lat' dir='ltr'>Bacchis.</span> <span class='ocrx_word' id='word_1_361' title='bbox 1557 1684 1640 1716; x_wconf 77' lang='lat' dir='ltr'>Haec</span> 
     </span>
     <span class='ocr_line' id='line_1_61' title="bbox 893 1726 1640 1769; baseline 0.001 -11"><span class='ocrx_word' id='word_1_362' title='bbox 893 1726 1005 1758; x_wconf 84' lang='lat' dir='ltr'>dicens</span> <span class='ocrx_word' id='word_1_363' title='bbox 1037 1737 1058 1758; x_wconf 82' lang='lat' dir='ltr'>a</span> <span class='ocrx_word' id='word_1_364' title='bbox 1091 1726 1350 1769; x_wconf 80' lang='lat' dir='ltr'>praecedenn‘bus</span> <span class='ocrx_word' id='word_1_365' title='bbox 1500 1734 1640 1766; x_wconf 81' lang='lat' dir='ltr'>entatur,</span> 
     </span>
     <span class='ocr_line' id='line_1_62' title="bbox 894 1769 1639 1810; baseline 0.001 -9"><span class='ocrx_word' id='word_1_366' title='bbox 894 1769 973 1810; x_wconf 87' lang='lat' dir='ltr'>quid</span> <span class='ocrx_word' id='word_1_367' title='bbox 988 1777 1198 1802; x_wconf 85' lang='lat' dir='ltr'>consecutum</span> <span class='ocrx_word' id='word_1_368' title='bbox 1219 1770 1272 1808; x_wconf 84' lang='lat' dir='ltr'>sit,</span> <span class='ocrx_word' id='word_1_369' title='bbox 1295 1770 1419 1802; x_wconf 87' lang='lat' dir='ltr'>scilicet</span> <span class='ocrx_word' id='word_1_370' title='bbox 1438 1771 1639 1803; x_wconf 85' lang='lat' dir='ltr'>concubitus.</span> 
     </span>
     <span class='ocr_line' id='line_1_63' title="bbox 897 1812 1641 1855; baseline 0 -11"><span class='ocrx_word' id='word_1_371' title='bbox 897 1813 991 1844; x_wconf 89' lang='lat' dir='ltr'>Unde</span> <span class='ocrx_word' id='word_1_372' title='bbox 1006 1812 1083 1854; x_wconf 79' lang='lat' dir='ltr'>quia</span> <span class='ocrx_word' id='word_1_373' title='bbox 1098 1823 1168 1845; x_wconf 87' lang='lat' dir='ltr'>rem</span> <span class='ocrx_word' id='word_1_374' title='bbox 1182 1813 1443 1854; x_wconf 77' lang='lat' dir='ltr'>conjecturaliter</span> <span class='ocrx_word' id='word_1_375' title='bbox 1455 1813 1641 1855; x_wconf 73' lang='lat' dir='ltr'>collegerat,</span> 
     </span>
     <span class='ocr_line' id='line_1_64' title="bbox 893 1856 1643 1897; baseline 0.001 -10"><span class='ocrx_word' id='word_1_376' title='bbox 893 1856 994 1893; x_wconf 81' lang='lat' dir='ltr'>addit,</span> <span class='ocrx_word' id='word_1_377' title='bbox 1009 1867 1150 1896; x_wconf 73' lang='lat' dir='ltr'>operuere</span> <span class='ocrx_word' id='word_1_378' title='bbox 1169 1858 1287 1894; x_wconf 76' lang='lat' dir='ltr'>ostium,</span> <span class='ocrx_word' id='word_1_379' title='bbox 1303 1862 1346 1894; x_wconf 90' lang='lat' dir='ltr'>et,</span> <span class='ocrx_word' id='word_1_380' title='bbox 1367 1858 1470 1888; x_wconf 63' lang='lat' dir='ltr'>Clunia</span> <span class='ocrx_word' id='word_1_381' title='bbox 1489 1859 1554 1888; x_wconf 69' lang='lat' dir='ltr'>haee</span> <span class='ocrx_word' id='word_1_382' title='bbox 1566 1859 1643 1897; x_wconf 69' lang='lat' dir='ltr'>fieri</span> 
     </span>
     <span class='ocr_line' id='line_1_65' title="bbox 893 1898 1641 1949; baseline 0.001 -19"><span class='ocrx_word' id='word_1_383' title='bbox 893 1901 1035 1930; x_wconf 77' lang='lat' dir='ltr'>videbat.</span> <span class='ocrx_word' id='word_1_384' title='bbox 1030 1901 1044 1921; x_wconf 88' lang='grc'><strong><em>7</em></strong></span> <span class='ocrx_word' id='word_1_385' title='bbox 1090 1898 1179 1930; x_wconf 86' lang='lat' dir='ltr'>Fieri</span> <span class='ocrx_word' id='word_1_386' title='bbox 1205 1899 1294 1930; x_wconf 89' lang='lat' dir='ltr'>enim</span> <span class='ocrx_word' id='word_1_387' title='bbox 1315 1909 1382 1931; x_wconf 90' lang='lat' dir='ltr'>nou</span> <span class='ocrx_word' id='word_1_388' title='bbox 1407 1906 1524 1949; x_wconf 76' lang='lat' dir='ltr'>potest,</span> <span class='ocrx_word' id='word_1_389' title='bbox 1560 1900 1641 1932; x_wconf 82' lang='lat' dir='ltr'>utsi</span> 
     </span>
     <span class='ocr_line' id='line_1_66' title="bbox 894 1941 1638 1985; baseline 0.003 -12"><span class='ocrx_word' id='word_1_390' title='bbox 894 1941 998 1974; x_wconf 84' lang='lat' dir='ltr'>amica</span> <span class='ocrx_word' id='word_1_391' title='bbox 1021 1941 1138 1973; x_wconf 83' lang='lat' dir='ltr'>Cliniae</span> <span class='ocrx_word' id='word_1_392' title='bbox 1160 1949 1247 1973; x_wconf 85' lang='lat' dir='ltr'>esset</span> <span class='ocrx_word' id='word_1_393' title='bbox 1270 1942 1437 1980; x_wconf 83' lang='lat' dir='ltr'>meretrix,</span> <span class='ocrx_word' id='word_1_394' title='bbox 1460 1941 1532 1984; x_wconf 76' lang='lat' dir='ltr'>ipso</span> <span class='ocrx_word' id='word_1_395' title='bbox 1555 1953 1638 1985; x_wconf 70' lang='lat' dir='ltr'>prae-</span> 
     </span>
     <span class='ocr_line' id='line_1_67' title="bbox 895 1985 1640 2018; baseline 0.003 -2"><span class='ocrx_word' id='word_1_396' title='bbox 895 1991 988 2017; x_wconf 90' lang='lat' dir='ltr'>sente</span> <span class='ocrx_word' id='word_1_397' title='bbox 1002 1995 1077 2016; x_wconf 90' lang='lat' dir='ltr'>cum</span> <span class='ocrx_word' id='word_1_398' title='bbox 1091 1985 1193 2016; x_wconf 90' lang='lat' dir='ltr'>altero</span> <span class='ocrx_word' id='word_1_399' title='bbox 1207 1985 1412 2017; x_wconf 80' lang='lat' dir='ltr'>adolescente</span> <span class='ocrx_word' id='word_1_400' title='bbox 1430 1985 1640 2018; x_wconf 83' lang='lat' dir='ltr'>concludere-</span> 
     </span>
     <span class='ocr_line' id='line_1_68' title="bbox 895 2028 1640 2070; baseline 0.001 -10"><span class='ocrx_word' id='word_1_401' title='bbox 895 2035 959 2060; x_wconf 90' lang='lat' dir='ltr'>tur.</span> <span class='ocrx_word' id='word_1_402' title='bbox 1002 2029 1076 2064; x_wconf 85' lang='lat' dir='ltr'>Qua</span> <span class='ocrx_word' id='word_1_403' title='bbox 1090 2038 1126 2060; x_wconf 88' lang='lat' dir='ltr'>re</span> <span class='ocrx_word' id='word_1_404' title='bbox 1145 2028 1279 2070; x_wconf 83' lang='lat' dir='ltr'>probata</span> <span class='ocrx_word' id='word_1_405' title='bbox 1294 2028 1451 2060; x_wconf 84' lang='lat' dir='ltr'>Chremes</span> <span class='ocrx_word' id='word_1_406' title='bbox 1465 2029 1640 2061; x_wconf 84' lang='lat' dir='ltr'>vehemen-</span> 
     </span>
    </p>

    <p class='ocr_par' dir='ltr' id='par_1_25' title="bbox 894 2071 1642 2190">
     <span class='ocr_line' id='line_1_69' title="bbox 895 2071 1642 2110; baseline 0.001 -7"><span class='ocrx_word' id='word_1_407' title='bbox 895 2079 946 2103; x_wconf 87' lang='lat' dir='ltr'>ter</span> <span class='ocrx_word' id='word_1_408' title='bbox 960 2071 1129 2108; x_wconf 82' lang='lat' dir='ltr'>exclamat,</span> <span class='ocrx_word' id='word_1_409' title='bbox 1152 2081 1276 2103; x_wconf 87' lang='lat' dir='ltr'>memor</span> <span class='ocrx_word' id='word_1_410' title='bbox 1296 2082 1398 2103; x_wconf 80' lang='lat' dir='ltr'>coenae</span> <span class='ocrx_word' id='word_1_411' title='bbox 1414 2072 1508 2110; x_wconf 75' lang='lat' dir='ltr'>datae,</span> <span class='ocrx_word' id='word_1_412' title='bbox 1530 2074 1642 2104; x_wconf 69' lang='lat' dir='ltr'>Dece-</span> 
     </span>
     <span class='ocr_line' id='line_1_70' title="bbox 894 2114 1640 2155; baseline 0.001 -9"><span class='ocrx_word' id='word_1_413' title='bbox 894 2117 1012 2147; x_wconf 73' lang='lat' dir='ltr'>dierum</span> <span class='ocrx_word' id='word_1_414' title='bbox 1040 2117 1092 2146; x_wconf 70' lang='lat' dir='ltr'>m&#39;ae</span> <span class='ocrx_word' id='word_1_415' title='bbox 1121 2117 1196 2146; x_wconf 70' lang='lat' dir='ltr'>mihi</span> <span class='ocrx_word' id='word_1_416' title='bbox 1220 2119 1267 2146; x_wconf 73' lang='lat' dir='ltr'>est</span> <span class='ocrx_word' id='word_1_417' title='bbox 1287 2114 1424 2155; x_wconf 71' lang='lat' dir='ltr'>santilia-</span> <span class='ocrx_word' id='word_1_418' title='bbox 1468 2115 1517 2147; x_wconf 86' lang='lat' dir='ltr'>Ut</span> <span class='ocrx_word' id='word_1_419' title='bbox 1543 2115 1640 2154; x_wconf 77' lang='lat' dir='ltr'>dicat,</span> 
     </span>
     <span class='ocr_line' id='line_1_71' title="bbox 894 2157 1605 2195; baseline 0.001 -6"><span class='ocrx_word' id='word_1_420' title='bbox 894 2158 981 2190; x_wconf 84' lang='lat' dir='ltr'>haud</span> <span class='ocrx_word' id='word_1_421' title='bbox 996 2168 1077 2195; x_wconf 71' lang='lat' dir='ltr'>esse,</span> <span class='ocrx_word' id='word_1_422' title='bbox 1092 2158 1180 2189; x_wconf 89' lang='lat' dir='ltr'>unde</span> <span class='ocrx_word' id='word_1_423' title='bbox 1194 2157 1350 2189; x_wconf 81' lang='lat' dir='ltr'>familiam</span> <span class='ocrx_word' id='word_1_424' title='bbox 1364 2164 1534 2190; x_wconf 86' lang='lat' dir='ltr'>sustentet.</span> <span class='ocrx_word' id='word_1_425' title='bbox 1563 2159 1605 2190; x_wconf 83' lang='lat' dir='ltr'>E.</span> 
     </span>
    </p>

    <p class='ocr_par' dir='ltr' id='par_1_26' title="bbox 894 2200 1643 2450">
     <span class='ocr_line' id='line_1_72' title="bbox 938 2200 1641 2242; baseline 0.003 -10"><span class='ocrx_word' id='word_1_426' title='bbox 938 2202 989 2233; x_wconf 84' lang='lat'>26.</span> <span class='ocrx_word' id='word_1_427' title='bbox 1002 2200 1160 2242; x_wconf 69' lang='lat' dir='ltr'>Suboleat]</span> <span class='ocrx_word' id='word_1_428' title='bbox 1171 2201 1325 2232; x_wconf 86' lang='lat' dir='ltr'>Tractum</span> <span class='ocrx_word' id='word_1_429' title='bbox 1337 2211 1357 2232; x_wconf 78' lang='lat' dir='ltr'>a</span> <span class='ocrx_word' id='word_1_430' title='bbox 1367 2211 1466 2233; x_wconf 81' lang='lat' dir='ltr'>sensu</span> <span class='ocrx_word' id='word_1_431' title='bbox 1473 2202 1641 2234; x_wconf 75' lang='lat' dir='ltr'>odorandi.</span> 
     </span>
     <span class='ocr_line' id='line_1_73' title="bbox 895 2244 1641 2287; baseline 0.001 -11"><span class='ocrx_word' id='word_1_432' title='bbox 895 2245 940 2276; x_wconf 87' lang='lat' dir='ltr'>Et</span> <span class='ocrx_word' id='word_1_433' title='bbox 951 2246 1008 2276; x_wconf 70' lang='lat' dir='ltr'>sab</span> <span class='ocrx_word' id='word_1_434' title='bbox 1020 2244 1066 2276; x_wconf 89' lang='lat' dir='ltr'>ibi</span> <span class='ocrx_word' id='word_1_435' title='bbox 1078 2244 1206 2282; x_wconf 87' lang='lat' dir='ltr'>minuit,</span> <span class='ocrx_word' id='word_1_436' title='bbox 1222 2244 1244 2275; x_wconf 90' lang='lat' dir='ltr'>i.</span> <span class='ocrx_word' id='word_1_437' title='bbox 1257 2254 1285 2276; x_wconf 90' lang='lat' dir='ltr'>e.</span> <span class='ocrx_word' id='word_1_438' title='bbox 1301 2250 1339 2276; x_wconf 88' lang='lat' dir='ltr'>ut</span> <span class='ocrx_word' id='word_1_439' title='bbox 1353 2254 1413 2276; x_wconf 85' lang='lat' dir='ltr'>nec</span> <span class='ocrx_word' id='word_1_440' title='bbox 1424 2244 1520 2276; x_wconf 87' lang='lat' dir='ltr'>etiam</span> <span class='ocrx_word' id='word_1_441' title='bbox 1536 2255 1641 2287; x_wconf 85' lang='lat' dir='ltr'>paux-</span> 
     </span>
     <span class='ocr_line' id='line_1_74' title="bbox 894 2287 1643 2330; baseline 0.001 -11"><span class='ocrx_word' id='word_1_442' title='bbox 894 2288 986 2319; x_wconf 86' lang='lat' dir='ltr'>illum</span> <span class='ocrx_word' id='word_1_443' title='bbox 1000 2294 1165 2330; x_wconf 80' lang='lat' dir='ltr'>appareat,</span> <span class='ocrx_word' id='word_1_444' title='bbox 1179 2287 1231 2319; x_wconf 84' lang='lat' dir='ltr'>vel</span> <span class='ocrx_word' id='word_1_445' title='bbox 1243 2287 1411 2330; x_wconf 82' lang='lat' dir='ltr'>paululum</span> <span class='ocrx_word' id='word_1_446' title='bbox 1422 2288 1592 2327; x_wconf 78' lang='lat' dir='ltr'>sentiatur,</span> <span class='ocrx_word' id='word_1_447' title='bbox 1605 2288 1643 2320; x_wconf 86' lang='lat' dir='ltr'>id</span> 
     </span>
     <span class='ocr_line' id='line_1_75' title="bbox 895 2330 1641 2372; baseline 0.001 -10"><span class='ocrx_word' id='word_1_448' title='bbox 895 2331 1020 2363; x_wconf 81' lang='lat' dir='ltr'>scilicet</span> <span class='ocrx_word' id='word_1_449' title='bbox 1039 2331 1126 2372; x_wconf 90' lang='lat' dir='ltr'>quod</span> <span class='ocrx_word' id='word_1_450' title='bbox 1144 2330 1299 2372; x_wconf 88' lang='lat' dir='ltr'>sequitur.</span> <span class='ocrx_word' id='word_1_451' title='bbox 1329 2331 1366 2362; x_wconf 90' lang='lat' dir='ltr'>C.</span> <span class='ocrx_word' id='word_1_452' title='bbox 1367 2331 1516 2363; x_wconf 83' lang='lat' dir='ltr'>—Recte</span> <span class='ocrx_word' id='word_1_453' title='bbox 1533 2338 1641 2363; x_wconf 83' lang='lat' dir='ltr'>veter·</span> 
     </span>
     <span class='ocr_line' id='line_1_76' title="bbox 894 2374 1641 2411; baseline 0.001 -5"><span class='ocrx_word' id='word_1_454' title='bbox 894 2375 999 2406; x_wconf 83' lang='lat' dir='ltr'>rimus</span> <span class='ocrx_word' id='word_1_455' title='bbox 1019 2381 1131 2406; x_wconf 83' lang='lat' dir='ltr'>noster</span> <span class='ocrx_word' id='word_1_456' title='bbox 1150 2376 1279 2411; x_wconf 63' lang='lat' dir='ltr'>abolet,</span> <span class='ocrx_word' id='word_1_457' title='bbox 1298 2374 1347 2405; x_wconf 87' lang='lat' dir='ltr'>uti</span> <span class='ocrx_word' id='word_1_458' title='bbox 1370 2374 1516 2406; x_wconf 75' lang='lat' dir='ltr'>Faernus</span> <span class='ocrx_word' id='word_1_459' title='bbox 1532 2374 1641 2407; x_wconf 75' lang='lat' dir='ltr'>habet.</span> 
     </span>
     <span class='ocr_line' id='line_1_77' title="bbox 895 2417 1515 2450; baseline -0.002 0"><span class='ocrx_word' id='word_1_460' title='bbox 895 2418 991 2450; x_wconf 82' lang='lat' dir='ltr'>Alter</span> <span class='ocrx_word' id='word_1_461' title='bbox 1004 2419 1130 2449; x_wconf 69' lang='lat' dir='ltr'>subolet.</span> <span class='ocrx_word' id='word_1_462' title='bbox 1166 2417 1284 2449; x_wconf 79' lang='lat' dir='ltr'>Caeteri</span> <span class='ocrx_word' id='word_1_463' title='bbox 1298 2419 1443 2449; x_wconf 66' lang='lat' dir='ltr'>suboleat.</span> <span class='ocrx_word' id='word_1_464' title='bbox 1475 2418 1515 2449; x_wconf 89' lang='lat' dir='ltr'>B.</span> 
     </span>
    </p>

    <p class='ocr_par' dir='ltr' id='par_1_27' title="bbox 893 2460 1642 2967">
     <span class='ocr_line' id='line_1_78' title="bbox 939 2460 1642 2535; baseline 0.001 -43"><span class='ocrx_word' id='word_1_465' title='bbox 939 2461 990 2495; x_wconf 89' lang='grc'><strong>27.</strong></span> <span class='ocrx_word' id='word_1_466' title='bbox 1010 2460 1094 2496; x_wconf 71' lang='lat' dir='ltr'>Quid</span> <span class='ocrx_word' id='word_1_467' title='bbox 1103 2463 1152 2492; x_wconf 77' lang='lat' dir='ltr'>aie</span> <span class='ocrx_word' id='word_1_468' title='bbox 1160 2460 1227 2535; x_wconf 78' lang='grc' dir='ltr'>.7]ὼ</span> <span class='ocrx_word' id='word_1_469' title='bbox 1208 2461 1451 2502; x_wconf 85' lang='lat' dir='ltr'>Nonnunquam</span> <span class='ocrx_word' id='word_1_470' title='bbox 1461 2460 1642 2503; x_wconf 71' lang='lat' dir='ltr'>peruubati</span> 
     </span>
     <span class='ocr_line' id='line_1_79' title="bbox 895 2504 1641 2545; baseline 0.003 -9"><span class='ocrx_word' id='word_1_471' title='bbox 895 2504 1116 2536; x_wconf 72' lang='lat' dir='ltr'>interce-soris</span> <span class='ocrx_word' id='word_1_472' title='bbox 1131 2511 1180 2536; x_wconf 78' lang='lat' dir='ltr'>est</span> <span class='ocrx_word' id='word_1_473' title='bbox 1194 2504 1312 2542; x_wconf 82' lang='lat' dir='ltr'>dicere,</span> <span class='ocrx_word' id='word_1_474' title='bbox 1327 2505 1404 2545; x_wconf 67' lang='lat' dir='ltr'>qud</span> <span class='ocrx_word' id='word_1_475' title='bbox 1415 2506 1489 2536; x_wconf 68' lang='lat' dir='ltr'>nist</span> <span class='ocrx_word' id='word_1_476' title='bbox 1509 2504 1568 2536; x_wconf 75' lang='lat' dir='ltr'>sed</span> <span class='ocrx_word' id='word_1_477' title='bbox 1579 2504 1641 2538; x_wconf 77' lang='lat' dir='ltr'>boe</span> 
     </span>
     <span class='ocr_line' id='line_1_80' title="bbox 894 2547 1640 2584; baseline 0.001 -5"><span class='ocrx_word' id='word_1_478' title='bbox 894 2548 965 2579; x_wconf 91' lang='lat' dir='ltr'>loco</span> <span class='ocrx_word' id='word_1_479' title='bbox 998 2547 1175 2579; x_wconf 71' lang='lat' dir='ltr'>metuentis</span> <span class='ocrx_word' id='word_1_480' title='bbox 1206 2554 1266 2584; x_wconf 81' lang='lat' dir='ltr'>est,</span> <span class='ocrx_word' id='word_1_481' title='bbox 1299 2557 1366 2578; x_wconf 89' lang='lat' dir='ltr'>nou</span> <span class='ocrx_word' id='word_1_482' title='bbox 1400 2547 1436 2578; x_wconf 86' lang='lat' dir='ltr'>in</span> <span class='ocrx_word' id='word_1_483' title='bbox 1587 2548 1640 2580; x_wconf 75' lang='lat' dir='ltr'>tis.</span> 
     </span>
     <span class='ocr_line' id='line_1_81' title="bbox 893 2589 1640 2632; baseline 0.003 -10"><span class='ocrx_word' id='word_1_484' title='bbox 893 2591 1016 2623; x_wconf 74' lang='lat' dir='ltr'>Mitto</span> <span class='ocrx_word' id='word_1_485' title='bbox 994 2603 1065 2632; x_wconf 69' lang='grc' dir='ltr'>μοι</span> <span class='ocrx_word' id='word_1_486' title='bbox 1079 2589 1227 2631; x_wconf 68' lang='grc' dir='ltr'>οισιιΙατ-ὶ]</span> <span class='ocrx_word' id='word_1_487' title='bbox 1241 2589 1339 2622; x_wconf 91' lang='lat' dir='ltr'>Color</span> <span class='ocrx_word' id='word_1_488' title='bbox 1352 2590 1542 2623; x_wconf 78' lang='lat' dir='ltr'>rhetoricus.</span> <span class='ocrx_word' id='word_1_489' title='bbox 1580 2593 1640 2624; x_wconf 70' lang='lat'>02-</span> 
     </span>
     <span class='ocr_line' id='line_1_82' title="bbox 893 2633 1641 2683; baseline 0 -17"><span class='ocrx_word' id='word_1_490' title='bbox 893 2633 1010 2676; x_wconf 69' lang='lat' dir='ltr'>culmi]</span> <span class='ocrx_word' id='word_1_491' title='bbox 1028 2634 1110 2665; x_wconf 77' lang='lat' dir='ltr'>Haec</span> <span class='ocrx_word' id='word_1_492' title='bbox 1122 2640 1173 2665; x_wconf 87' lang='lat' dir='ltr'>est</span> <span class='ocrx_word' id='word_1_493' title='bbox 1181 2640 1295 2683; x_wconf 79' lang='lat' dir='ltr'>quarta</span> <span class='ocrx_word' id='word_1_494' title='bbox 1305 2633 1425 2665; x_wconf 81' lang='lat' dir='ltr'>amoris</span> <span class='ocrx_word' id='word_1_495' title='bbox 1434 2633 1530 2666; x_wconf 74' lang='lat' dir='ltr'>linea.</span> <span class='ocrx_word' id='word_1_496' title='bbox 1553 2633 1641 2666; x_wconf 80' lang='lat' dir='ltr'>Nam</span> 
     </span>
     <span class='ocr_line' id='line_1_83' title="bbox 896 2676 1640 2726; baseline 0.001 -17"><span class='ocrx_word' id='word_1_497' title='bbox 896 2684 974 2709; x_wconf 81' lang='lat' dir='ltr'>sunt</span> <span class='ocrx_word' id='word_1_498' title='bbox 987 2677 1146 2726; x_wconf 78' lang='lat' dir='ltr'>quinque.</span> <span class='ocrx_word' id='word_1_499' title='bbox 1170 2676 1276 2719; x_wconf 83' lang='lat' dir='ltr'>prima</span> <span class='ocrx_word' id='word_1_500' title='bbox 1289 2679 1380 2714; x_wconf 71' lang='lat' dir='ltr'>visas,</span> <span class='ocrx_word' id='word_1_501' title='bbox 1395 2677 1537 2709; x_wconf 77' lang='lat' dir='ltr'>secunda</span> <span class='ocrx_word' id='word_1_502' title='bbox 1549 2679 1640 2710; x_wconf 72' lang='lat'><em>0011·-</em></span> 
     </span>
     <span class='ocr_line' id='line_1_84' title="bbox 894 2719 1640 2762; baseline 0.001 -10"><span class='ocrx_word' id='word_1_503' title='bbox 894 2723 970 2762; x_wconf 65' lang='grc' dir='ltr'>φάτ’,</span> <span class='ocrx_word' id='word_1_504' title='bbox 985 2719 1083 2752; x_wconf 85' lang='lat' dir='ltr'>tertia</span> <span class='ocrx_word' id='word_1_505' title='bbox 1097 2725 1207 2757; x_wconf 75' lang='lat' dir='ltr'>tactu,</span> <span class='ocrx_word' id='word_1_506' title='bbox 1222 2726 1336 2760; x_wconf 81' lang='lat' dir='ltr'>quarta</span> <span class='ocrx_word' id='word_1_507' title='bbox 1347 2722 1484 2762; x_wconf 59' lang='grc' dir='ltr'>ωαὶἰμι</span> <span class='ocrx_word' id='word_1_508' title='bbox 1484 2720 1577 2753; x_wconf 75' lang='lat' dir='ltr'>uinta</span> <span class='ocrx_word' id='word_1_509' title='bbox 1588 2733 1640 2753; x_wconf 77' lang='lat' dir='ltr'>eo-</span> 
     </span>
     <span class='ocr_line' id='line_1_85' title="bbox 895 2731 1641 2813; baseline 0.001 -18"><span class='ocrx_word' id='word_1_510' title='bbox 895 2766 967 2795; x_wconf 74' lang='grc' dir='ltr'>ἰιιιι.</span> <span class='ocrx_word' id='word_1_511' title='bbox 1005 2765 1047 2794; x_wconf 82' lang='lat' dir='ltr'>Id</span> <span class='ocrx_word' id='word_1_512' title='bbox 1065 2765 1145 2794; x_wconf 74' lang='lat' dir='ltr'>nihil</span> <span class='ocrx_word' id='word_1_513' title='bbox 1162 2761 1263 2813; x_wconf 37' lang='lat' dir='ltr'>puto]-</span> <span class='ocrx_word' id='word_1_514' title='bbox 1278 2762 1332 2794; x_wconf 86' lang='lat' dir='ltr'>Sic</span> <span class='ocrx_word' id='word_1_515' title='bbox 1353 2731 1492 2796; x_wconf 73' lang='lat' dir='ltr'>dieimoe</span> <span class='ocrx_word' id='word_1_516' title='bbox 1511 2764 1641 2806; x_wconf 79' lang='lat' dir='ltr'>quaudo</span> 
     </span>
     <span class='ocr_line' id='line_1_86' title="bbox 894 2805 1640 2847; baseline 0.003 -9"><span class='ocrx_word' id='word_1_517' title='bbox 894 2807 1051 2838; x_wconf 80' lang='lat' dir='ltr'>habemus</span> <span class='ocrx_word' id='word_1_518' title='bbox 1066 2805 1185 2847; x_wconf 84' lang='lat' dir='ltr'>aliquid</span> <span class='ocrx_word' id='word_1_519' title='bbox 1201 2807 1306 2846; x_wconf 74' lang='lat' dir='ltr'>majus</span> <span class='ocrx_word' id='word_1_520' title='bbox 1319 2805 1361 2838; x_wconf 77' lang='lat' dir='ltr'>ad</span> <span class='ocrx_word' id='word_1_521' title='bbox 1373 2806 1640 2840; x_wconf 75' lang='lat' dir='ltr'>confirmandum.</span> 
     </span>
     <span class='ocr_line' id='line_1_87' title="bbox 898 2848 1640 2892; baseline 0 -10"><span class='ocrx_word' id='word_1_522' title='bbox 898 2851 950 2882; x_wconf 81' lang='lat' dir='ltr'>Ita</span> <span class='ocrx_word' id='word_1_523' title='bbox 964 2849 1062 2881; x_wconf 88' lang='lat' dir='ltr'>dicit·</span> <span class='ocrx_word' id='word_1_524' title='bbox 1087 2848 1145 2880; x_wconf 88' lang='lat' dir='ltr'>Nil</span> <span class='ocrx_word' id='word_1_525' title='bbox 1161 2857 1242 2890; x_wconf 87' lang='lat' dir='ltr'>puto</span> <span class='ocrx_word' id='word_1_526' title='bbox 1258 2851 1389 2881; x_wconf 64' lang='lat' dir='ltr'>ose-lari</span> <span class='ocrx_word' id='word_1_527' title='bbox 1407 2856 1444 2882; x_wconf 86' lang='lat' dir='ltr'>et</span> <span class='ocrx_word' id='word_1_528' title='bbox 1460 2853 1640 2892; x_wconf 65' lang='lat' dir='ltr'>unquenti,</span> 
     </span>
     <span class='ocr_line' id='line_1_88' title="bbox 896 2891 1640 2936; baseline 0.004 -13"><span class='ocrx_word' id='word_1_529' title='bbox 896 2893 931 2924; x_wconf 86' lang='lat' dir='ltr'>in</span> <span class='ocrx_word' id='word_1_530' title='bbox 959 2891 1200 2934; x_wconf 82' lang='lat' dir='ltr'>comparatione</span> <span class='ocrx_word' id='word_1_531' title='bbox 1228 2893 1272 2924; x_wconf 81' lang='lat' dir='ltr'>ad</span> <span class='ocrx_word' id='word_1_532' title='bbox 1300 2891 1382 2925; x_wconf 84' lang='lat' dir='ltr'>illud</span> <span class='ocrx_word' id='word_1_533' title='bbox 1410 2893 1500 2936; x_wconf 80' lang='lat' dir='ltr'>quod</span> <span class='ocrx_word' id='word_1_534' title='bbox 1529 2894 1640 2936; x_wconf 66' lang='lat' dir='ltr'>sequi-</span> 
     </span>
     <span class='ocr_line' id='line_1_89' title="bbox 897 2936 1028 2967; baseline -0.008 0"><span class='ocrx_word' id='word_1_535' title='bbox 897 2943 959 2967; x_wconf 86' lang='lat' dir='ltr'>tur.</span> <span class='ocrx_word' id='word_1_536' title='bbox 990 2936 1028 2966; x_wconf 85' lang='lat' dir='ltr'>C.</span> 
     </span>
    </p>

    <p class='ocr_par' dir='ltr' id='par_1_28' title="bbox 940 2977 1640 3022">
     <span class='ocr_line' id='line_1_90' title="bbox 940 2977 1640 3022; baseline 0.003 -12"><span class='ocrx_word' id='word_1_537' title='bbox 940 2979 992 3010; x_wconf 88' lang='grc'>29.</span> <span class='ocrx_word' id='word_1_538' title='bbox 1010 2977 1172 3020; x_wconf 76' lang='lat' dir='ltr'>Conclave]</span> <span class='ocrx_word' id='word_1_539' title='bbox 1191 2979 1232 3014; x_wconf 79' lang='lat' dir='ltr'>lu</span> <span class='ocrx_word' id='word_1_540' title='bbox 1248 2978 1417 3019; x_wconf 75' lang='lat' dir='ltr'>Eunucho,</span> <span class='ocrx_word' id='word_1_541' title='bbox 1427 2982 1514 3022; x_wconf 77' lang='lat' dir='ltr'>virgo</span> <span class='ocrx_word' id='word_1_542' title='bbox 1525 2983 1558 3012; x_wconf 81' lang='grc' dir='ltr'>ιἰι</span> <span class='ocrx_word' id='word_1_543' title='bbox 1569 2992 1640 3012; x_wconf 76' lang='lat' dir='ltr'>mn·</span> 
     </span>
    </p>

    <p class='ocr_par' dir='ltr' id='par_1_29' title="bbox 1067 3031 1128 3054">
     <span class='ocr_line' id='line_1_91' title="bbox 1067 3031 1128 3054; baseline 0.016 -1"><span class='ocrx_word' id='word_1_544' title='bbox 1067 3031 1089 3053; x_wconf 84' lang='lat' dir='ltr'>x</span> <span class='ocrx_word' id='word_1_545' title='bbox 1105 3033 1128 3054; x_wconf 89' lang='lat' dir='ltr'>x</span> 
     </span>
    </p>
   </div>
  </div>
 </body>
</html>
