1852 3216
660 132 1005 176 ADELPHI.
1506 135 1595 177 379

92 235 112 265 5
129 226 230 282 Ego
251 222 508 282 vapulando,
527 222 598 266 ille
617 222 885 267 verberando
903 237 1057 278 usque,
1078 224 1204 266 ambo
1223 223 1383 267 defessi
1403 238 1564 267 sumus.

128 292 207 334 Sv.
228 290 330 333 Tua
349 289 489 346 culpa.
541 289 618 332 SA.
637 289 757 338 Quid
774 290 975 345 agerem!
1026 288 1104 331 SY.
1126 287 1408 333 Adolescenti
1434 305 1595 332 morem

214 363 385 412 gestum
406 355 609 410 oportuit.

128 422 204 464 SA.
228 421 319 470 Qui
339 421 461 476 potui
481 419 647 471 melius,
664 420 738 476 qui
755 419 885 462 hodie
903 434 1042 475 usque
1068 434 1117 461 os
1136 420 1333 475 praebui?
1374 420 1463 462 SY.
1478 420 1592 477 Age,

214 487 296 529 scis
317 485 423 542 quid
442 484 622 541 loquar?

129 551 362 594 Pecuniam
374 552 415 593 in
428 550 523 593 loco
538 549 769 607 negligere,
776 550 1004 592 maximum
1014 550 1282 593 interdum’st
1293 550 1475 595 lucrum:
1496 551 1593 595 hui!

131 618 345 668 Metuisti,
366 619 401 659 si
421 632 534 659 nunc
555 618 609 660 de
630 625 705 659 tuo
718 617 818 672 jure
838 617 1123 660 concessisses
1142 616 1378 673 paululum,
1399 626 1528 674 atque

74 692 114 723 lo
129 684 411 726 Adolescenti
430 698 548 726 esses
564 684 859 739 morigeratus,
881 682 1097 725 hominum
1117 682 1245 725 homo
1265 683 1527 735 stultissime,

128 749 201 792 Ne
222 765 308 791 non
328 749 406 791 tibi
425 749 536 791 istuc
555 748 800 791 foeneraret.
851 749 927 791 SA.
950 748 1050 805 Ego
1071 764 1190 805 spem
1219 750 1360 805 pretio
1380 765 1466 792 non
1485 765 1595 793 emo.

130 815 208 857 SY.
220 815 455 870 Nunquam
468 829 558 856 rem
573 814 724 856 facies:
747 815 832 865 abi,
846 815 1184 857 nescisineseare
1198 813 1407 866 homines,
1422 814 1597 858 Sannio.

71 150 210 179 scENA
232 135 301 191 n.]

71 916 180 957 potius
194 921 404 947 concertasse.
442 914 487 945 Et
502 913 633 956 proprie
648 914 731 945 dixit
746 925 815 945 eon-

72 960 273 995 certationem,
289 958 395 1000 ipsum
411 963 526 988 actum.
566 957 652 988 Nam
667 962 816 988 certamen

73 1008 123 1033 est
144 1012 196 1033 res
211 1001 282 1044 ipsa
302 1002 343 1032 de
362 1010 426 1041 qua
445 1006 596 1038 certatur,
610 1007 682 1031 uter
706 999 814 1041 (forte,

72 1050 117 1082 nt,
143 1050 227 1084 uter)
253 1044 432 1076 columbam
457 1043 575 1084 sagitta
602 1042 705 1080 feriat,
733 1050 813 1080 uter,

72 1087 162 1129 prior
171 1087 320 1118 decurrat
339 1087 380 1118 ad
400 1094 512 1118 metas.
535 1087 621 1118 Nam
637 1086 683 1117 sic
699 1086 815 1128 virgil.

72 1131 107 1162 in
130 1130 289 1162 Bucolicis
312 1130 452 1171 (corrige
470 1131 628 1170 Georgicis
635 1143 648 1165 ,·
670 1139 745 1161 nam
766 1129 814 1160 lo·

71 1184 129 1205 cus
144 1180 233 1205 extat
248 1174 308 1205 Ge.
324 1173 358 1204 ii.
375 1172 477 1213 530.)‚
496 1174 525 1204 V
522 1175 611 1204 eloeis
623 1173 727 1214 jacula·
748 1184 814 1204 eer-

859 916 1029 946 interdum.-
1051 924 1116 945 non
1132 914 1218 946 enim
1236 925 1374 957 semper.
1412 916 1598 949 D.-—Peea-

857 959 939 988 aiom
960 960 993 988 in
1014 956 1091 998 loeo]
1117 957 1156 988 ld
1170 964 1230 994 est,
1244 958 1300 989 ubi
1315 964 1451 1000 oportet,
1466 960 1522 991 ubi
1543 959 1600 991 ine

857 999 1046 1075 32³⁰?st
1059 1001 1599 1086 ssffssffl‘ssiffifffflss'an‘i‘gss

859 1085 1036 1118 Βέλτιστον
1059 1087 1095 1118 οὗ
1115 1086 1154 1118 τὸ
1176 1085 1285 1127 κέρδος
1303 1088 1338 1119 ἐν
1355 1088 1434 1120 πᾶσι
1458 1090 1598 1120 σκοπεῖν.

860 1130 994 1161 Plautus
1008 1131 1101 1172 Capt.
1118 1130 1151 1161 ii.
1168 1131 1197 1161 2.
1212 1131 1263 1163 77.
1279 1132 1338 1162 Est
1352 1133 1444 1162 etiam
1458 1134 1511 1163 nbi
1527 1144 1601 1173 pro-

849 1172 935 1214 seeto
948 1175 1087 1204 domnmn
1098 1179 1228 1214 prastat
1236 1173 1353 1214 jacere,
1370 1186 1459 1216 quam
1474 1177 1599 1207 lucrum.

73 1219 187 1248 mina
210 1219 298 1257 ponit
318 1218 351 1247 in
376 1219 463 1248 ulmo.
509 1216 554 1247 At
574 1227 651 1247 vero
676 1219 814 1254 efflatio,

71 1259 142 1335 13..
162 1259 729 1343 {iomssffssssifissiuizsssso'rmffl
751 1267 815 1334 ἶίἷ

73 1348 169 1384 hodie,
185 1346 331 1388 plerique
347 1345 447 1377 nostri
470 1346 590 1376 habent
604 1347 667 1376 haec
681 1357 748 1386 ραι
762 1348 814 1377 ho-

65 1391 143 1473 fdjf:
176 1399 307 1431 repone,
335 1400 424 1430 quom
449 1391 535 1420 hodie
563 1399 630 1430 quae
657 1391 737 1420 inter
764 1400 817 1420 nos

112 1435 143 1463 ἐ.
180 1433 218 1463 Β.

117 1477 147 1507 5.
165 1477 222 1507 Ille
233 1477 417 1507 verberando

75 1517 156 1559 nus]
182 1519 311 1550 Incerta
326 1526 374 1550 est
387 1518 561 1555 distinctio,
572 1518 622 1550 vel
638 1520 819 1549 verberando

75 1573 176 1603 usqae,
189 1561 240 1592 vel
261 1573 353 1602 usque
367 1560 486 1602 defessi.
519 1561 563 1592 Et
584 1568 633 1592 est
648 1572 739 1602 nsque
760 1561 817 1592 ad-

75 1605 231 1642 verbium,
239 1604 425 1646 significans
432 1615 471 1635 au
475 1606 557 1646 tdiu,
565 1611 621 1635 aut
628 1607 762 1635 multum.
775 1604 817 1636 D.

118 1649 148 1679 6.
169 1649 236 1679 Tua
249 1647 355 1689 eulpa]
379 1648 491 1679 Potest
506 1654 538 1679 et
553 1647 770 1679 nominativus
786 1654 819 1679 et

74 1691 233 1733 septimus
247 1701 340 1722 casus
361 1701 450 1722 esse:
474 1691 502 1722 si
525 1691 742 1722 nominativus
759 1698 818 1728 est,

73 1734 165 1766 deest
188 1739 254 1770 esl5
277 1734 305 1765 si
323 1734 489 1776 septimus,
515 1734 607 1765 deest
621 1733 742 1774 factum
761 1739 815 1765 est.

73 1780 266 1809 Adolescenti
279 1789 387 1809 morem
405 1783 523 1819 gestum
538 1776 685 1819 oportuit]
706 1778 758 1809 Ab
772 1787 815 1808 ιε-

74 1827 140 1852 tate
156 1821 325 1861 adjuvatur
342 1821 520 1852 sententia:
544 1820 617 1851 ideo
638 1822 818 1852 adolescenti

73 1864 166 1902 dixit,
180 1874 245 1895 non
258 1865 411 1896 AEschino.
436 1864 480 1895 Et
493 1875 599 1895 floren
612 1875 727 1905 gerere,
743 1874 818 1906 pro-

74 1907 146 1956 prie
171 1906 298 1938 lenonis
320 1915 353 1938 et
378 1906 557 1938 meretricis
580 1914 647 1938 est:
676 1907 763 1938 unde
786 1914 819 1938 et

73 1959 145 1992 ipse
163 1950 210 1982 sic
231 1950 415 1992 respondet,
432 1956 478 1988 ut,
495 1960 559 1981 non
579 1949 705 1991 fugiens
722 1948 815 1981 κακό-

74 1999 185 2034 φατον,
197 1993 284 2025 dicat
298 2005 390 2035 usqae
399 1995 529 2034 praebui.
549 1995 741 2024 Adolescenti
755 2005 816 2024 nio-

73 2047 136 2068 ren
147 2042 267 2078 gestum
282 2036 431 2078 oportuit]
452 2038 534 2068 Cum
551 2034 686 2077 ἐμφάσει
699 2038 816 2067 adoles-

73 2082 154 2111 oenti
165 2080 444 2122 pronunciandum
460 2087 519 2117 est,
532 2079 656 2111 scilicet
670 2079 725 2120 qui
738 2079 815 2111 faci-

73 2122 137 2154 lius
151 2123 369 2155 assentatione
380 2130 558 2165 caperetur.
585 2123 747 2154 D.—-Duo
758 2133 816 2154 an-

74 2165 155 2207 tiqui
166 2166 240 2198 libri
254 2166 380 2204 Faemi,
391 2166 425 2197 in
438 2166 489 2198 his
500 2165 685 2204 Bembinus,
699 2166 818 2197 habent

66 2207 224 2250 secenn;
248 2210 306 2241 sed
329 2209 432 2241 nostri
457 2210 525 2241 sere
551 2219 663 2241 omnes
686 2221 815 2250 agerem.

76 2252 167 2283 Nihil
189 2253 342 2289 interest;
366 2253 429 2284 nisi
455 2253 540 2294 quod
563 2253 624 2284 hoc
651 2253 752 2294 magis
776 2252 817 2284 ad

74 2295 224 2327 Graeeum
238 2303 377 2328 metrum
393 2296 532 2328 accedat.
558 2296 595 2327 Β.

118 2338 148 2370 7.
166 2339 250 2373 Quid
265 2342 353 2380 potui
371 2341 486 2378 melius,
502 2341 554 2380 qui
568 2340 655 2370 hodie
675 2350 767 2380 usque
785 2351 817 2370 os

71 2382 190 2420 prebui
199 2381 233 2422 2]
257 2382 481 2420 Subaudiatur,
501 2394 609 2414 norem
628 2393 744 2423 gerere.
772 2382 818 2414 Et

76 2423 137 2454 hoe
154 2425 315 2456 subtiliter
335 2425 419 2463 leno,
435 2436 533 2467 quum
555 2435 676 2457 morem
699 2436 815 2467 geren-

76 2465 152 2497 dum
175 2466 274 2499 fuisse
298 2468 334 2500 in
357 2468 535 2500 meretricis
564 2468 668 2511 pretio
697 2469 816 2500 dixerit

77 2508 186 2550 Syrus.
217 2511 317 2542 Hodie
336 2518 453 2549 autem,
468 2522 534 2543 non
550 2518 677 2554 tempus
690 2512 815 2554 signifi-

75 2559 137 2588 cat,
147 2553 204 2584 sed
218 2553 403 2585 ineundam
418 2554 633 2596 eloquentiam
648 2565 684 2586 ac
696 2561 815 2586 stoma·

75 2595 181 2626 chum.
220 2595 268 2627 Ut
289 2596 378 2638 virg.
401 2597 476 2628 AEn.
498 2598 532 2629 ii.
556 2598 628 2631 670.
654 2599 817 2639 Nunquam

74 2649 173 2669 onnes
187 2641 273 2670 hodie
286 2642 445 2671 norietur
464 2642 565 2672 inulti.
602 2640 687 2682 Age]
718 2641 818 2673 Modo

75 2693 133 2723 age
147 2682 352 2724 corripientis
366 2689 417 2714 est
437 2682 634 2715 adverbium.
656 2686 723 2715 Scis
743 2686 818 2725 quid

75 2724 224 2766 10qu]
251 2725 394 2766 Argute:
417 2726 493 2766 quia
513 2726 717 2758 simulaverat
742 2727 817 2758 leno

74 2777 140 2799 non
156 2767 364 2805 intellexisse,
380 2768 458 2809 quid
472 2768 598 2800 dixerat
612 2779 733 2800 servus.
749 2771 817 2801 Seis

74 2812 150 2852 qnid
173 2810 321 2853 loquor?]
355 2811 491 2852 Legitur
513 2818 547 2842 et
568 2811 633 2843 sie:
666 2814 721 2844 sed
744 2815 814 2850 seis,

74 2855 281 2928 quodBquaas.
306 2855 492 2895 D.—Lege‚
504 2856 566 2889 Qui
576 2856 663 2886 hodie
678 2854 708 2886 ei
724 2866 815 2896 usque

74 2907 115 2928 os.

431 1486 532 1516 usqae,
542 1476 628 1506 ambo
642 1473 752 1515 defessi
764 1486 816 1506 sn-

117 2942 147 2972 8.
166 2942 202 2972 In
225 2943 287 2973 loeo
307 2943 468 2983 negligere,
484 2943 642 2972 mrim
664 2943 814 2972 interd-n

75 2988 119 3014 est
141 2984 272 3026 {uer-m]
298 2985 388 3016 Bene
403 2984 547 3016 additum
571 2991 620 3016 est
642 2986 673 3015 in
695 2986 765 3022 1000,
782 2992 814 3016 et

859 1216 985 1248 Marius
1011 1216 1170 1248 Victorin.
1191 1216 1227 1248 in
1243 1217 1311 1249 Cic.
1335 1218 1469 1250 Rhetor.
1491 1218 1547 1250 lib.
1564 1218 1599 1250 ii.

859 1259 1029 1291 L—Illud
1053 1261 1106 1291 han·
1128 1259 1184 1290 alii
1208 1260 1365 1292 Sannioni
1391 1268 1516 1292 tantum
1541 1261 1599 1293 tri—

857 1303 981 1339 buunt3
1004 1302 1062 1334 sed
1082 1303 1231 1334 meliores
1251 1303 1326 1335 libri
1347 1311 1435 1335 recte
1457 1305 1548 1346 Syro,
1564 1311 1602 1337 ut

858 1353 984 1382 emera,
1000 1345 1194 1377 adscribunt.
1226 1346 1264 1377 B.

903 1390 933 1420 9.
949 1390 985 1419 Sa·
998 1400 1077 1420 nune
1090 1391 1127 1420 de
1143 1394 1194 1419 tuo
1200 1388 1276 1430 jure
1286 1389 1493 1432 concessisses]
1509 1391 1600 1422 Bene

862 1437 912 1463 tuo
924 1431 1022 1473 jure.-
1049 1442 1090 1463 ne
1112 1431 1243 1469 diceret,
1268 1433 1342 1463 Non
1364 1440 1433 1464 erat
1454 1443 1507 1464 res
1527 1444 1602 1465 mea

860 1485 956 1516 quam
978 1475 1124 1506 venalem
1150 1475 1258 1507 habui.
1302 1476 1371 1507 Aut
1392 1478 1430 1507 de
1452 1482 1502 1508 tuo
1513 1477 1602 1518 jm,

861 1519 902 1549 de
923 1518 1053 1549 lenonia
1066 1518 1185 1549 duritia
1201 1518 1349 1559 (avaritia
1367 1519 1438 1559 Z.):
1461 1526 1498 1550 ut
1512 1519 1600 1558 alibi,

860 1563 931 1593 Meo
942 1562 1018 1602 jure
1039 1566 1119 1598 «tar,
1142 1567 1177 1593 ut
1194 1564 1295 1602 potior
1316 1564 1367 1599 sit,
1390 1565 1443 1603 qui
1461 1566 1546 1603 prior
1560 1565 1604 1594 ad

861 1607 993 1636 dandum
1015 1607 1066 1636 sit.
1107 1605 1242 1636 D.-De
1266 1610 1317 1636 tuo
1327 1605 1420 1647 jure]
1448 1605 1522 1637 Hoc
1542 1613 1602 1644 est,

861 1658 903 1679 ne
918 1647 1092 1690 plurimum
1107 1647 1182 1679 leno
1197 1658 1303 1680 esses:
1327 1655 1365 1680 ut
1385 1649 1487 1680 intelli
1564 1660 1603 1681 us

862 1691 1029 1723 avaritiam
1045 1714 1054 1722 .
1070 1714 1079 1722 .
1096 1714 1104 1722 .
1122 1691 1297 1732 (Westerh.
1313 1691 1460 1723 lacunam
1476 1702 1495 1724 e
1509 1692 1601 1725 codd.

873 1734 1021 1776 upplevit
1046 1734 1093 1766 sic
1107 1746 1115 1765 τ
1151 1740 1180 1766 te
1202 1737 1340 1775 irnpares.
1396 1736 1505 1766 Verba
1530 1735 1602 1767 sine

860 1788 966 1809 sensu.
1005 1778 1102 1809 Forte
1114 1777 1179 1809 ita:
1202 1783 1237 1809 ut
1251 1780 1485 1819 intelligeremus
1498 1781 1603 1810 ovari-

861 1823 935 1852 tiam
950 1823 983 1851 in
999 1826 1028 1852 te
1042 1832 1099 1852 nou
1114 1832 1177 1852 esse
1191 1822 1435 1862 intempestivam.
1453 1822 1518 1862 2.).
1550 1822 1590 1853 Ε.

906 1865 955 1895 ll.
971 1865 1020 1895 Ne
1035 1875 1092 1895 non
1112 1865 1170 1895 tibi
1190 1866 1269 1896 istuc
1281 1863 1469 1905 soeneraret]
1491 1866 1600 1896 Foene-

860 1913 970 1944 ratum,
987 1913 1036 1938 est
1056 1917 1130 1937 cum
1151 1906 1241 1938 luero
1259 1907 1421 1938 redditum
1437 1914 1471 1939 et
1490 1907 1601 1939 multi-

859 1949 1022 1992 plicatum.
1053 1951 1231 1981 Foeneraret
1241 1960 1327 1991 ergo,
1340 1960 1405 1981 non
1415 1950 1600 1989 AEschinus,

859 1993 917 2024 sed
933 1993 1005 2035 ipsa
1018 2003 1071 2024 res
1084 1993 1119 2023 in
1135 2003 1198 2033 qua
1212 1993 1389 2025 foeneratio.
1432 1995 1501 2036 Ego
1520 2005 1602 2034 spem

855 2039 955 2077 pretio
967 2048 1025 2068 nou
1038 2035 1116 2077 enno]
1138 2035 1377 2075 Ἀπισονομίαε
1400 2045 1521 2075 contra,
1538 2036 1600 2069 Pe·

859 2082 978 2111 cuniam
992 2082 1024 2111 in
1036 2081 1097 2111 loeo
1107 2081 1268 2121 negligere,
1280 2082 1440 2110 maxim
1450 2082 1601 2112 interdum

860 2128 905 2154 est
918 2125 1041 2154 lacrum.
1074 2123 1228 2163 D.—Ego
1237 2121 1336 2164 spem]
1350 2122 1440 2154 Malo
1448 2123 1600 2165 pretium,

860 2176 955 2207 quam
981 2176 1086 2197 emam
1110 2166 1216 2208 pretio
1242 2176 1334 2208 spem
1348 2177 1358 2197 ε
1395 2166 1487 2208 quasi
1510 2166 1539 2198 si
1565 2167 1601 2198 id

859 2209 1006 2247 amisero,
1030 2215 1142 2251 postea
1164 2208 1257 2250 plura
1279 2216 1479 2253 accepturus.
1516 2209 1602 2240 13.—

860 2254 947 2293 Spem
972 2255 1073 2293 pretio
1098 2250 1259 2293 memo]
1284 2252 1371 2302 ‘Nou
1394 2262 1514 2284 novum
1540 2259 1600 2302 εει,

858 2303 962 2370 εἴτε.
969 2305 1063 2370 τττ
1075 2295 1220 2370 ττττ
1231 2302 1520 2380 εοῑοιοτῑωνοτ
1529 2295 1600 2380 τὲ

861 2390 929 2414 tum
950 2383 1039 2419 retis,
1055 2389 1112 2413 aut
1131 2388 1298 2423 capturam
1313 2381 1422 2415 avium
1443 2381 1497 2414 vel
1515 2381 1600 2414 sera-

858 2435 940 2464 rum,
956 2432 1012 2456 aut
1025 2425 1150 2457 futuros
1301 2424 1438 2458 foemsve
1450 2426 1600 2458 arboreos

858 2468 1042 2512 prastinat:
1065 2468 1120 2499 lib.
1137 2468 1203 2499 viii.
1217 2469 1243 2507 5.
1260 2469 1287 2499 l.
1304 2469 1371 2500 Nec
1384 2470 1494 2501 esitio:
1514 2468 1546 2500 fl:
1557 2468 1599 2501 de

858 2519 959 2543 contr.
970 2518 1044 2543 emt.
1057 2511 1111 2543 lib.
1125 2511 1168 2543 xi.
1182 2510 1237 2543 xii.
1247 2510 1279 2542 fl:
1291 2511 1398 2543 deaet.
1408 2521 1494 2561 emp.
1503 2511 1599 2544 vend.

859 2555 923 2586 Vel
943 2566 1016 2586 cum
1032 2554 1104 2596 quis
1125 2554 1244 2586 malum
1266 2564 1386 2586 nomen
1406 2561 1495 2593 emt,
1513 2555 1600 2597 quod

858 2597 966 2630 forsan
989 2608 1032 2629 ex
1055 2597 1230 2640 improviso
1253 2597 1343 2629 lucro
1364 2598 1483 2630 bonum
1503 2608 1599 2640 pense

860 2641 930 2673 fieri
937 2647 1055 2684 sperat.
1065 2641 1085 2672 l.
1093 2640 1206 2672 lxxxii.
1214 2640 1248 2671 in
1255 2640 1319 2672 fine
1326 2641 1367 2672 ad
1376 2640 1410 2672 1..
1418 2641 1538 2673 raleid.
1559 2641 1599 2674 1..

904 2685 953 2715 12.
970 2686 1132 2725 Nunquam
1147 2682 1331 2725 rensoei'es]
1346 2684 1437 2716 Leno
1447 2684 1599 2734 quiequid

859 2727 935 2769 agit,
951 2727 992 2758 ad
1005 2727 1131 2758 lucrum
1145 2726 1260 2757 refert:
1284 2733 1318 2758 et
1332 2727 1379 2758 sie
1393 2726 1475 2759 luen
1495 2737 1600 2770 genus

858 2770 938 2802 dicit
950 2780 1020 2802 esse
1036 2770 1136 2811 Syrus
1149 2779 1170 2800 a
1187 2769 1315 2806 lenone,
1330 2770 1598 2812 queamdmodum

856 2813 1030 2855 persuadet
1046 2813 1167 2854 (Sym,
1181 2822 1284 2854 agens,
1299 2814 1397 2845 leno-i
1409 2816 1596 2856 quenadm-

856 2858 927 2887 dan
944 2857 1137 2897 persuadeat.
1156 2854 1220 2896 Z.).
1266 2855 1311 2887 Et
1323 2862 1400 2889 nota
1412 2867 1484 2895 ren,
1500 2864 1534 2889 et
1554 2857 1596 2890 li-

857 2906 933 2935 tem,
946 2906 979 2930 et
1000 2898 1164 2940 negotium
1185 2899 1373 2938 meretricis,
1388 2906 1422 2932 et
1441 2901 1596 2943 patrimo-

857 2942 946 2973 nium
954 2949 1119 2973 etonmem
1128 2941 1298 2984 pecuniam
1306 2942 1475 2976 nominari.
1505 2946 1596 2976 Nun-

857 2996 943 3025 quma
950 2984 1133 3026 remsact‘es]
1143 2985 1324 3018 Secundum
1335 2997 1503 3029 personam
1511 2988 1597 3019 servi
