1910 3216
415 125 602 162 INDEX
632 126 959 164 VERBORUM
990 126 1061 163 ET
1089 127 1413 167 PHRASIUM.

55 206 83 244 1,
112 208 143 238 8.
188 206 257 238 Sibi
286 211 407 248 putans
432 207 607 240 adductum
640 208 746 248 hujus,

52 256 130 281 ante
150 249 261 281 oculo·
281 251 431 281 «ναῖκι.
455 250 540 282 Eun.
562 249 605 282 iv.

56 293 84 330 1,
102 293 132 324 9.
155 292 230 324 vide
246 292 361 324 Notas.

95 334 240 376 aqualis]
280 335 386 371 Quem
416 336 538 367 vocabo
566 336 607 367 ad

53 388 178 409 coenam
200 388 346 409 meorum
364 380 526 419 aequaIe'nm

53 419 233 451 tissimum?
252 421 338 452 And.
351 421 372 452 i.
387 422 418 458 6,
432 422 482 452 22.
501 421 607 452 Patris

52 470 225 504 cognatum
253 471 350 504 atque
370 466 514 504 equalem
534 474 609 495 nos-

54 505 144 536 tine?
184 506 269 537 Eun.
293 506 327 537 ii.
352 508 381 544 3,
405 507 456 538 36.
493 507 609 538 Amico

53 554 150 588 atque
173 550 286 590 aequali
314 560 376 581 suo.
414 549 535 580 Heaut.
561 549 607 580 iii.

56 591 85 629 1,
102 592 132 622 ⁸.

98 633 199 675 eque]
216 636 315 675 AEque
331 634 505 676 quidquam
523 645 609 666 nunc

54 677 194 717 quidem.
216 678 302 708 And.
319 678 351 708 ii.
370 678 400 715 6,
418 679 447 709 3.
495 677 609 714 Miser,

54 730 138 760 aeque
154 726 250 760 atque
265 730 336 761 ego.
354 721 439 751 And.
453 719 495 751 iv.
514 722 544 758 2,
560 721 607 751 19.

55 762 119 793 eui
155 774 239 803 aque
276 763 397 794 audisti
442 763 609 794 commode

55 804 607 888 {uicqffleffiffifflffi‘nil‘

54 890 180 931 lintque
207 891 338 922 omnia?
381 891 463 922 Hec.
480 891 513 921 ii.
535 892 561 928 l,
578 893 606 922 2.

56 933 147 965 Viris
167 933 331 965 advorsari
354 944 438 974 aeque
464 933 607 964 studium

55 982 113 1007 est.
143 976 224 1007 Hec.
242 976 275 1007 ii.
296 977 323 1013 1,
341 978 370 1007 5.
410 976 536 1018 Edepol
557 986 608 1025 nae

55 1028 116 1050 nos
137 1029 249 1050 sumus
270 1029 381 1059 imque
398 1030 483 1059 eque
503 1029 609 1050 omnls

55 1061 170 1092 invise
179 1062 267 1093 viris.
282 1061 446 1098 Hec.ii.3,
458 1063 484 1092 1.
503 1061 606 1092 Num-

55 1114 151 1144 quam
172 1115 264 1145 aeque,
281 1114 318 1135 ac
338 1104 445 1135 modo.
477 1104 606 1135 Phorm.

54 1147 77 1178 i.
94 1149 124 1184 2,
142 1149 194 1178 43.
234 1147 321 1178 Novi
335 1158 420 1188 aeque
433 1147 544 1178 omnia
558 1154 607 1178 te—

54 1200 140 1221 cum.
164 1190 293 1221 Phorm.
310 1200 340 1220 v.
358 1191 388 1227 8,
404 1191 456 1221 43.

98 1244 212 1273 aquus,
235 1231 351 1273 aequos]
379 1231 503 1264 Adeste
525 1243 610 1273 aequo

54 1275 172 1306 animo.
192 1276 276 1306 And.
288 1275 373 1306 Prol.
386 1277 437 1306 24.
465 1275 608 1312 Postulo,

55 1318 125 1349 sive
135 1320 303 1358 equa-’sa
314 1325 346 1349 te
361 1328 428 1349 oro.
445 1318 531 1349 And.
544 1318 566 1348 i.
579 1320 608 1355 2,

58 1361 108 1392 19.
132 1363 235 1402 AEqao
246 1360 355 1392 animo
363 1361 457 1392 ferre.
474 1361 561 1391 And.
574 1360 608 1391 ii.

57 1405 88 1441 3,
105 1405 156 1434 23.
187 1405 319 1444 AEquam
335 1410 386 1435 est
401 1414 457 1435 vos
471 1413 607 1444 cog-nos·

55 1457 138 1477 cere.
167 1447 251 1477 Eun.
270 1446 355 1477 Prol.
372 1447 424 1477 42.
470 1446 534 1477 Par
560 1453 608 1477 at-

56 1499 119 1529 que
134 1500 251 1529 aeqau·
267 1495 325 1520 est.
354 1489 440 1519 Eun.
457 1488 490 1519 ii.
509 1490 539 1525 3,
556 1489 607 1520 95.

55 1532 131 1563 vide
142 1532 255 1563 Notas.
277 1532 360 1567 Quae
372 1531 510 1562 liberum
525 1531 608 1562 scire

55 1586 170 1615 equom
186 1581 245 1605 est.
263 1574 348 1605 Eun.
361 1574 407 1605 iii.
421 1575 510 1610 2,25.
548 1576 607 1605 AE-

55 1629 113 1658 quo
128 1617 238 1648 animo
251 1628 339 1657 equa
359 1627 492 1648 noscere
512 1627 607 1658 opor-

56 1666 113 1691 tet.
133 1659 271 1702 Adelph.
281 1659 327 1690 iii.
338 1661 370 1696 4,
380 1661 431 1690 58.
464 1659 609 1690 Emedio

55 1714 172 1743 equam
188 1703 345 1734 excedere
356 1708 414 1733 est.
431 1702 512 1733 Hec.
523 1702 565 1732 iv.
578 1703 607 1739 3,

58 1747 109 1776 14.
156 1745 245 1776 Istuc
260 1747 340 1785 aeqm‘
355 1745 496 1785 bonique
516 1744 607 1775 facio.

57 1787 179 1819 Heaut.
197 1788 240 1819 iv.
257 1789 286 1824 5,
303 1789 352 1818 14.
398 1787 514 1829 Cupio,
530 1790 609 1827 aeqai

55 1831 152 1862 modo
165 1830 296 1871 aliquid.
314 1830 453 1872 Adelph.
467 1830 501 1861 ii.
517 1831 544 1867 1,
557 1831 608 1861 33.

56 1874 183 1905 Praeter
210 1884 386 1914 aequmnque
416 1879 449 1903 et
478 1873 608 1904 bonum.

56 1916 197 1958 Adelph.
210 1916 232 1947 i.
249 1917 275 1953 l,
289 1917 340 1947 39.
387 1915 422 1946 Si
437 1916 484 1946 ita
497 1927 609 1956 aequom

55 1969 178 1990 censes.
197 1958 336 2000 Adelph.
351 1958 395 1989 iv.
412 1960 443 1995 3,
459 1959 508 1989 10.
533 1958 609 1989 Νοιι

54 2013 168 2042 aeqm
188 2001 279 2032 dicis.
307 2000 447 2043 Adelph.
463 2011 493 2032 v.
510 2002 541 2038 3,
559 2001 608 2034 17.

56 2045 174 2085 Neque
195 2044 276 2075 adeo
297 2054 339 2075 ex
360 2055 445 2084 aequo
468 2050 501 2075 et
514 2044 608 2075 bono.

53 2087 197 2129 Adelph.
213 2098 244 2118 v.
261 2088 291 2123 9,
308 2088 359 2117 30.
404 2087 478 2122 Quo
496 2089 611 2127 aeqaior

55 2140 129 2161 sum
146 2130 325 2171 Pamphilo.
355 2129 440 2160 And.
457 2129 491 2160 ii.
508 2131 539 2167 5,
559 2130 607 2160 18.

170 2172 211 2203 de
223 2182 276 2203 me
286 2172 416 2203 dixerit.
428 2172 512 2203 Hec.
525 2171 568 2203 iv.
578 2173 609 2209 5,

56 2216 109 2247 25.
154 2215 250 2251 Quod
274 2214 341 2246 fors
362 2214 454 2251 feret,
470 2214 610 2246 feremus

55 2269 141 2298 aeqao
166 2258 285 2289 animo.
317 2257 447 2289 Phorm.
469 2257 491 2288 i.
509 2258 540 2294 2,
556 2258 607 2288 88.

57 2300 202 2332 Restitui
234 2300 270 2332 in
302 2300 466 2340 integrum
496 2311 609 2340 equom

55 2353 127 2374 esse
153 2353 191 2374 ac
217 2343 348 2374 bonum.
380 2343 510 2374 Phorm.
528 2343 560 2373 ii.
578 2344 608 2380 4,

55 2386 108 2416 11.
163 2385 228 2421 Qui
265 2395 371 2426 neque
402 2386 468 2425 jus,
495 2395 609 2426 neque

55 2428 177 2459 bonum
210 2433 307 2468 atque
342 2438 456 2468 aquom
491 2427 608 2459 sciunt.
624 2448 627 2472 l

58 2471 181 2502 Heaut.
197 2470 240 2501 iv.
261 2472 287 2506 1,
304 2470 356 2501 29.
625 2476 626 2479 ’

99 2512 250 2553 aerumna]
265 2513 340 2548 Quo
362 2518 399 2543 tu
421 2512 530 2543 minus
545 2512 609 2544 scis

55 2566 206 2587 aenmnas
221 2565 319 2586 meas.
346 2555 433 2586 And.
450 2555 492 2586 iv.
512 2556 540 2592 1,
557 2556 607 2586 31.

56 2598 122 2634 Qui
149 2604 181 2629 te
203 2597 358 2639 expedias
382 2597 435 2628 his
455 2599 607 2628 arumnis.

58 2641 141 2671 Hec.
154 2640 200 2671 iii.
214 2641 242 2676 1,
253 2641 282 2670 8.
308 2640 366 2671 Me
381 2649 423 2670 ex
433 2646 554 2680 quanta
565 2651 607 2671 ae-

55 2694 163 2714 ramna
180 2682 370 2714 extraxeris.
387 2682 471 2713 Hec.
481 2693 509 2713 v.
517 2684 549 2719 4,
556 2683 607 2713 36.

56 2727 131 2761 Quo
148 2732 243 2767 pacto
262 2725 432 2756 advorsam
446 2735 609 2755 erumnam

55 2769 171 2799 ferant.
197 2768 326 2798 Phorm.
343 2767 376 2797 ii.
397 2768 424 2804 1,
443 2768 492 2797 12.

100 2810 159 2851 σε]
186 2810 348 2840 Ancillam
375 2820 437 2841 aere
467 2815 610 2850 emptam

57 2862 125 2885 suo.
150 2853 280 2884 Phorm.
298 2852 331 2883 ii.
349 2855 378 2889 2,
396 2852 446 2882 26.

101 2894 284 2935 AEechae'nas]
296 2894 512 2935 Hujusmulta
518 2904 609 2925 men·

58 2938 105 2969 tio
121 2945 172 2969 est
185 2938 219 2968 in
234 2937 403 2978 Adelphis.

101 2979 315 3020 AEsculapiue]
330 2979 426 3015 Quod
442 2985 484 3016 te,
498 2981 609 3011 AEscu-

762 218 829 239 oro.
854 207 937 239 Hec.
954 207 1000 239 iii.
1017 209 1047 246 2,
1064 209 1095 239 3.

682 249 778 292 etan]
802 250 889 282 Dum
917 261 991 282 eum
1013 257 1101 289 etas,
1122 261 1191 283 me·

643 300 703 330 tus,
714 292 870 335 magister
884 294 1087 325 cohibebant.
1105 293 1190 325 And.

642 337 662 367 i.
678 337 768 374 1,27.
783 336 857 368 vide
869 336 983 367 Notas.
1008 337 1117 377 Hujus
1125 336 1189 368 sor·
1206 339 1211 347 ”

547 389 605 420 po·
642 389 726 410 mam
742 385 839 420 atque
853 385 973 410 atatem
982 379 1083 411 vides.
1106 379 1190 411 And.

641 422 661 452 i.
679 424 709 459 5,
726 423 778 453 51.
825 422 912 453 Dum
933 422 1058 454 licitum
1074 429 1124 454 est
1138 422 1191 459 eii,

642 465 783 506 dumque
802 470 879 496 aetas
901 465 983 496 tulit.
1008 465 1094 496 And.
1110 464 1144 495 ii.
1162 465 1192 502 6,

646 509 694 538 12.
851 507 882 538 ‘a
903 507 1015 545 forma,
1035 514 1131 548 atque
1150 519 1192 539 ω-

1755 137 1777 173 7

1224 210 1392 242 meliorem
1411 220 1517 252 neque
1533 211 1629 253 pretii
1647 212 1779 253 majoris

1225 263 1322 285 nemo
1346 254 1454 285 habet.
1494 254 1615 286 Heaut.
1637 254 1659 285 i.
1679 256 1707 292 1,
1727 256 1776 286 11.

1226 298 1343 338 Agr-n
1365 296 1406 328 de
1427 302 1539 328 nostro
1558 303 1652 339 patre
1667 297 1776 328 colen-

1226 339 1303 370 dum
1317 339 1466 371 habebat.
1490 340 1620 371 Phorm.
1637 339 1670 371 ii.
1685 341 1714 378 3,
1728 341 1777 373 17.

1269 381 1371 424 agito]
1387 382 1484 424 Apud
1498 393 1573 414 eum
1589 382 1683 414 miles
1697 383 1779 414 Dio·

1226 425 1320 466 nysia
1339 427 1451 467 agitat.
1483 425 1605 457 Heaut.
1621 425 1664 456 iv.
1678 427 1709 463 4,
1729 427 1779 456 11.

1227 470 1387 508 Agitarem
1400 467 1486 499 inter
1500 478 1558 500 vos
1578 468 1680 499 libere
1701 479 1779 500 con-

1229 510 1361 542 vivium.
1380 511 1462 542 Hec.
1474 511 1496 542 i.
1510 512 1603 548 2,18.
1631 511 1705 542 Jam
1719 521 1781 552 ego

643 556 706 582 tate
721 550 858 591 integra.
877 550 961 581 And.
977 550 998 581 i.
1015 552 1105 587 1,45.
1131 550 1195 582 Per
1229 554 1315 584 hunc
1336 555 1471 595 agitabo.
1502 553 1633 585 Phorm.
1649 553 1683 585 ii.
1702 555 1732 591 3,
1748 555 1780 584 4.

644 599 786 624 nostram
812 592 998 630 amicitiam,
1022 603 1094 634 quae
1120 604 1194 624 cum
1233 596 1270 627 ld
1284 596 1414 637 quidem

1435 599 1558 637 σείων
1576 606 1704 628 mecum
1727 607 1780 628 se-

643 641 734 667 aetate
756 636 901 667 adcrevit
922 635 1029 667 simul.
1058 635 1144 667 And.
1160 636 1193 666 ii.
1229 638 1315 670 dulo.
1340 639 1471 670 Phor-m.
1487 638 1530 670 iv.
1547 640 1577 675 3,
1595 640 1644 670 10.

645 680 675 715 3,
689 679 718 711 7.
757 679 873 719 Neque
888 678 999 716 scibat,
1016 689 1122 719 neque
1136 689 1195 720 per

1273 681 1397 723 agmen]
1419 682 1457 713 ln
1477 681 1620 714 medium
1641 682 1706 714 hnc
1723 693 1781 724 ag-

643 727 764 753 aetaten
779 721 875 752 etiam
892 721 979 763 potis
999 728 1078 752 erat.
1108 721 1194 752 Eun.
1229 735 1295 756 men
1317 735 1390 756 cum
1414 724 1508 756 vecti.
1538 725 1625 756 Eun.
1641 724 1685 756 iv.
1703 725 1734 763 7,
1749 726 1780 756 4.

644 764 664 795 i.
680 766 710 801 2,
727 765 778 795 33.
825 764 942 795 Forma
965 770 998 795 et
1012 770 1105 795 aetate
1125 764 1194 806 ipse

1271 767 1348 808 ago]
1378 767 1541 798 Observes
1567 767 1681 804 filium,
1703 767 1783 808 quid

644 817 687 838 es.
713 807 798 838 Eun.
814 806 849 837 ii.
867 808 898 843 3,
915 808 965 837 83.
990 806 1064 838 vide
1082 807 1193 838 Notas.
1211 843 1213 852 ¹
1228 815 1312 850 agae.
1331 810 1417 841 And.
1434 810 1455 840 i.
1475 811 1503 848 1,
1522 811 1593 841 143.
1627 810 1693 847 Ah,
1709 817 1782 842 tan-

643 850 716 880 Jam
733 849 873 880 dudum:
896 854 1026 880 ertatem.
1051 850 1135 880 Eun.
1151 849 1193 880 iv.
1210 858 1213 883 ι
1230 860 1339 884 tamne
1371 862 1442 884 rem
1474 859 1541 884 tam
1575 853 1784 894 neclegenter

644 893 673 930 5,
681 894 711 923 8.
735 891 868 923 Putavit
880 902 932 923 me
944 899 977 923 et
988 897 1080 923 atate
1092 900 1126 923 et
1137 893 1193 923 be-
1210 887 1214 905 ¹
1229 906 1319 936 agere
1330 899 1345 927 ,⁷
1362 896 1447 927 And.
1461 895 1483 926 i.
1501 897 1531 933 5,
1544 896 1592 926 18.
1617 896 1650 927 Ν
1652 906 1690 927 ec
1704 895 1784 936 quid

643 934 829 966 nevolentia
847 934 922 976 plus
947 934 1039 965 scire.
1072 935 1193 965 Heaut.

1229 949 1318 978 agam
1343 940 1520 970 certum’st.
1555 938 1641 969 And.
1665 938 1686 969 i.
1703 940 1734 976 3,
1750 939 1782 970 4.

643 977 663 1008 i.
689 979 717 1015 1,
733 978 786 1008 63.
833 977 896 1008 Illa
923 982 1000 1008 aetas
1025 977 1129 1017 magis
1155 977 1195 1008 ad
1229 980 1316 1016 Quid
1332 992 1423 1022 agam
1441 981 1554 1012 habeo.
1584 981 1670 1012 And.
1686 980 1733 1012 iii.
1751 983 1782 1018 2.

641 1020 711 1051 haec
726 1019 848 1051 utenda
859 1019 976 1050 idonea
991 1025 1049 1051 est.
1074 1020 1194 1051 Heaut.

643 1063 663 1093 i.
684 1064 711 1100 1,
728 1064 779 1094 81.
815 1062 888 1103 Ego
902 1061 986 1093 istuc
1001 1065 1114 1098 aetatis,
1130 1073 1195 1093 non

642 1105 744 1137 amori
767 1115 898 1147 operam
920 1104 1045 1136 dabam.
1074 1105 1194 1136 Heaut.

1233 1024 1281 1053 18.
1314 1025 1382 1064 Age
1394 1035 1462 1064 age,
1478 1030 1515 1054 ut
1529 1023 1628 1054 lubet.
1644 1024 1731 1055 And.
1747 1023 1783 1055 ii.

1234 1067 1261 1102 l,
1281 1067 1330 1096 10.
1371 1068 1439 1107 Age
1454 1076 1541 1097 nunc
1552 1068 1630 1106 jam.
1648 1066 1735 1097 And.
1751 1077 1782 1098 v.

1231 1110 1261 1145 2,
1270 1110 1321 1139 25.
1344 1110 1412 1149 Age
1421 1108 1605 1150 Pamphile:
1624 1109 1783 1140 exiPam·

642 1148 663 1179 i.
683 1149 711 1186 1,
729 1150 782 1179 58.
827 1147 915 1179 Mihi
940 1147 1051 1179 videre
1077 1155 1197 1187 praeter
1229 1151 1329 1192 phile.
1346 1151 1432 1182 And.
1446 1161 1476 1182 v.
1490 1153 1520 1188 2,
1535 1152 1586 1182 30.
1626 1151 1690 1182 Sed
1705 1151 1784 1192 quid

642 1196 762 1222 aetatem
778 1197 867 1222 tuam
888 1190 1003 1221 facere.
1037 1191 1156 1222 Heaut.
1174 1190 1195 1221 i.

646 1235 674 1270 1,
691 1235 722 1266 7.
766 1235 851 1265 Cum
872 1244 939 1264 uno
959 1239 1080 1264 aetatem

645 1276 723 1308 viro.
749 1277 869 1307 Heaut.
886 1276 920 1306 ii.
937 1277 967 1313 4,
988 1277 1036 1306 12.
1079 1276 1137 1307 Me
1152 1287 1194 1307 ω-

644 1324 737 1350 tatem
751 1329 865 1350 censes
877 1318 959 1349 velle
971 1318 1006 1349 id
1020 1318 1194 1349 adsimula-

644 1362 731 1392 rier?
759 1362 880 1393 Heaut.
896 1361 939 1392 iv.
957 1362 987 1398 3,
1004 1362 1055 1392 38.
1100 1362 1196 1396 Quod
1230 1365 1306 1395 hinc
1333 1370 1365 1395 te

644 1404 716 1435 illos
732 1411 783 1436 sat
793 1410 887 1453 acuet
898 1409 985 1435 atas.
1002 1403 1140 1445 Adelph.
1151 1404 1194 1435 iv.

644 1449 773 1563 333³...
788 1447 1087 1530 ἓῗξὶῑέῗῑιρῖᾨῑ
1107 1457 1194 1519 ξ’,ἰῖῖῑ

645 1532 717 1563 Ade
730 1533 784 1574 ph.
807 1543 836 1563 v.
859 1533 890 1569 4,
910 1533 939 1562 2.
985 1531 1131 1562 Contrivi
1159 1531 1195 1562 in

643 1575 818 1616 qua-tendo
832 1574 933 1606 vitam
956 1580 1053 1615 atque
1074 1579 1194 1605 aetatem

643 1628 758 1667 meam.
788 1618 885 1648 Nunc
901 1623 1014 1648 exacta
1028 1622 1120 1648 aetote
1134 1617 1195 1648 hoc

642 1660 820 1740 ῑῗᾛιξὶἳ
830 1659 1194 1733 ῗὲῗοῒιξὲἱῗοέῗέὣῗῑ

1100 1243 1196 1274 agere
1230 1237 1272 1267 iv.
1307 1238 1334 1274 1,
1368 1238 1417 1267 15.

1230 1197 1342 1235 agan?
1357 1194 1514 1225 adeamne
1529 1194 1570 1225 ad
1583 1195 1678 1225 eum?
1696 1194 1782 1226 And.

1478 1237 1557 1268 Mea
1585 1236 1783 1278 Glycerium,

1230 1279 1307 1320 quid
1323 1282 1417 1320 agis?
1439 1279 1526 1310 And.
1542 1279 1563 1310 i.
1581 1281 1609 1316 1,
1628 1280 1699 1312 107.
1744 1280 1784 1311 Id

1231 1334 1289 1363 aga
1302 1322 1423 1353 sedulo.
1442 1322 1527 1353 And.
1543 1322 1590 1352 iii.
1604 1323 1634 1359 5,
1645 1324 1675 1353 8.
1710 1323 1785 1358 Quo

1390 1366 1485 1406 agis?
1520 1364 1606 1395 And.
1622 1364 1665 1396 iv.
1683 1366 1713 1401 2,
1730 1366 1782 1396 25.

1232 1407 1353 1438 Pudice
1367 1407 1467 1438 vitam
1482 1417 1581 1448 parce
1601 1418 1638 1438 ac
1658 1407 1786 1439 duriter

1229 1452 1350 1491 agebat.
1367 1450 1452 1480 And.
1469 1449 1491 1480 i.
1511 1451 1538 1486 1,
1552 1451 1605 1480 48.
1651 1450 1724 1491 Ego
1748 1450 1784 1481 id

1229 1504 1328 1533 agam,
1345 1492 1401 1533 qui
1416 1492 1496 1523 mihi
1512 1502 1555 1523 ne
1569 1492 1673 1524 detur.
1695 1493 1783 1524 And.

1229 1534 1263 1565 ii.
1283 1536 1310 1573 1,
1328 1536 1379 1566 35.
1424 1534 1512 1570 Quid
1538 1546 1638 1576 agam,
1665 1534 1783 1576 cogita

1230 1578 1316 1608 And.
1330 1578 1363 1608 ii.
1373 1579 1402 1613 2,
1411 1579 1462 1608 21.
1493 1577 1568 1608 Hoc
1583 1589 1683 1618 agm-
1694 1578 1783 1610 And.

1229 1620 1263 1651 ii.
1279 1622 1309 1655 5.
1318 1622 1349 1651 4.
1385 1620 1533 1651 Hoccine
1547 1623 1626 1661 agis,
1640 1631 1681 1651 au
1694 1622 1783 1651 non?

1231 1663 1316 1694 And.
1332 1663 1354 1694 i.
1372 1664 1401 1700 2,
1418 1664 1467 1694 15.
1511 1663 1599 1698 Quid
1629 1669 1666 1694 tu
1678 1664 1692 1693 P
1719 1673 1786 1704 quo

1228 1705 1307 1736 hinc
1330 1711 1363 1737 te
1392 1708 1488 1746 agis?
1518 1705 1606 1736 And.
1624 1705 1666 1736 iv.
1684 1707 1714 1742 2,
1731 1707 1783 1737 25.

644 1746 784 1787 Adelph.
794 1745 815 1776 i.
828 1747 857 1783 2,
869 1746 920 1776 30.
944 1744 997 1776 Ad
1009 1744 1119 1776 omnia
1133 1745 1196 1776 alia
1230 1747 1324 1780 Alias
1345 1758 1400 1779 res
1424 1751 1502 1789 agis.
1533 1748 1618 1779 Eun.
1634 1748 1668 1779 ii.
1684 1749 1714 1785 3,
1731 1748 1784 1782 57.

643 1794 732 1820 etate
745 1788 889 1829 sapimus
904 1787 1034 1819 rectius.
1055 1787 1195 1829 Adelph.

644 1842 673 1862 v.
692 1833 722 1868 3,
738 1831 790 1862 46.
835 1830 959 1862 Odiosa
972 1830 1041 1861 haec
1057 1836 1107 1861 est
1120 1835 1198 1861 aetas

644 1873 905 1905 adulescentulis.
937 1872 1020 1904 Hec.
1036 1872 1079 1903 iv.
1096 1873 1127 1910 3,
1146 1874 1195 1904 13.

646 1917 749 1948 Ut‘ne
762 1916 816 1947 cui
831 1926 904 1947 mea
917 1915 1138 1956 longinquitas
1152 1926 1194 1946 ae-

645 1962 721 1990 tatis
749 1960 865 1990 obstet.
916 1958 999 1989 Hec.
1022 1958 1063 1989 iv.
1089 1959 1120 1995 2,
1143 1959 1194 1989 20.

645 2002 753 2044 Capiti
794 2008 891 2042 atque
931 2003 1021 2032 aetati
1055 2000 1195 2031 illorum.

647 2045 729 2076 Hec.
742 2044 789 2075 iii.
809 2045 837 2081 1,
854 2045 905 2075 54.
945 2043 1020 2074 Una
1034 2043 1121 2074 inter
1136 2053 1196 2074 nos

644 2097 741 2129 agere
754 2092 875 2118 aetaten
887 2086 992 2117 liceat.
1014 2086 1098 2117 Hec.
1115 2085 1149 2117 ii.
1166 2087 1195 2124 l,

648 2131 696 2161 10.
720 2129 838 2161 Ubivis
851 2129 998 2170 gentium
1010 2138 1106 2169 agere
1118 2134 1195 2159 aeta-

645 2178 712 2204 tem.
731 2172 815 2203 Hec.
830 2172 876 2203 iii.
896 2173 923 2209 1,
940 2173 971 2202 4.
1010 2171 1126 2212 Neque
1140 2171 1196 2202 ille

644 2216 705 2247 hoc
727 2215 836 2246 animo
858 2214 921 2246 erit
941 2218 1071 2251 atatem,
1090 2223 1196 2254 neque

644 2258 697 2300 pol
713 2264 750 2289 tu
767 2258 879 2289 eadem
894 2257 975 2288 istac
991 2262 1092 2287 aetate.
1112 2257 1194 2287 Hec.

644 2311 673 2332 v.
694 2303 722 2337 1,
740 2302 791 2331 20.
829 2300 900 2331 'rua
916 2299 1117 2341 praeterierat
1125 2300 1195 2339 jam

644 2344 684 2374 ad
700 2343 884 2374 ducendum
899 2347 985 2374 aetas.
1013 2342 1145 2372 Phorm.
1160 2341 1195 2372 ii.

644 2387 674 2423 3,
685 2386 736 2419 76.
760 2386 836 2416 Non
852 2385 1002 2416 manebat
1012 2390 1089 2415 aetas
1096 2384 1196 2425 virg-i-

644 2429 696 2460 nis
711 2438 815 2459 meam
833 2426 1077 2468 neclegentiam.
1099 2427 1195 2458 Phor.

644 2471 686 2502 iv.
705 2471 733 2508 1,
750 2473 780 2502 4.
826 2470 874 2501 Ut
894 2480 968 2501 cum
990 2479 1056 2500 uno
1075 2474 1196 2500 aetaeen

643 2514 784 2554 degeret.
809 2513 938 2544 Phorm.
951 2512 985 2543 ii.
1002 2513 1032 2548 3,
1046 2512 1097 2543 70.
1129 2512 1195 2542 Re-

643 2556 733 2597 spice
747 2561 868 2587 etatem
884 2561 981 2586 tuam.
1014 2554 1145 2585 Phorm.
1160 2554 1194 2585 ii.

644 2600 675 2636 3,
686 2599 737 2631 87.
754 2600 863 2630 AEtate
869 2597 977 2628 minus
988 2603 1196 2638 peccaturum

643 2643 779 2682 putem?
804 2641 859 2671 An
880 2650 954 2671 mea
974 2639 1079 2670 forma
1099 2646 1196 2680 atque

643 2689 720 2714 «ιω
732 2693 819 2714 nnnc
834 2682 938 2723 mag-is
950 2681 1194 2723 expetenda'st‘!

645 2726 775 2757 Phorm.
791 2735 822 2756 v.
839 2727 870 2762 8,
886 2726 928 2755 33
943 2732 977 2755 et
992 2725 1044 2755 35.

687 2767 821 2809 agellus]
835 2768 940 2808 Agelli
951 2773 1000 2797 est
1008 2765 1061 2797 hic
1070 2766 1132 2797 sub
1140 2776 1195 2797 ur·

644 2811 685 2842 be
698 2810 854 2852 paullum.
870 2809 1011 2850 Adelph.
1027 2819 1057 2839 v.
1076 2810 1106 2845 8,
1122 2809 1172 2839 26.

645 2851 1043 2934 ..ffiffssffiffis
1045 2861 1195 2935 3¹:331?

646 2937 731 2968 Eun.
748 2947 778 2968 v.
795 2938 825 2974 5,
840 2938 869 2968 2.
900 2938 1020 2978 Agr-un
1034 2936 1069 2967 in
1084 2935 1194 2978 proxi-

645 2990 699 3011 mo
714 2980 767 3011 hic
782 2985 944 3011 met-catus
959 2989 1005 3010 es.
1035 2979 1158 3010 Heaut.
1174 2978 1196 3010 i.

1231 1790 1318 1826 Quid
1347 1793 1427 1832 agis,
1463 1791 1561 1822 homo
1592 1791 1755 1832 inpudens
1766 1792 1782 1822 2

1232 1834 1317 1864 Eun.
1335 1833 1382 1864 iii.
1408 1834 1436 1870 1,
1453 1834 1506 1864 35.
1550 1832 1661 1864 Sicine
1689 1835 1786 1875 agie?

1232 1876 1317 1907 Eun.
1331 1876 1376 1907 iv.
1387 1875 1417 1913 7,
1428 1877 1479 1907 34.
1511 1875 1600 1910 Quid
1614 1885 1702 1907 nnnc
1714 1878 1784 1917 agi-

1230 1921 1321 1950 ms?
1343 1918 1428 1950 Eun.
1445 1918 1488 1949 iv.
1505 1917 1536 1955 7,
1552 1919 1604 1949 41.
1647 1918 1711 1949 Vel
1725 1929 1786 1950 rex

1230 1971 1360 2002 semper
1377 1970 1547 1992 maxumas
1565 1960 1647 1992 mihi
1660 1963 1785 2002 agebat,

1230 2003 1384 2045 quicquid
1405 2003 1556 2034 feceram.
1585 2003 1670 2034 Eun.
1686 2003 1734 2034 iii.
1752 2005 1782 2040 l,

1231 2047 1261 2077 8.
1307 2049 1374 2087 Age
1389 2046 1510 2087 inepte.
1532 2045 1617 2076 Eun.
1632 2045 1667 2077 ii.
1684 2047 1715 2084 3,
1731 2047 1785 2077 20.

1229 2091 1298 2130 Age
1321 2099 1418 2126 nunc,
1439 2088 1543 2120 belna.
1574 2088 1661 2120 Eun.
1684 2088 1728 2120 iv.
1752 2090 1784 2127 4,

1231 2131 1282 2164 37.
1321 2131 1461 2172 Magnas
1472 2141 1550 2162 vero
1561 2142 1653 2172 agere
1662 2131 1786 2172 gratias

1230 2174 1330 2206 'I'hais
1358 2173 1462 2205 mihi?
1501 2173 1588 2205 Eun.
1614 2173 1662 2205 iii.
1693 2174 1721 2212 1,
1755 2175 1785 2206 1.

1231 2217 1315 2248 Rem
1324 2216 1442 2248 seriam
1451 2215 1536 2247 velle
1544 2227 1636 2257 agere
1645 2226 1785 2249 mecum.

1231 2259 1316 2290 Eun.
1333 2259 1379 2290 iii.
1397 2260 1427 2296 3,
1443 2260 1474 2290 8.
1507 2260 1670 2296 Acm’st,
1685 2258 1786 2291 ilicet.

1232 2302 1317 2333 Eun.
1329 2302 1349 2333 i.
1366 2303 1394 2338 1,
1409 2302 1438 2333 9.
1477 2300 1693 2342 Desymbolis
1706 2301 1786 2342 qnid

1230 2346 1398 2376 aetum’se?
1414 2344 1500 2375 Eun.
1512 2343 1559 2374 iii.
1573 2345 1604 2381 5,
1613 2344 1666 2375 59.
1696 2343 1787 2380 Quia

1230 2399 1288 2428 aga
1309 2387 1419 2418 nunc?
1454 2387 1576 2418 Heaut.
1597 2385 1632 2417 ii.
1656 2387 1687 2424 8,
1712 2387 1784 2418 1⁰2.

1230 2430 1335 2465 Quam
1350 2439 1420 2460 rem
1482 2431 1491 2438 ’
1512 2432 1529 2460 2
1556 2428 1679 2460 Heaut.
1693 2428 1737 2461 iv.
1753 2430 1787 2468 4,

1234 2473 1282 2503 18.
1313 2440 1655 2523 Εοςιιίᾱῖἔψοηαοᾱ
1662 2471 1786 2503 dudum

1231 2516 1536 2598 zifffflozffitgxllss
1544 2513 1686 2597 ..³3:12
1693 2515 1786 2588 ’ἐέ’ωῆ

1230 2599 1405 2631 miniscar?
1445 2599 1566 2630 Heaut.
1603 2598 1647 2630 iv.
1679 2600 1716 2636 2,
1753 2598 1784 2633 7.

1230 2641 1446 2673 Tanmmdem
1462 2652 1530 2683 ago.
1554 2640 1676 2673 Heaut.
1691 2641 1735 2672 iv.
1752 2643 1784 2679 2,

1233 2685 1282 2715 ll.
1316 2683 1391 2715 vide
1407 2684 1522 2733 Notas:
1566 2683 1683 2716 Metuo
1706 2684 1785 2725 quid

1229 2726 1593 2810 2ffiss322235213
1605 2726 1786 2810 aas

1230 2821 1335 2852 neque
1368 2812 1490 2843 bonnm
1525 2816 1623 2852 atque
1658 2821 1786 2852 aquom

1229 2854 1360 2885 sciunt?
1384 2853 1506 2885 Heaut.
1518 2853 1563 2885 iv.
1574 2855 1666 2891 1,29.
1700 2854 1786 2886 Cum

1230 2907 1296 2927 uno
1309 2902 1437 2928 aetatem
1558 2896 1638 2928 viro.
1662 2897 1785 2928 Heaut.

1230 2939 1264 2970 ii.
1281 2940 1312 2977 4,
1330 2939 1380 2970 12.
1429 2939 1507 2971 Non
1531 2949 1620 2971 nunc
1645 2939 1787 2981 pecunia

1231 2983 1347 3023 σείων.
1369 2981 1492 3013 Heaut.
1507 2981 1554 3013 iii.
1571 2983 1602 3019 l,
1617 2981 1670 3014 67.
1703 2983 1786 3013 Aeta

57 3025 133 3063 Iapi,
157 3029 191 3054 et
217 3029 249 3054 te
275 3022 379 3060 Salus,
403 3032 446 3054 ne
467 3022 546 3063 quid
567 3022 627 3054 sit¹
648 3023 676 3060 1,
693 3024 722 3054 2.
761 3024 880 3064 Agr-ma
894 3021 930 3053 in
945 3021 1301 3063 hisregionibusghaec
1329 3033 1383 3056 res
1412 3030 1471 3056 est.
1529 3024 1651 3056 Heaut.
1679 3023 1726 3055 iii.
1754 3025 1785 3061 3,

765 3092 802 3111 ἐς

759 3106 794 3133 s..
