1852 3216
107 127 244 160 scmu
265 117 354 172 111.]
389 115 1324 164 HEAUTONTIMORUMENOS.

1529 123 1610 167 291

106 218 165 248 100
188 207 307 257 Quid
326 207 463 251 dixti?
512 207 590 251 Sr.
610 207 842 251 Ademtum
861 210 938 252 tibi
951 201 1041 266 jain
1061 210 1161 254 faxo
1179 203 1349 255 omnem
1363 217 1547 265 metum3

187 273 238 315 In
259 288 403 316 aurem
422 274 623 316 utramvis
643 274 779 317 otiose
797 281 846 317 ut
864 275 1062 319 dormias.

189 338 315 381 Cur.
338 339 457 387 Quid
477 354 558 395 ago
578 341 719 383 nunc?
768 340 900 384 ΟΜΝ.
923 341 1080 386 Tune?
1109 343 1213 399 quid
1232 343 1334 386 boni
1356 350 1436 387 est.
1487 343 1614 388 Cm'r.

274 403 396 460 Syre,
418 404 487 448 dic
506 406 633 448 modo

190 469 369 512 Verum.
420 469 498 513 SY.
521 470 619 527 Age
638 472 793 515 modo:
823 473 952 516 hodie
973 489 1083 526 sero,
1104 490 1153 518 ac
1173 475 1452 532 nequicquam
1471 474 1602 519 voles.

190 535 321 578 ΟΜΝ.
345 535 512 579 Datur:
543 536 685 580 fruare
704 538 806 580 dum
824 537 947 591 licet3
977 555 1072 583 nam
1091 542 1256 584 nescias

109 609 168 639 105
194 601 305 657 Ejus
327 602 381 643 sit
399 609 591 665 potestas
611 603 806 659 posthac,
827 620 881 647 an
900 620 1130 662 nunquam,
1151 607 1241 650 tibi.

191 667 316 710 C1.1'r.
340 667 464 723 Syre,
484 668 668 724 inquam.
720 669 797 713 SY.
821 670 960 727 Perge
980 687 1124 727 porro,
1145 680 1283 715 tamen
1304 673 1413 715 istuc
1433 687 1529 729 ago.

192 733 317 776 CL1'r.
342 733 506 776 Verum
529 733 672 777 hercle
702 735 811 778 istuc
840 744 934 780 est:
986 738 1108 794 Syre,
1140 738 1263 794 Syre,
1292 739 1478 794 inquam,
1507 738 1616 782 heus

274 798 382 841 heus
404 799 525 854 Syre.

191 865 268 907 SY.
288 864 532 908 concaluit:
563 865 667 921 quid
680 865 773 909 vis?
809 865 937 913 (ΒΗΤ.
953 867 1083 919 Redi,
1102 868 1209 911 redi.
1254 869 1334 918 SY.
1351 868 1535 921 Adsum,
1552 869 1621 913 dic

274 930 377 986 quid
394 937 460 973 est
470 932 490 973 ’ἐ

188 995 287 1038 Jam
305 995 388 1038 hoc
407 1010 579 1051 quoque
598 996 774 1052 negabis
791 996 868 1039 tibi
886 996 1070 1053 placere.
1122 998 1247 1041 Cm'r.
1269 999 1374 1051 lmo,
1397 999 1520 1056 Syre,

108 1070 168 1101 110
195 1060 257 1103 Et
275 1075 357 1111 me,
378 1067 422 1103 et
442 1075 582 1103 meum
600 1076 799 1113 amorem,
821 1069 864 1104 et
884 1062 1035 1105 famam
1055 1065 1255 1119 permitto
1276 1065 1366 1107 tibi.

188 1126 260 1170 Tu
280 1141 326 1169 es
341 1126 504 1182 judex:
535 1141 589 1169 ne
609 1127 712 1183 quid
731 1129 996 1171 accusandus
1018 1130 1090 1180 sis,
1112 1130 1222 1173 vide.

103 1230 214 1268 scribe,
234 1231 313 1268 huic,
335 1230 367 1261 h.
384 1240 412 1261 e.
436 1229 600 1262 Bacchidi.
639 1230 692 1263 Sic
714 1242 839 1273 quoque

104 1280 192 1305 extat
207 1273 240 1304 in
257 1273 326 1304 cod.
343 1273 506 1305 Meadino.
546 1274 630 1305 Tum
650 1274 721 1316 lege
737 1286 839 1306 revor-

105 1323 198 1348 tatur.
243 1317 329 1347 Nam
354 1316 524 1358 Antiphila
549 1327 614 1348 non
643 1324 748 1358 potest
776 1328 840 1349 una

103 1359 259 1400 intelligi;
280 1359 398 1400 alioqui
414 1359 521 1391 Clinia
535 1370 600 1391 non
617 1359 775 1392 tacuisset.
801 1361 838 1392 B.

150 1404 220 1434 101.
234 1404 270 1433 In
281 1414 383 1434 aurem
394 1402 555 1443 utramvis]
570 1403 655 1434 Loco
670 1403 840 1445 proverbii,

104 1446 138 1477 in
155 1456 218 1483 eos,
235 1445 287 1486 qui
305 1446 409 1477 securi
424 1452 457 1477 et
474 1445 566 1477 otiosi
589 1446 687 1478 vitam
709 1447 840 1481 ducunt.

104 1489 192 1520 Talis
207 1488 366 1520 sententia
381 1495 414 1520 et
427 1489 512 1531 apud
530 1489 754 1528 Menandrum,
771 1501 842 1531 quae

105 1532 221 1564 Latine
233 1532 278 1564 sic
288 1532 496 1574 exprimitur:
516 1534 554 1564 In
565 1544 667 1564 aurem
676 1539 840 1575 utramque,

104 1587 194 1617 quum
208 1577 324 1616 quidem
338 1577 442 1607 dotata
456 1581 511 1613 est,
523 1578 618 1608 cubet.
653 1577 717 1608 Per
731 1587 841 1609 aurem

104 1620 250 1650 dextram
272 1619 420 1650 dextrum
442 1618 526 1650 latus
547 1619 703 1661 designat,
719 1630 777 1661 per
796 1620 840 1652 si-

104 1662 238 1694 nistram
254 1672 329 1693 vero
344 1662 427 1693 latus
442 1662 616 1694 sinistrum.
647 1664 767 1695 C.--In
784 1676 839 1695 au-

103 1717 166 1737 rem
183 1704 344 1746 utramvis]
364 1705 502 1737 Basilius
522 1706 662 1747 Magnus
679 1706 755 1747 πρὸς
768 1706 842 1739 τοὺς

104 1747 202 1781 νέους·
217 1748 364 1788 ἐπ’ἄμφω
373 1747 562 1780 καθεύδουσι.
581 1749 683 1780 Plaut.
695 1750 842 1782 Pseudol-

104 1791 125 1823 i.
143 1793 169 1823 l.
189 1793 259 1823 121.
282 1794 329 1823 De
342 1793 440 1823 isthac
458 1803 490 1823 re
509 1794 541 1823 in
563 1794 676 1823 oculum
698 1796 845 1825 utrumvis

104 1837 310 1876 conquiescito.
351 1837 403 1866 Ca.
428 1836 551 1866 Oculum
569 1841 679 1873 uir-um,
694 1847 771 1867 anne
787 1848 843 1868 au-

103 1889 166 1909 rem
178 1881 194 1909 P
231 1880 283 1910 Ps.
306 1880 350 1910 At
370 1880 423 1909 hoc
440 1880 650 1919 pervulgatum
671 1884 716 1910 est
736 1881 843 1911 minue.

104 1921 370 1952 L.—Menander
385 1921 470 1963 apud
485 1921 637 1959 Gellium,
652 1921 685 1953 ii.
703 1923 755 1953 23.
777 1922 846 1954 Ἐπ’

104 1963 282 2005 ἀμφοτέραν
295 1964 334 1996 ἵν’
351 1964 510 2003 ἐπίκλινης
519 1964 549 2003 ἦ,
560 1963 688 2004 μέλλων
697 1966 843 2004 καθευδή-

105 2019 181 2039 σειν.
218 2008 269 2039 Ita
285 2018 342 2039 nos
356 2007 462 2039 locum
473 2014 659 2050 corruptum
672 2009 846 2041 emendan-

104 2051 180 2086 dum
195 2061 372 2082 censemus.
404 2051 440 2082 Z.

150 2095 219 2126 102.
245 2094 328 2129 Quid
343 2105 401 2135 ago
420 2105 498 2126 nunc
509 2093 542 2135 ?]
564 2093 691 2126 Dubius
710 2100 742 2126 et
759 2094 844 2127 circa

127 2137 255 2175 oricula,
276 2144 308 2169 et
329 2137 414 2169 circa
435 2137 579 2175 amicam,
601 2137 715 2178 quaerit
737 2139 842 2171 consi-

104 2147 192 2212 iium.
234 2183 319 2215 Quod
334 2183 400 2211 bom'
414 2181 476 2222 est]
497 2181 582 2213 Nam
603 2183 670 2213 boni
690 2187 739 2213 est
760 2182 844 2214 velle

104 2224 273 2257 abscedere
292 2223 426 2255 lascivas
446 2224 606 2256 mulieres.
644 2225 689 2256 Et
709 2225 770 2256 hoc
792 2232 841 2257 to-

105 2274 173 2298 tum
188 2267 266 2299 dicit
280 2267 415 2299 ridendo
438 2278 520 2299 eum.
552 2268 720 2300 C.—-Tune
733 2271 750 2300 ?
771 2271 845 2309 quid

107 2309 190 2352 boni]
218 2310 355 2342 Praecisa
391 2311 458 2342 haec
495 2311 597 2342 oratio
624 2311 736 2342 ordine
764 2311 841 2343 tali:

109 2353 219 2387 Tune?
252 2356 331 2395 quod
357 2356 424 2385 boni
449 2359 504 2392 est,
520 2353 644 2395 fruare,
666 2356 736 2386 dum
763 2357 843 2387 licet.

107 2395 232 2428 Rursus
253 2396 316 2428 alia
334 2397 486 2438 praecisa:
517 2399 600 2429 Nam
623 2398 756 2439 nescias]
777 2400 842 2430 Cu-

102 2439 157 2478 jus
171 2439 248 2471 ordo
260 2446 325 2476 est;
349 2440 414 2480 ejus
428 2443 470 2472 sit
478 2446 621 2481 potestas,
629 2444 755 2482 posthac
766 2453 843 2474 mm-

106 2493 204 2522 quam.
235 2482 274 2514 E.

153 2526 223 2556 103.
238 2527 305 2566 Age
315 2525 414 2567 modo]
428 2526 480 2558 Sic
494 2527 771 2568 pronunciandum
785 2535 843 2568 est,

106 2574 144 2599 ut
165 2567 264 2610 Syrus
285 2568 436 2607 discedat,
457 2576 491 2601 et
510 2570 596 2602 dicat
616 2571 728 2603 amicae
748 2571 842 2603 Cliti-

107 2611 233 2652 phonis,
263 2617 300 2643 ut
326 2611 456 2644 domum
484 2620 670 2645 revertatur.
715 2617 763 2646 Ac
790 2627 842 2647 ne-

106 2653 280 2695 quicquam]
306 2654 345 2686 Id
367 2661 424 2692 est,
442 2655 560 2687 frustra
580 2657 677 2695 voles,
693 2657 843 2699 quoniam

106 2697 215 2728 statim
230 2697 394 2729 revocabis
408 2698 613 2738 voluntatem,
629 2708 663 2731 et
677 2700 843 2742 impedies,

106 2750 170 2781 quo
185 2740 291 2772 minus
311 2740 415 2772 dicam
434 2751 555 2779 verum,
570 2748 607 2773 ut
622 2742 714 2784 prius
729 2743 843 2776 fecisti.

106 2783 168 2815 Vel
183 2784 211 2815 si
227 2795 262 2815 ne
275 2790 308 2815 et
322 2786 479 2825 quicquam
491 2784 557 2816 sint
570 2784 634 2816 duo
646 2787 752 2824 verba,
769 2793 845 2819 tunc

106 2826 152 2859 sic
174 2834 332 2865 construe,
349 2838 385 2858 ac
406 2838 452 2864 ne,
474 2827 495 2858 i.
519 2837 546 2858 e.
568 2838 632 2860 non
657 2829 753 2867 voles,
780 2840 845 2862 non

130 2870 283 2908 ermittes,
315 2873 471 2911 quicquam
499 2870 621 2903 scilicet
651 2871 714 2903 dici
742 2883 761 2904 a
784 2884 844 2905 me.

106 2881 192 2944 {Iam
209 2913 374 2956 impedies,
392 2921 427 2945 ut
442 2914 541 2956 prius.
573 2915 609 2946 C.

152 2958 220 2988 106.
245 2959 329 2998 Syre,
352 2957 488 2999 inquam]
524 2958 649 2990 Interea
679 2959 777 3000 Syrus
807 2960 845 2991 ad

882 1231 1032 1264 mulieres
1054 1243 1089 1264 se
1115 1233 1307 1272 conferebat,
1329 1244 1424 1275 quem
1449 1234 1620 1267 abeuntem

882 1275 1025 1318 Clitipho
1037 1276 1141 1318 primo
1154 1276 1318 1318 paululum
1334 1284 1479 1315 revocat3
1503 1277 1620 1310 deinde

882 1317 953 1360 ipso
970 1319 1147 1351 calescente
1166 1320 1269 1361 magis
1286 1330 1322 1351 ac
1338 1321 1440 1362 magis
1454 1331 1572 1360 amore,
1588 1327 1622 1353 et

883 1361 964 1402 Syro
988 1369 1153 1404 pergente,
1176 1363 1456 1395 vehementissime
1481 1370 1621 1396 revocat.

885 1406 969 1445 Syre,
979 1405 1117 1447 inquam]
1130 1405 1271 1447 Trepide
1284 1406 1399 1448 Syrum
1414 1414 1543 1439 revocat
1553 1409 1622 1448 jam

884 1447 1100 1481 decedentem.
1126 1451 1236 1481 Tamen
1247 1451 1325 1481 istuc
1336 1450 1410 1492 ago]
1422 1451 1517 1486 Quod
1527 1451 1623 1493 coepi,

884 1490 1006 1523 scilicet
1017 1498 1052 1523 ut
1064 1492 1167 1524 dicam
1179 1492 1298 1532 amicae,
1310 1500 1347 1524 ut
1358 1494 1487 1525 domum
1501 1494 1622 1527 redeat.

929 1578 998 1611 107.
1026 1580 1133 1610 Verum
1148 1580 1245 1611 hercle
1259 1581 1337 1611 istuc
1351 1578 1412 1621 est]
1430 1580 1538 1612 Verba
1551 1590 1621 1613 cre-

883 1620 951 1652 duli
967 1628 999 1653 et
1016 1622 1134 1664 trepidi
1150 1622 1296 1661 amantis,
1313 1629 1346 1654 et
1366 1623 1541 1655 concedere
1562 1634 1622 1655 no·

883 1663 980 1695 lentis
996 1665 1084 1706 Syro,
1101 1671 1137 1696 ut
1151 1665 1236 1707 quod
1257 1666 1460 1698 constituerit
1479 1673 1622 1709 peragat.

884 1708 1066 1739 C.—Totus
1077 1709 1166 1741 locus
1177 1709 1223 1740 sic
1236 1716 1285 1741 est
1293 1709 1536 1742 constituendus
1547 1710 1623 1742 inde

886 1760 906 1782 a
918 1761 1013 1783 versu
1031 1752 1099 1783 102.
1137 1754 1207 1783 Clit.
1224 1753 1311 1788 Quid
1325 1763 1385 1794 ago
1400 1755 1507 1784 nunc?
1544 1756 1623 1786 Clin-

886 1793 1005 1825 Tune?
1036 1795 1121 1836 quod
1142 1795 1334 1827 boni-cm.
1355 1797 1444 1837 Syre,
1460 1797 1511 1828 dic
1528 1797 1624 1828 modo

887 1837 1018 1869 Verum.
1052 1840 1120 1879 Syr.
1138 1839 1210 1880 Age
1231 1839 1344 1870 modo:
1376 1839 1471 1870 hodie
1492 1850 1565 1871 sero
1586 1850 1624 1872 ac

887 1880 1097 1922 nequicquam
1112 1881 1209 1913 voles.
1244 1883 1323 1913 Clin.
1343 1882 1387 1913 Di
1403 1882 1492 1920 dant,
1506 1883 1623 1922 fruare,

888 1923 965 1954 dum
980 1923 1075 1955 licet:
1101 1934 1176 1955 nam
1196 1924 1437 1957 nescias—Clit.
1460 1926 1550 1967 Syre,
1571 1926 1625 1965 in-

888 1976 992 2006 quam.
1016 1969 1085 2008 Syr.
1098 1967 1200 2009 Perge
1215 1978 1320 2010 porro,
1333 1974 1440 2000 tamen
1455 1968 1538 2001 istuc
1553 1979 1624 2011 ago.

890 2011 967 2041 Clin.
991 2010 1071 2051 Ejus
1092 2010 1135 2042 sit
1155 2017 1296 2052 potestas
1316 2012 1459 2053 posthac,
1475 2022 1517 2044 an
1538 2022 1622 2044 nun-

888 2063 982 2094 quam
998 2054 1066 2085 tibi.
1106 2055 1177 2086 Clit.
1197 2055 1320 2086 Verum
1337 2055 1444 2086 hercle
1465 2054 1548 2087 istuc
1563 2061 1623 2088 est.

887 2096 976 2138 Syre,
992 2096 1082 2138 Syre,
1098 2097 1237 2138 inquam,
1253 2098 1332 2129 heus
1347 2098 1426 2130 heus
1442 2099 1530 2140 Syre.
1552 2099 1623 2130 Ad-

885 2139 952 2170 didi
969 2147 1157 2172 notam—-ut
1178 2141 1275 2172 verba
1296 2140 1411 2173 Cliniae
1432 2141 1624 2192 interrumpi

885 2182 1070 2221 indicarem,
1093 2190 1255 2225 totamque
1279 2185 1348 2224 ejus
1374 2185 1550 2216 orationem
1576 2195 1624 2217 mc

885 2233 1032 2268 oportere
1047 2226 1247 2258 continuari:
1283 2229 1369 2261 Quod
1391 2230 1457 2259 bom·
1478 2230 1522 2259 Di
1539 2230 1626 2267 dant,

877 2268 989 2309 fruare
1004 2272 1073 2301 dum
1088 2272 1158 2302 licet
1170 2283 1181 2302 .-
1203 2282 1272 2302 nam
1286 2273 1410 2310 nescias,
1425 2271 1491 2313 ejus
1508 2273 1550 2303 sit
1566 2283 1623 2312 po-

887 2317 980 2344 testas
991 2316 1117 2353 posthac
1131 2325 1171 2345 an
1185 2325 1335 2355 nunquam
1351 2317 1417 2346 tibi.
1446 2315 1484 2346 Β.

932 2357 1002 2387 108.
1028 2356 1200 2398 concaluit]
1226 2358 1315 2389 Bene
1336 2357 1377 2389 de
1396 2368 1503 2389 amore
1517 2369 1622 2391 coneu-

887 2401 954 2430 lut’ae.
994 2400 1033 2431 In
1050 2400 1218 2438 Eunucho,
1233 2402 1350 2432 Accede
1365 2403 1407 2432 ad
1419 2403 1518 2442 ignem
1536 2403 1624 2440 hune,

879 2442 949 2483 jam
964 2445 1090 2475 calesces
1101 2446 1171 2484 plus
1184 2446 1270 2475 satis.
1310 2444 1481 2486 Cone-aluit]
1505 2444 1545 2476 Id
1564 2450 1624 2484 est,

887 2486 1005 2518 amoris
1045 2486 1120 2528 igne
1156 2487 1303 2524 ardescit,
1341 2493 1535 2530 quapropter
1571 2497 1624 2520 me

886 2529 932 2561 sic
958 2529 1128 2561 revocavit.
1171 2530 1304 2571 Adsum]
1328 2531 1401 2562 Hoc
1425 2530 1515 2569 dicit,
1534 2536 1625 2573 post-

886 2583 981 2613 quam
996 2573 1162 2614 paululum
1175 2574 1281 2611 rediit,
1296 2584 1333 2605 ac
1347 2584 1448 2616 prope
1465 2574 1625 2616 Clitipho-

886 2626 961 2647 nem
986 2616 1055 2647 fuit.
1093 2616 1350 2658 C.—C‹mcalm‘t]
1381 2617 1494 2649 Calore
1519 2617 1626 2650 subito

886 2659 1063 2691 concitatus
1079 2666 1136 2691 est.
1170 2660 1208 2691 E.

931 2703 1002 2734 111.
1018 2704 1068 2734 Ne
1082 2704 1156 2743 quid
1170 2702 1370 2744 accusandus]
1384 2705 1433 2735 Ne
1443 2706 1525 2746 quid,
1534 2703 1626 2737 deest

886 2747 922 2777 ob
941 2745 993 2776 vel
1006 2751 1139 2786 propter.
1178 2746 1224 2777 Et
1243 2753 1292 2777 est
1310 2746 1486 2779 admonitio
1503 2746 1626 2789 aliqtfld

887 2788 982 2820 alicui
1021 2788 1146 2830 trepide
1179 2789 1416 2822 committentis.
1460 2791 1626 2823 C..—Cum

888 2831 1022 2873 intelligi
1064 2840 1210 2872 nequeat,
1249 2833 1406 2874 quomodo
1443 2833 1543 2876 Syrus
1583 2834 1627 2866 sit

881 2875 989 2915 judex,
1012 2880 1068 2906 aut
1088 2885 1146 2906 cur
1167 2877 1275 2914 videat,
1300 2887 1341 2909 ne·
1357 2880 1542 2909 accusandus
1562 2880 1626 2914 sit,-

890 2918 960 2958 quis
976 2918 1061 2949 enim
1077 2928 1225 2950 accusare
1244 2919 1326 2951 solet
1341 2919 1484 2961 judicem
1503 2931 1596 2952 suum
1610 2922 1624 2951 2

890 2971 948 3002 pro
962 2961 1061 3001 judex
1082 2962 1302 3002 reponendum
1322 2974 1392 2996 esse
1409 2964 1557 2996 existimo
1577 2966 1624 2995 in-
