1852 3216
82 133 223 163 semu
243 119 340 175 v11.]

662 117 1012 163 ADELPHI.

1520 118 1605 161 437

138 210 369 252 Facturum
388 211 536 261 credo,
554 218 606 254 ut
623 210 785 253 habeas
803 210 976 266 quicum
995 209 1191 252 cantites.

138 275 222 317 M1.
242 276 332 318 Cur
361 278 476 318 non?
526 276 615 319 DE.
641 276 704 319 Et
721 291 833 318 nova
850 283 987 331 nupta
1006 275 1157 317 eadem
1184 274 1280 317 haec
1299 273 1466 316 discet?
1515 272 1602 317 Μῐ.

222 341 407 384 Scilicet.

138 405 225 449 DE.
249 407 322 449 Tu
341 408 452 450 inter
471 423 545 450 eas
564 408 710 450 restim
729 407 911 449 ductans
932 406 1122 448 saltabis.

1175 405 1259 448 Ml.
1282 405 1440 448 Probe.

81 481 121 511 35
139 472 228 514 ΒΕ.
239 473 408 515 Probe?
430 473 481 515 M
486 484 514 515 1.
527 473 588 515 Et
600 482 649 516 tu
663 473 884 515 nobiscum
898 487 999 523 una,
1010 473 1045 514 si
1058 488 1167 528 opus
1182 473 1251 514 sit.
1274 472 1365 514 DE.
1375 471 1463 514 Hei
1475 470 1602 513 mihi!

137 538 241 581 Non
260 546 303 580 te
322 538 415 581 haec
434 540 629 595 pudent?
679 538 763 581 M1.
785 538 884 580 Jam
899 553 1000 580 vero
1018 539 1179 588 omitte,
1202 538 1384 587 Demea,

137 603 279 646 Tuam
297 606 433 647 istanc
452 606 739 656 iracundiam3
770 612 914 660 atque,
934 605 995 646 ita
1013 604 1078 646 uti
1096 604 1237 654 decet,

79 716 130 753 de,
147 715 206 756 ut),
223 723 255 747 te
264 715 422 747 facturum
434 716 540 752 credo,
556 723 593 747 ut
606 716 735 753 habeas,
748 715 820 757 qui-

79 770 153 790 cum
174 760 319 790 cantites.
357 760 432 801 lpse
454 770 489 790 se
511 759 603 796 fallit,
626 770 691 790 non
713 759 820 800 inqui-

79 803 180 834 rendo
204 802 388 834 ulteriorem
415 804 601 852 (interiorem
629 803 692 834 Ms.
719 803 763 833 Η.
789 808 822 833 et

80 846 136 884 B.)
152 856 280 877 causam
302 852 436 877 retentae
456 846 491 877 in
514 845 609 876 domo
632 845 820 877 meretricis.

81 889 167 920 Mire
195 896 303 920 autem
330 891 480 920 cantius.-
502 889 593 930 quasi
621 888 747 930 turpius
776 888 820 919 sit

79 939 210 963 cantare
225 943 336 963 senem
357 943 429 964 cum
445 931 586 974 psaltria,
609 942 704 972 quam
721 931 817 962 coire.

81 976 121 1006 D.
124 975 324 1007 -Meliores
339 975 439 1006 nostri
462 975 508 1006 ita
527 974 694 1012 couocant‚
716 977 759 1006 Ut
772 977 817 1006 vi-

79 1021 134 1050 deo
149 1022 231 1050 triam
242 1031 295 1060 ego
310 1021 463 1059 ineptiam.
490 1019 527 1049 Β.

123 1063 173 1092 32.
187 1062 313 1096 Quicum
328 1060 472 1102 comites]
488 1061 654 1092 Amatoria
670 1060 820 1092 videlicet

78 1105 203 1136 cantica
228 1113 261 1136 et
286 1105 477 1141 meretricia,
501 1104 607 1145 qualia
633 1111 726 1136 erant
748 1115 819 1145 quae

79 1149 192 1180 Graece
206 1148 338 1188 λοκρικὰ
352 1148 482 1190 proprie
497 1148 694 1186 dicebantur,
710 1148 753 1179 id
758 1154 817 1185 est,

78 1192 240 1232 τορνιδιων
261 1193 385 1229 σκόλια,
406 1202 447 1234 ap
448 1191 492 1222 ud
507 1191 640 1233 Aristop
642 1191 672 1222 h.
694 1191 728 1222 in
750 1191 816 1222 Ra-

78 1235 147 1271 nis;
169 1235 219 1265 vel
234 1234 364 1274 πορνικὰ
386 1203 521 1274 ἅσματα,
538 1234 735 1276 Cyrill.rep1
751 1233 817 1274 ἐξό-

78 1279 134 1309 δου
147 1279 269 1318 ψυχῆς.
287 1278 375 1309 velut
390 1278 478 1310 illius
489 1278 559 1309 odae
571 1287 646 1320 pars
655 1285 713 1314 est,
723 1288 818 1318 quam

78 1321 112 1353 in
128 1332 199 1352 eam
211 1332 277 1353 rem
296 1321 472 1352 Athenaeus
486 1321 596 1352 laudat
612 1321 746 1362 Dipnos.
763 1321 817 1352 lib.

79 1375 131 1396 xv.
170 1365 240 1395 Nec
271 1364 334 1395 alia
354 1364 415 1395 fuit
438 1365 610 1405 bubsequae
637 1363 819 1405 Virgiliani,

79 1407 284 1448 quantumvis
306 1407 437 1447 ἂγροικὴ
458 1407 628 1444 cantilena,
654 1406 689 1438 in
709 1407 819 1448 Eclog.

78 1451 100 1482 i.
117 1453 147 1482 5.
164 1453 334 1482 Formosam
358 1462 495 1482 resonare
518 1453 603 1482 doces
626 1452 822 1491 Amaryllida

78 1496 179 1535 sylvas
192 1508 202 1525 .·
226 1501 259 1525 et
279 1493 320 1525 de
335 1504 398 1535 qua
414 1494 580 1531 Horatius,
597 1494 699 1534 Satyr.
716 1494 738 1524 i.
756 1494 819 1525 Ec-

80 1537 141 1578 log.
159 1539 189 1568 5.
210 1538 468 1568 15.—absentem
494 1543 528 1568 ut
554 1542 658 1568 cantat
683 1539 819 1574 amicam,

78 1582 182 1611 Multa
201 1582 340 1620 prolutus
363 1591 461 1620 vappa
482 1586 587 1616 nauta,
602 1586 693 1620 atquc
713 1583 819 1611 viator.

78 1625 160 1660 Quae
174 1624 272 1655 etiam
294 1622 445 1662 θνμελικὰ
459 1623 587 1661 &aava
600 1634 619 1654 a
635 1623 756 1664 Cyrillo
771 1623 820 1654 di-

79 1674 214 1698 cuntur:
252 1677 326 1698 nam
362 1665 405 1698 εἷς
434 1666 573 1705 θυμέλην
600 1666 669 1698 sive
691 1677 821 1698 scenam

79 1710 208 1752 prodire
238 1710 325 1741 soliti
359 1709 501 1746 fuerunt,
533 1709 588 1750 qui
624 1717 821 1752 spectatores

80 1754 236 1794 ejusmodi
252 1753 422 1784 cantilenis
437 1763 508 1784 assa
520 1764 598 1784 voce
611 1753 817 1784 oblectarent.

82 1797 203 1828 Macer.
236 1797 262 1827 1.
279 1796 316 1827 C.
339 1796 394 1827 lib.
410 1796 498 1827 xxiv.
519 1796 551 1827 fl:
578 1796 619 1827 ad
642 1796 679 1827 L.
697 1796 762 1827 Jul.
779 1797 819 1827 de

80 1840 178 1871 adult.
210 1839 342 1871 Atenim
363 1839 527 1870 amatoriis
553 1839 723 1871 cantilenis
745 1850 819 1870 cum

79 1884 168 1921 alias,
186 1890 253 1914 tum
278 1882 417 1913 maxime
439 1882 516 1913 vino
537 1882 760 1919 incalescente,
783 1889 820 1913 ut

80 1927 177 1959 etiam
194 1937 279 1957 nunc
294 1936 380 1967 saepe
392 1926 462 1956 fieri
477 1932 573 1962 amat,
583 1925 731 1957 convivia
744 1935 818 1979 per-

80 1971 275 2012 strepebant.
308 1969 448 2000 Basilius
462 1969 531 2010 περὶ
545 1967 741 2007 μεθυόντωνε
763 1967 819 2008 γέ-

81 2019 182 2045 λωτες
216 2025 279 2053 παρ
317 2012 509 2053 ἀμφοτέρων,
537 2012 663 2051 ᾅσματα
693 2011 819 2052 αἰσχρὰ,

82 2056 236 2097 σχήματα
261 2055 399 2096 πορνικὰ,
423 2054 599 2095 ἐρεθίζονται,
620 2057 696 2095 πρὸς
722 2055 820 2086 ἀσελ-

80 2099 179 2138 ydor.
204 2099 353 2131 Juvenal.
376 2098 499 2129 Satxi.
529 2099 597 2131 171.
624 2100 676 2129 ille
691 2098 822 2138 fruatur

86 2144 212 2174 Vocibus
221 2145 374 2180 obscoenis,
386 2145 521 2182 omnique
535 2144 672 2173 libidinis
686 2148 773 2172 arte.-
790 2150 823 2172 et

81 2197 152 2227 quae
166 2193 361 2227 sequuntur:
387 2185 439 2217 ubi
458 2185 519 2216 vid.
537 2185 703 2216 Scholiast.
736 2185 772 2215 L.

125 2231 176 2260 33.
202 2231 246 2261 Et
271 2241 346 2260 nova
370 2234 465 2268 nupta
489 2231 592 2260 eadem
619 2231 682 2260 haec
708 2227 821 2269 discet]

82 2272 177 2304 Alius
198 2272 368 2304 subaudiet
387 2274 487 2303 dicere
508 2273 660 2312 (Psallere
680 2273 820 2309 subaudi,

81 2321 112 2347 et
125 2319 228 2347 restim
242 2315 376 2356 ducere).
421 2315 484 2346 Sed
499 2326 520 2346 o
535 2326 656 2364 magna·
665 2315 699 2346 in
716 2315 822 2346 verbis

82 2358 258 2400 elegantia!
291 2358 364 2390 vide
386 2359 472 2390 enim
503 2369 598 2399 quam
627 2359 693 2389 vim
718 2358 819 2399 signi·

82 2402 158 2433 ficet
178 2404 294 2433 discet.-
316 2408 349 2433 et
372 2402 446 2433 ideo
468 2412 533 2433 non
557 2413 641 2438 uxor,
748 2413 822 2432 nova

82 2450 187 2484 napea,
196 2455 291 2486 quam
300 2445 341 2475 ad
350 2445 458 2476 omnia
469 2445 606 2476 docilem
617 2455 698 2482 esse,
713 2445 820 2486 ipsum

83 2487 205 2519 indicat
218 2498 345 2519 nomen.
377 2488 542 2519 D.—Non
556 2489 616 2519 hoc
638 2499 697 2530 per
719 2487 819 2519 inter-

83 2531 282 2571 rogationem
303 2530 443 2569 effertur,
466 2532 522 2562 sed
544 2532 733 2563 affirmative
762 2541 821 2573 per

83 2574 283 2609 irrisionem;
306 2581 343 2604 ut
357 2585 463 2615 supra,
480 2574 513 2605 ii.
546 2575 583 2605 B.

127 2619 178 2647 34.
199 2618 244 2647 Tu
259 2619 339 2648 inter
351 2629 403 2648 eas
416 2620 520 2648 reatin
534 2620 661 2649 ductans
675 2616 820 2658 saltabis]

85 2661 190 2691 Lusus
212 2667 262 2691 est
283 2666 378 2691 natus
399 2661 439 2691 ab
460 2670 500 2691 eo
520 2660 607 2697 fune,
629 2671 692 2701 quo
718 2660 822 2691 intro-

83 2704 198 2736 ductus
214 2713 316 2743 equus
339 2703 462 2734 Durius
477 2704 586 2744 (equus
607 2705 724 2744 ligneus
740 2703 820 2734 Mss-

82 2754 117 2778 ει
137 2746 208 2778 edd.
232 2745 354 2786 vett.)
345 2756 380 2777 ιη
402 2746 532 2786 Trojam
554 2753 612 2783 est,
634 2756 707 2777 cum
729 2746 823 2778 nexis

83 2792 237 2830 (connais
252 2789 302 2821 ed.
326 2790 382 2820 Du
406 2789 462 2832 B.)
476 2789 624 2820 manibus
642 2788 728 2826 fune,
744 2789 822 2820 cho·

83 2844 155 2865 rum
170 2833 293 2864 ducunt
307 2833 470 2864 saltantes.
510 2832 584 2863 Hoc
599 2842 619 2862 a
632 2831 823 2872 quibusdam

81 2876 209 2913 dicitur,
239 2877 297 2907 scd
326 2886 386 2917 ego
414 2883 503 2917 puto,
529 2885 628 2906 manu
656 2881 822 2906 consertos

81 2920 196 2951 choros
205 2919 392 2968 puellarum
395 2919 637 2967 puellarumque
643 2925 820 2955 cantantes,

82 2965 183 2995 restim
206 2965 314 2995 ducere
342 2962 536 2994 existimari:
561 2970 593 2994 et
621 2961 655 2993 id
681 2961 826 3002 maxime·

863 715 1036 747 convenire
1058 715 1099 746 ad
1121 715 1348 756 exagitandum
1376 714 1604 758 importunita-

863 765 928 790 tem
945 759 1040 796 senis,
1058 758 1158 790 veluti
1170 769 1288 800 pueros
1303 758 1469 790 imitantis.
1501 758 1606 790 Simul

864 801 963 833 etiam
986 802 1062 843 quia
1086 802 1148 833 iste
1173 812 1338 833 connexus
1361 812 1515 833 manuum
1539 802 1604 833 las-

864 845 955 876 civus
986 855 1023 876 ac
1052 845 1202 886 petulans
1232 845 1346 876 adimit
1377 845 1605 876 discretionem

862 888 1067 924 conditionis,
1080 887 1257 928 dignitatis,
1273 888 1387 926 aetatis,
1400 888 1487 920 inter
1498 898 1603 920 mere-

862 931 984 968 tricem,
1014 941 1131 962 novam
1159 938 1303 972 nuptam,
1328 938 1361 962 et
1388 942 1508 963 senem.
1560 931 1605 963 Et

861 974 931 1011 hoc,
947 974 1215 1015 quemadmodum
1227 974 1349 1005 dictum
1362 981 1429 1006 est:
1453 981 1486 1006 et
1500 985 1603 1016 quan-

861 1023 895 1048 to
917 1018 1081 1049 stomacho
1101 1018 1169 1057 jam
1194 1018 1234 1048 ab
1259 1017 1415 1048 AEschino
1442 1028 1605 1049 recessum

862 1067 921 1098 est,
944 1067 977 1092 et
1004 1060 1175 1092 transitum
1202 1060 1243 1091 ad
1268 1060 1422 1092 Micionis
1442 1061 1605 1092 luxuriam

861 1103 1114 1135 describendam.
1147 1104 1349 1134 D.—Restim
1364 1106 1493 1135 ductans
1506 1106 1604 1135 salta—

863 1147 926 1188 bis]
951 1148 1064 1178 Genus
1085 1146 1222 1178 saliendi
1244 1147 1304 1179 hoc
1328 1154 1465 1178 tractum
1486 1157 1506 1178 a
1520 1147 1603 1178 Tro-

857 1191 954 1231 janis,
970 1191 1024 1232 qui
1038 1201 1112 1222 cum
1127 1190 1237 1221 funem
1259 1197 1417 1228 tenerent,
1435 1197 1468 1222 et
1485 1201 1605 1231 equum

861 1234 1111 1270 introducerent,
1135 1234 1181 1265 sic
1202 1234 1371 1265 saltabant.
1402 1234 1605 1265 E.—Restim

862 1276 1006 1318 ductans]
1024 1277 1128 1308 Fuere
1146 1277 1310 1308 veteribus
1330 1277 1364 1308 in
1379 1287 1441 1309 usu
1461 1277 1525 1309 duo

862 1320 1021 1351 tissimum
1056 1330 1175 1361 genera
1201 1320 1400 1358 chorearum,
1431 1320 1606 1362 bellicrepa

862 1363 931 1394 sive
960 1364 1106 1404 πυῤῥίχη,
1130 1370 1163 1394 et
1188 1363 1244 1394 illa
1272 1363 1462 1402 γελαστικὺ,
1484 1374 1548 1404 qua
1568 1364 1604 1395 in

864 1406 999 1437 theatris
1031 1414 1064 1437 et
1095 1405 1384 1437 comessationibus
1420 1407 1604 1438 utebantur.

865 1450 928 1481 Sed
966 1449 1138 1480 theatrales
1172 1449 1270 1480 variae
1304 1456 1416 1480 erant:
1456 1448 1607 1488 ἐιψέλεια

864 1493 950 1524 enim
965 1493 1108 1533 τραγικὴ,
1125 1491 1237 1533 κόρδαξ
1256 1492 1379 1532 κομικὴ,
1400 1492 1529 1525 σίκιννις
1543 1504 1603 1524 σα-

863 1535 989 1576 τυρική.
1012 1536 1261 1576 inventoresque
1276 1546 1386 1567 earum
1396 1536 1512 1577 Satyri.
1536 1537 1604 1567 Lu-

864 1580 976 1610 cianus
995 1579 1065 1619 περὶ
1081 1578 1262 1619 ὂρχήσεωςε
1285 1579 1327 1610 Οἱ
1345 1578 1500 1610 Διονύσου
1515 1578 1605 1620 θερά-

863 1634 986 1659 ποντες,
1003 1623 1033 1653 οἱ
1048 1621 1190 1663 Σάτυροι,
1206 1621 1324 1654 ταύτας
1339 1621 1532 1663 ἐφεύροννες,
1548 1622 1604 1663 εἶφ’

864 1667 967 1697 amfiw
990 1663 1130 1703 ἑκάστην
1150 1664 1323 1704 ὠνόμασαν.
1370 1666 1512 1706 Ideoque
1538 1666 1605 1697 Ar-

864 1710 974 1740 rianus
995 1708 1030 1739 in
1056 1708 1178 1740 Indicis
1199 1708 1347 1749 κόρδακα
1362 1709 1533 1750 σατυρικὴν
1547 1720 1606 1740 vo-

862 1759 924 1789 cat,
939 1754 1080 1791 γενικῶς,
1096 1762 1116 1783 a
1130 1759 1296 1794 repertore
1310 1754 1389 1793 ejus,
1406 1762 1471 1783 non
1487 1752 1543 1793 qui
1557 1752 1604 1783 sic

862 1806 882 1826 a
917 1795 1050 1835 reliquis
1086 1795 1344 1826 discriminaret:
1384 1795 1436 1826 καὶ
1470 1795 1606 1835 ὄρχησιν

864 1839 1016 1878 ἐκδίδαξαι
1039 1836 1250 1879 (Dionysius)
1265 1838 1326 1876 τὴν
1345 1838 1523 1878 σατυρικὴν,
1547 1838 1606 1869 τὸν

863 1880 1000 1922 κόρδακα
1010 1881 1068 1912 τὸν
1075 1883 1145 1921 παρ’
1152 1880 1296 1918 Ἕλλησι
1304 1881 1508 1919 καλούμενον.
1535 1881 1605 1912 Ita-

864 1935 926 1965 que
940 1927 1043 1955 restim
1058 1926 1166 1955 ducere
1186 1924 1339 1955 Terentio
1352 1930 1410 1960 est,
1425 1924 1511 1965 quod
1531 1923 1604 1965 κόρ-

864 1969 944 1999 δακα
972 1966 1079 1998 ἕλκειν
1107 1967 1274 2008 Aristoph.
1300 1974 1473 2008 utrumque
1502 1967 1604 1998 comi-

864 2021 947 2042 cum.
970 2010 1158 2050 eujusmodi
1169 2021 1247 2041 sane
1255 2010 1442 2041 saltationes
1453 2009 1605 2051 frequen·

865 2061 914 2085 tes
936 2053 1185 2084 introducuntur
1209 2053 1325 2084 fabulis
1345 2065 1354 2084 ε
1386 2053 1553 2095 Aristoph.
1568 2053 1605 2086 in

865 2097 963 2138 Vesp.
988 2097 1091 2128 Plaut.
1115 2097 1150 2127 in
1173 2096 1289 2128 Pseud.
1303 2107 1332 2127 v.
1351 2098 1379 2127 1.
1412 2096 1511 2128 Stich.
1526 2107 1556 2127 v.
1574 2098 1605 2129 2.

866 2148 898 2171 et
915 2139 1001 2171 alibi.
1036 2139 1175 2171 Vidend.
1200 2140 1320 2171 Athen.
1349 2140 1486 2181 Dipnos.
1510 2139 1565 2171 lib.
1581 2140 1604 2172 i.

867 2183 997 2225 Ulpian.
1023 2183 1058 2214 in
1085 2183 1231 2214 Demost.
1255 2183 1386 2224 Olynth.
1409 2184 1439 2214 2.
1478 2183 1604 2221 Pollux,

867 2226 1035 2258 Scholiast.
1051 2226 1219 2268 Aristoph.
1235 2225 1270 2257 in
1282 2226 1313 2257 N
1318 2226 1403 2257 ubib.
1418 2232 1452 2258 et
1463 2226 1604 2268 Etymol.

907 2315 958 2344 35.
976 2313 1047 2344 Etsi
1070 2312 1151 2344 illud
1174 2322 1231 2343 nn.
1258 2314 1357 2344 Probe
1378 2312 1413 2343 in
1436 2312 1549 2344 Bemb.
1571 2319 1607 2345 et

864 2357 989 2388 duobus
1010 2356 1128 2388 nostris
1151 2355 1327 2398 reperitur·
1352 2362 1460 2387 tamen
1482 2363 1532 2387 est
1552 2356 1605 2388 in·

865 2408 948 2442 epta,
966 2399 1104 2436 enervis,
1120 2406 1154 2430 et
1174 2399 1288 2441 putida
1301 2399 1461 2448 repetitio,
1477 2409 1536 2430 nec
1550 2410 1605 2431 re-

863 2443 961 2484 liquis
975 2442 1180 2480 conveniens,
1195 2453 1267 2483 quae
1280 2453 1354 2473 cum
1370 2442 1519 2473 irrisione
1533 2453 1604 2474 om-

864 2487 919 2518 nia
933 2486 1093 2518 dicuntur.
1138 2485 1272 2527 Corrige
1288 2485 1388 2526 igitur
1402 2495 1532 2517 versum
1546 2486 1604 2524 sic,

863 2532 908 2561 Ee
923 2535 987 2561 tute
998 2532 1158 2566 nobiseum,
1173 2535 1230 2560 ete.
1259 2529 1297 2559 Β.

907 2574 959 2604 36.
974 2575 1045 2604 Jam
1066 2584 1135 2604 vero
1155 2575 1267 2608 omitte,
1285 2570 1414 2612 Des-ea]
1439 2571 1527 2603 Mire
1547 2582 1604 2604 ur-

863 2617 1039 2648 banitatem
1062 2615 1221 2657 expressit
1243 2615 1328 2645 ultro
1351 2615 1424 2654 (non
1444 2617 1526 2646 ulem
1547 2615 1604 2656 Z.)

864 2659 1072 2700 objurgantis,
1109 2658 1165 2699 qui
1198 2659 1384 2699 objurgatus
1420 2665 1478 2689 est.
1517 2658 1606 2690 D.—

865 2703 988 2734 Versus
1010 2702 1124 2743 probat
1145 2701 1316 2733 lectionem
1333 2701 1424 2732 codd.
1446 2701 1604 2734 bonorum

864 2745 1012 2781 duorum,
1032 2747 1058 2776 Ο
1072 2747 1196 2776 Demea.
1228 2744 1267 2775 B.

908 2789 959 2822 37.
995 2790 1089 2819 Tuum
1125 2790 1223 2819 istanc
1257 2785 1468 2829 iracundian]
1507 2789 1603 2820 Tm

865 2835 964 2863 istanc
994 2830 1141 2868 dicendo,
1178 2837 1213 2862 et
1237 2830 1405 2862 ridiculam
1432 2839 1466 2862 et
1487 2841 1602 2873 super-

863 2885 997 2906 vacuam
1019 2874 1190 2916 sig-nificat.
1235 2874 1281 2905 Et
1293 2874 1377 2906 bene
1390 2875 1578 2906 iracundian
1589 2888 1618 2906 .·.

862 2928 938 2949 nam
953 2920 1011 2955 ira,
1027 2917 1068 2948 de
1082 2927 1179 2949 causa
1192 2924 1259 2949 est:
1282 2919 1442 2950 &amaia
1461 2917 1503 2950 dc
1522 2917 1602 2949 vitio

863 2961 1001 2993 multum
1014 2960 1193 2993 irascentis.
1227 2961 1267 2993 D.
