<?xml version="1.0" encoding="UTF-8"?>
<!DOCTYPE html PUBLIC "-//W3C//DTD XHTML 1.0 Transitional//EN"
    "http://www.w3.org/TR/xhtml1/DTD/xhtml1-transitional.dtd">
<html xmlns="http://www.w3.org/1999/xhtml" xml:lang="en" lang="en">
 <head>
  <title>
</title>
<meta http-equiv="Content-Type" content="text/html;charset=utf-8" />
  <meta name='ocr-system' content='tesseract 3.04.00' />
  <meta name='ocr-capabilities' content='ocr_page ocr_carea ocr_par ocr_line ocrx_word'/>
</head>
<body>
  <div class='ocr_page' id='page_1' title='image "./comoediaesex00tereuoft_0357.png"; bbox 0 0 1852 3216; ppageno 0'>
   <div class='ocr_carea' id='block_1_1' title="bbox 105 157 1622 215">
    <p class='ocr_par' dir='ltr' id='par_1_1' title="bbox 105 157 1622 215">
     <span class='ocr_line' id='line_1_1' title="bbox 105 157 1622 215; baseline -0.005 -10"><span class='ocrx_word' id='word_1_1' title='bbox 105 175 244 205; x_wconf 68' lang='lat' dir='ltr'><strong>sei-,NA</strong></span> <span class='ocrx_word' id='word_1_2' title='bbox 265 161 382 215; x_wconf 61' lang='lat' dir='ltr'>vnn]</span> <span class='ocrx_word' id='word_1_3' title='bbox 653 160 800 203; x_wconf 91' lang='lat' dir='ltr'><strong>EUN</strong></span> <span class='ocrx_word' id='word_1_4' title='bbox 812 159 899 203; x_wconf 87' lang='lat' dir='ltr'><strong>Uc</strong></span> <span class='ocrx_word' id='word_1_5' title='bbox 910 159 1064 203; x_wconf 90' lang='lat' dir='ltr'><strong>HUS.</strong></span> <span class='ocrx_word' id='word_1_6' title='bbox 1538 157 1622 199; x_wconf 73' lang='lat'><strong>255</strong></span> 
     </span>
    </p>
   </div>
   <div class='ocr_carea' id='block_1_2' title="bbox 164 245 1625 373">
    <p class='ocr_par' dir='ltr' id='par_1_2' title="bbox 164 245 1625 373">
     <span class='ocr_line' id='line_1_2' title="bbox 164 245 1625 358; baseline -0.004 -65"><span class='ocrx_word' id='word_1_7' title='bbox 164 252 248 294; x_wconf 76' lang='grc' dir='ltr'><strong>ΡΗ.</strong></span> <span class='ocrx_word' id='word_1_8' title='bbox 270 250 392 358; x_wconf 37' lang='lat' dir='ltr'><strong>{Uihil</strong></span> <span class='ocrx_word' id='word_1_9' title='bbox 410 257 569 306; x_wconf 84' lang='lat' dir='ltr'><strong>praeter</strong></span> <span class='ocrx_word' id='word_1_10' title='bbox 594 250 850 306; x_wconf 87' lang='lat' dir='ltr'><strong>promissum</strong></span> <span class='ocrx_word' id='word_1_11' title='bbox 869 257 960 292; x_wconf 85' lang='lat' dir='ltr'>est:</span> <span class='ocrx_word' id='word_1_12' title='bbox 991 250 1049 292; x_wconf 82' lang='lat' dir='ltr'><strong>ite</strong></span> <span class='ocrx_word' id='word_1_13' title='bbox 1070 249 1166 292; x_wconf 86' lang='lat' dir='ltr'><strong>hac.</strong></span> <span class='ocrx_word' id='word_1_14' title='bbox 1217 249 1276 291; x_wconf 84' lang='grc' dir='ltr'><strong>Ω.</strong></span> <span class='ocrx_word' id='word_1_15' title='bbox 1294 246 1388 290; x_wconf 87' lang='lat' dir='ltr'><strong>Vos</strong></span> <span class='ocrx_word' id='word_1_16' title='bbox 1407 245 1560 297; x_wconf 81' lang='lat' dir='ltr'><strong>valete,</strong></span> <span class='ocrx_word' id='word_1_17' title='bbox 1580 253 1625 288; x_wconf 90' lang='lat' dir='ltr'><strong>et</strong></span> 
     </span>
     <span class='ocr_line' id='line_1_3' title="bbox 244 317 449 373; baseline -0.005 -14"><span class='ocrx_word' id='word_1_18' title='bbox 244 333 274 373; x_wconf 89' lang='lat' dir='ltr'><strong>p</strong></span> <span class='ocrx_word' id='word_1_19' title='bbox 291 317 449 359; x_wconf 89' lang='lat' dir='ltr'><strong>audite.</strong></span> 
     </span>
    </p>
   </div>
   <div class='ocr_carea' id='block_1_3' title="bbox 602 440 1124 469">
    <p class='ocr_par' dir='ltr' id='par_1_3' title="bbox 602 440 1124 469">
     <span class='ocr_line' id='line_1_4' title="bbox 602 440 1124 469; baseline -0.004 0"><span class='ocrx_word' id='word_1_20' title='bbox 602 440 859 469; x_wconf 80' lang='lat' dir='ltr'><strong>CALLIOPIUS</strong></span> <span class='ocrx_word' id='word_1_21' title='bbox 887 440 1124 468; x_wconf 83' lang='lat' dir='ltr'><strong>RECENSUI.</strong></span> 
     </span>
    </p>
   </div>
   <div class='ocr_carea' id='block_1_4' title="bbox 100 548 1630 1026">
    <p class='ocr_par' dir='ltr' id='par_1_4' title="bbox 100 548 1630 1026">
     <span class='ocr_line' id='line_1_5' title="bbox 147 548 1628 592; baseline -0.004 -9"><span class='ocrx_word' id='word_1_22' title='bbox 147 553 198 583; x_wconf 72' lang='lat'><strong>64.</strong></span> <span class='ocrx_word' id='word_1_23' title='bbox 222 549 478 591; x_wconf 67' lang='lat' dir='ltr'><strong>pretermissum]</strong></span> <span class='ocrx_word' id='word_1_24' title='bbox 505 550 548 581; x_wconf 90' lang='lat' dir='ltr'><strong>Et</strong></span> <span class='ocrx_word' id='word_1_25' title='bbox 570 550 631 581; x_wconf 86' lang='lat' dir='ltr'><strong>hoc</strong></span> <span class='ocrx_word' id='word_1_26' title='bbox 647 559 765 592; x_wconf 83' lang='lat' dir='ltr'><strong>anceps</strong></span> <span class='ocrx_word' id='word_1_27' title='bbox 787 555 846 587; x_wconf 73' lang='lat' dir='ltr'><strong>est,</strong></span> <span class='ocrx_word' id='word_1_28' title='bbox 889 548 978 591; x_wconf 78' lang='lat' dir='ltr'><strong>poris</strong></span> <span class='ocrx_word' id='word_1_29' title='bbox 992 549 1034 580; x_wconf 85' lang='lat' dir='ltr'><strong>ad</strong></span> <span class='ocrx_word' id='word_1_30' title='bbox 1051 549 1220 590; x_wconf 83' lang='lat' dir='ltr'><strong>agendum.</strong></span> <span class='ocrx_word' id='word_1_31' title='bbox 1251 549 1293 580; x_wconf 92' lang='lat' dir='ltr'><strong>D.</strong></span> <span class='ocrx_word' id='word_1_32' title='bbox 1296 549 1431 580; x_wconf 78' lang='lat' dir='ltr'><strong>—Nihil</strong></span> <span class='ocrx_word' id='word_1_33' title='bbox 1443 549 1628 588; x_wconf 63' lang='lat' dir='ltr'><strong>praetermis-</strong></span> 
     </span>
     <span class='ocr_line' id='line_1_6' title="bbox 104 589 1628 636; baseline -0.004 -9"><span class='ocrx_word' id='word_1_34' title='bbox 104 595 270 627; x_wconf 77' lang='lat' dir='ltr'><strong>intellectu</strong></span> <span class='ocrx_word' id='word_1_35' title='bbox 284 594 413 636; x_wconf 82' lang='lat' dir='ltr'><strong>gemino</strong></span> <span class='ocrx_word' id='word_1_36' title='bbox 435 595 474 625; x_wconf 88' lang='lat' dir='ltr'><strong>ad</strong></span> <span class='ocrx_word' id='word_1_37' title='bbox 498 600 678 634; x_wconf 85' lang='lat' dir='ltr'><strong>utrumque.</strong></span> <span class='ocrx_word' id='word_1_38' title='bbox 708 594 758 624; x_wconf 81' lang='lat' dir='ltr'><strong>Ite</strong></span> <span class='ocrx_word' id='word_1_39' title='bbox 773 591 845 633; x_wconf 80' lang='lat' dir='ltr'><strong><em>hac]</em></strong></span> <span class='ocrx_word' id='word_1_40' title='bbox 888 591 972 634; x_wconf 71' lang='lat' dir='ltr'><strong>mm]</strong></span> <span class='ocrx_word' id='word_1_41' title='bbox 985 593 1104 623; x_wconf 83' lang='lat' dir='ltr'><strong>Omnia</strong></span> <span class='ocrx_word' id='word_1_42' title='bbox 1116 602 1187 634; x_wconf 85' lang='lat' dir='ltr'><strong>quae</strong></span> <span class='ocrx_word' id='word_1_43' title='bbox 1199 591 1333 623; x_wconf 80' lang='lat' dir='ltr'>dixisti</span> <span class='ocrx_word' id='word_1_44' title='bbox 1323 590 1506 623; x_wconf 84' lang='lat' dir='ltr'><strong>mvenimus</strong></span> <span class='ocrx_word' id='word_1_45' title='bbox 1521 590 1555 621; x_wconf 88' lang='lat' dir='ltr'><strong>in</strong></span> <span class='ocrx_word' id='word_1_46' title='bbox 1566 589 1628 621; x_wconf 88' lang='lat' dir='ltr'><strong>mi-</strong></span> 
     </span>
     <span class='ocr_line' id='line_1_7' title="bbox 104 633 1630 682; baseline -0.004 -12"><span class='ocrx_word' id='word_1_47' title='bbox 104 641 178 675; x_wconf 89' lang='lat' dir='ltr'><strong>Quo</strong></span> <span class='ocrx_word' id='word_1_48' title='bbox 193 644 285 669; x_wconf 85' lang='lat' dir='ltr'>vocat</span> <span class='ocrx_word' id='word_1_49' title='bbox 299 638 480 679; x_wconf 69' lang='lat' dir='ltr'><strong>parasitus?</strong></span> <span class='ocrx_word' id='word_1_50' title='bbox 503 647 545 667; x_wconf 83' lang='lat' dir='ltr'><strong>an</strong></span> <span class='ocrx_word' id='word_1_51' title='bbox 560 636 601 667; x_wconf 79' lang='lat' dir='ltr'><strong>ad</strong></span> <span class='ocrx_word' id='word_1_52' title='bbox 621 636 844 667; x_wconf 69' lang='lat' dir='ltr'>meretricem?</span> <span class='ocrx_word' id='word_1_53' title='bbox 889 635 964 667; x_wconf 84' lang='lat' dir='ltr'><strong>lite.</strong></span> <span class='ocrx_word' id='word_1_54' title='bbox 988 646 1029 667; x_wconf 79' lang='lat' dir='ltr'><strong>an</strong></span> <span class='ocrx_word' id='word_1_55' title='bbox 1051 636 1121 676; x_wconf 81' lang='lat' dir='ltr'><strong>(aut</strong></span> <span class='ocrx_word' id='word_1_56' title='bbox 1138 636 1190 676; x_wconf 90' lang='lat' dir='ltr'><strong>Z.)</strong></span> <span class='ocrx_word' id='word_1_57' title='bbox 1207 634 1315 667; x_wconf 81' lang='lat' dir='ltr'><strong>omnia</strong></span> <span class='ocrx_word' id='word_1_58' title='bbox 1334 644 1405 676; x_wconf 83' lang='lat' dir='ltr'><strong>quae</strong></span> <span class='ocrx_word' id='word_1_59' title='bbox 1422 633 1630 682; x_wconf 76' lang='lat' dir='ltr'><strong>promisimus</strong></span> 
     </span>
     <span class='ocr_line' id='line_1_8' title="bbox 104 675 1628 721; baseline -0.003 -8"><span class='ocrx_word' id='word_1_60' title='bbox 104 693 146 714; x_wconf 84' lang='lat' dir='ltr'><strong>an</strong></span> <span class='ocrx_word' id='word_1_61' title='bbox 167 682 208 713; x_wconf 85' lang='lat' dir='ltr'><strong>ad</strong></span> <span class='ocrx_word' id='word_1_62' title='bbox 228 691 353 712; x_wconf 81' lang='lat' dir='ltr'><strong>coenam</strong></span> <span class='ocrx_word' id='word_1_63' title='bbox 374 679 496 717; x_wconf 69' lang='lat' dir='ltr'><strong>militis,</strong></span> <span class='ocrx_word' id='word_1_64' title='bbox 512 685 549 710; x_wconf 87' lang='lat' dir='ltr'><strong>ut</strong></span> <span class='ocrx_word' id='word_1_65' title='bbox 563 679 732 721; x_wconf 75' lang='lat' dir='ltr'><strong>promisit?</strong></span> <span class='ocrx_word' id='word_1_66' title='bbox 755 680 847 710; x_wconf 81' lang='lat' dir='ltr'><strong>Hunc</strong></span> <span class='ocrx_word' id='word_1_67' title='bbox 890 678 949 710; x_wconf 89' lang='lat' dir='ltr'><strong>tibi</strong></span> <span class='ocrx_word' id='word_1_68' title='bbox 974 678 1203 720; x_wconf 87' lang='lat' dir='ltr'><strong>implebuntur,</strong></span> <span class='ocrx_word' id='word_1_69' title='bbox 1231 684 1264 709; x_wconf 86' lang='lat' dir='ltr'><strong>et</strong></span> <span class='ocrx_word' id='word_1_70' title='bbox 1287 677 1370 709; x_wconf 87' lang='lat' dir='ltr'><strong>nihil</strong></span> <span class='ocrx_word' id='word_1_71' title='bbox 1395 684 1453 715; x_wconf 75' lang='lat' dir='ltr'><strong>est,</strong></span> <span class='ocrx_word' id='word_1_72' title='bbox 1478 676 1529 708; x_wconf 84' lang='lat' dir='ltr'><strong>vel</strong></span> <span class='ocrx_word' id='word_1_73' title='bbox 1555 675 1628 713; x_wconf 84' lang='lat' dir='ltr'><strong>erit,</strong></span> 
     </span>
     <span class='ocr_line' id='line_1_9' title="bbox 104 719 1629 767; baseline -0.005 -10"><span class='ocrx_word' id='word_1_74' title='bbox 104 737 159 767; x_wconf 83' lang='lat' dir='ltr'><strong>ego</strong></span> <span class='ocrx_word' id='word_1_75' title='bbox 180 726 385 756; x_wconf 81' lang='lat' dir='ltr'><strong>comedendum</strong></span> <span class='ocrx_word' id='word_1_76' title='bbox 406 729 436 755; x_wconf 75' lang='lat' dir='ltr'><strong>ee</strong></span> <span class='ocrx_word' id='word_1_77' title='bbox 457 724 652 754; x_wconf 78' lang='lat' dir='ltr'><strong>deridendum</strong></span> <span class='ocrx_word' id='word_1_78' title='bbox 673 724 755 754; x_wconf 70' lang='lat' dir='ltr'><strong>vobis</strong></span> <span class='ocrx_word' id='word_1_79' title='bbox 772 733 844 762; x_wconf 81' lang='lat' dir='ltr'><strong>pro-</strong></span> <span class='ocrx_word' id='word_1_80' title='bbox 888 727 1006 764; x_wconf 82' lang='lat' dir='ltr'><strong>praeter</strong></span> <span class='ocrx_word' id='word_1_81' title='bbox 1034 722 1068 754; x_wconf 92' lang='lat' dir='ltr'><strong>id</strong></span> <span class='ocrx_word' id='word_1_82' title='bbox 1095 722 1180 763; x_wconf 90' lang='lat' dir='ltr'><strong>quod</strong></span> <span class='ocrx_word' id='word_1_83' title='bbox 1209 721 1359 753; x_wconf 77' lang='lat' dir='ltr'><strong>diximus.</strong></span> <span class='ocrx_word' id='word_1_84' title='bbox 1390 721 1479 752; x_wconf 85' lang='lat' dir='ltr'><strong>E.-—-</strong></span> <span class='ocrx_word' id='word_1_85' title='bbox 1485 719 1629 751; x_wconf 73' lang='lat' dir='ltr'><strong>Faernus</strong></span> 
     </span>
     <span class='ocr_line' id='line_1_10' title="bbox 100 762 1630 810; baseline -0.004 -11"><span class='ocrx_word' id='word_1_86' title='bbox 100 771 183 810; x_wconf 74' lang='lat' dir='ltr'><strong>pino.</strong></span> <span class='ocrx_word' id='word_1_87' title='bbox 222 769 270 798; x_wconf 78' lang='lat' dir='ltr'><strong>Ite</strong></span> <span class='ocrx_word' id='word_1_88' title='bbox 291 766 363 808; x_wconf 80' lang='lat' dir='ltr'><strong><em>hac]</em></strong></span> <span class='ocrx_word' id='word_1_89' title='bbox 389 767 610 798; x_wconf 79' lang='lat' dir='ltr'><strong>Comessatum</strong></span> <span class='ocrx_word' id='word_1_90' title='bbox 635 765 676 796; x_wconf 83' lang='lat' dir='ltr'><strong>ad</strong></span> <span class='ocrx_word' id='word_1_91' title='bbox 699 765 845 803; x_wconf 86' lang='lat' dir='ltr'><strong>militem,</strong></span> <span class='ocrx_word' id='word_1_92' title='bbox 888 765 1068 803; x_wconf 85' lang='lat' dir='ltr'><strong>verborum,</strong></span> <span class='ocrx_word' id='word_1_93' title='bbox 1092 767 1183 797; x_wconf 78' lang='lat' dir='ltr'><strong>Nihil</strong></span> <span class='ocrx_word' id='word_1_94' title='bbox 1198 770 1313 806; x_wconf 79' lang='lat' dir='ltr'><strong>praeter</strong></span> <span class='ocrx_word' id='word_1_95' title='bbox 1332 776 1365 805; x_wconf 80' lang='lat' dir='ltr'><strong>p.</strong></span> <span class='ocrx_word' id='word_1_96' title='bbox 1382 775 1407 795; x_wconf 86' lang='lat' dir='ltr'><strong>e.</strong></span> <span class='ocrx_word' id='word_1_97' title='bbox 1430 773 1562 795; x_wconf 80' lang='lat' dir='ltr'><strong>sensum</strong></span> <span class='ocrx_word' id='word_1_98' title='bbox 1582 762 1630 793; x_wconf 82' lang='lat' dir='ltr'><strong>ait</strong></span> 
     </span>
     <span class='ocr_line' id='line_1_11' title="bbox 105 805 1628 857; baseline -0.003 -14"><span class='ocrx_word' id='word_1_99' title='bbox 105 812 156 843; x_wconf 88' lang='lat' dir='ltr'><strong>vel</strong></span> <span class='ocrx_word' id='word_1_100' title='bbox 171 811 212 843; x_wconf 77' lang='lat' dir='ltr'><strong>ad</strong></span> <span class='ocrx_word' id='word_1_101' title='bbox 227 810 393 842; x_wconf 82' lang='lat' dir='ltr'><strong>Thaidem.</strong></span> <span class='ocrx_word' id='word_1_102' title='bbox 433 809 467 841; x_wconf 89' lang='lat' dir='ltr'><strong>Si</strong></span> <span class='ocrx_word' id='word_1_103' title='bbox 488 819 588 840; x_wconf 84' lang='lat' dir='ltr'><strong>coenae</strong></span> <span class='ocrx_word' id='word_1_104' title='bbox 609 808 756 840; x_wconf 84' lang='lat' dir='ltr'><strong>interfuit</strong></span> <span class='ocrx_word' id='word_1_105' title='bbox 777 819 844 839; x_wconf 84' lang='lat' dir='ltr'><strong>me·</strong></span> <span class='ocrx_word' id='word_1_106' title='bbox 888 818 958 840; x_wconf 77' lang='lat' dir='ltr'>esse</span> <span class='ocrx_word' id='word_1_107' title='bbox 984 808 1079 846; x_wconf 89' lang='lat' dir='ltr'><strong>hunc,</strong></span> <span class='ocrx_word' id='word_1_108' title='bbox 1104 808 1158 849; x_wconf 90' lang='lat' dir='ltr'><strong>qui</strong></span> <span class='ocrx_word' id='word_1_109' title='bbox 1184 818 1354 857; x_wconf 74' lang='lat' dir='ltr'><strong>expressus</strong></span> <span class='ocrx_word' id='word_1_110' title='bbox 1379 807 1422 839; x_wconf 77' lang='lat' dir='ltr'><strong>sit</strong></span> <span class='ocrx_word' id='word_1_111' title='bbox 1446 806 1482 838; x_wconf 85' lang='lat' dir='ltr'><strong>iu</strong></span> <span class='ocrx_word' id='word_1_112' title='bbox 1506 805 1628 848; x_wconf 78' lang='lat' dir='ltr'>glosse-</span> 
     </span>
     <span class='ocr_line' id='line_1_12' title="bbox 104 850 1629 903; baseline -0.003 -17"><span class='ocrx_word' id='word_1_113' title='bbox 104 854 223 886; x_wconf 78' lang='lat' dir='ltr'><strong>retrix:</strong></span> <span class='ocrx_word' id='word_1_114' title='bbox 251 853 415 903; x_wconf 69' lang='lat' dir='ltr'><strong>quomodo</strong></span> <span class='ocrx_word' id='word_1_115' title='bbox 432 859 506 895; x_wconf 83' lang='lat' dir='ltr'><strong>post</strong></span> <span class='ocrx_word' id='word_1_116' title='bbox 529 858 599 883; x_wconf 83' lang='lat' dir='ltr'>acta</span> <span class='ocrx_word' id='word_1_117' title='bbox 624 858 700 883; x_wconf 79' lang='lat' dir='ltr'><strong>sunt</strong></span> <span class='ocrx_word' id='word_1_118' title='bbox 725 851 842 888; x_wconf 85' lang='lat' dir='ltr'><strong>omnia,</strong></span> <span class='ocrx_word' id='word_1_119' title='bbox 886 858 971 883; x_wconf 83' lang='lat' dir='ltr'><strong>mate</strong></span> <span class='ocrx_word' id='word_1_120' title='bbox 998 851 1070 883; x_wconf 87' lang='lat' dir='ltr'><strong>libri</strong></span> <span class='ocrx_word' id='word_1_121' title='bbox 1096 851 1242 888; x_wconf 78' lang='lat' dir='ltr'><strong>Victorii,</strong></span> <span class='ocrx_word' id='word_1_122' title='bbox 1267 851 1301 882; x_wconf 89' lang='lat' dir='ltr'><strong>in</strong></span> <span class='ocrx_word' id='word_1_123' title='bbox 1327 850 1490 892; x_wconf 81' lang='lat' dir='ltr'><strong>margine.</strong></span> <span class='ocrx_word' id='word_1_124' title='bbox 1520 851 1629 881; x_wconf 80' lang='lat' dir='ltr'><strong>Omnia</strong></span> 
     </span>
     <span class='ocr_line' id='line_1_13' title="bbox 105 894 1629 936; baseline -0.003 -7"><span class='ocrx_word' id='word_1_125' title='bbox 105 908 179 929; x_wconf 92' lang='lat' dir='ltr'><strong>cum</strong></span> <span class='ocrx_word' id='word_1_126' title='bbox 194 897 316 928; x_wconf 88' lang='lat' dir='ltr'><strong>mentio</strong></span> <span class='ocrx_word' id='word_1_127' title='bbox 331 895 434 927; x_wconf 83' lang='lat' dir='ltr'><strong>noctis</strong></span> <span class='ocrx_word' id='word_1_128' title='bbox 449 906 514 927; x_wconf 89' lang='lat' dir='ltr'><strong>non</strong></span> <span class='ocrx_word' id='word_1_129' title='bbox 529 894 611 926; x_wconf 78' lang='lat' dir='ltr'><strong>facta</strong></span> <span class='ocrx_word' id='word_1_130' title='bbox 623 894 687 926; x_wconf 71' lang='lat' dir='ltr'><strong>sit?</strong></span> <span class='ocrx_word' id='word_1_131' title='bbox 726 894 845 925; x_wconf 86' lang='lat' dir='ltr'><strong>Omnia</strong></span> <span class='ocrx_word' id='word_1_132' title='bbox 883 896 1028 934; x_wconf 71' lang='lat' dir='ltr'><strong>promisso</strong></span> <span class='ocrx_word' id='word_1_133' title='bbox 1041 900 1092 926; x_wconf 74' lang='lat' dir='ltr'><strong>tuo</strong></span> <span class='ocrx_word' id='word_1_134' title='bbox 1106 896 1293 936; x_wconf 76' lang='lat' dir='ltr'><strong>respondent,</strong></span> <span class='ocrx_word' id='word_1_135' title='bbox 1309 899 1339 926; x_wconf 76' lang='lat' dir='ltr'><strong>et</strong></span> <span class='ocrx_word' id='word_1_136' title='bbox 1353 895 1431 925; x_wconf 75' lang='lat' dir='ltr'><strong>nihil</strong></span> <span class='ocrx_word' id='word_1_137' title='bbox 1445 898 1531 925; x_wconf 72' lang='lat' dir='ltr'><strong>extra</strong></span> <span class='ocrx_word' id='word_1_138' title='bbox 1549 894 1629 923; x_wconf 75' lang='lat' dir='ltr'><strong>illud</strong></span> 
     </span>
     <span class='ocr_line' id='line_1_14' title="bbox 105 937 1010 983; baseline -0.004 -11"><span class='ocrx_word' id='word_1_139' title='bbox 105 947 179 983; x_wconf 81' lang='lat' dir='ltr'><strong>post</strong></span> <span class='ocrx_word' id='word_1_140' title='bbox 192 950 315 972; x_wconf 85' lang='lat' dir='ltr'><strong>coenam</strong></span> <span class='ocrx_word' id='word_1_141' title='bbox 330 946 420 981; x_wconf 78' lang='lat' dir='ltr'>gesta</span> <span class='ocrx_word' id='word_1_142' title='bbox 434 945 528 970; x_wconf 85' lang='lat' dir='ltr'><strong>sunt.</strong></span> <span class='ocrx_word' id='word_1_143' title='bbox 552 944 585 969; x_wconf 84' lang='lat' dir='ltr'><strong>et</strong></span> <span class='ocrx_word' id='word_1_144' title='bbox 599 948 665 969; x_wconf 89' lang='lat' dir='ltr'><strong>non</strong></span> <span class='ocrx_word' id='word_1_145' title='bbox 684 937 845 979; x_wconf 67' lang='lat' dir='ltr'><strong>complem</strong></span> <span class='ocrx_word' id='word_1_146' title='bbox 886 942 940 969; x_wconf 73' lang='lat' dir='ltr'><strong>est.</strong></span> <span class='ocrx_word' id='word_1_147' title='bbox 972 937 1010 968; x_wconf 90' lang='lat' dir='ltr'><strong>B.</strong></span> 
     </span>
     <span class='ocr_line' id='line_1_15' title="bbox 105 980 843 1026; baseline -0.007 -10"><span class='ocrx_word' id='word_1_148' title='bbox 105 994 164 1026; x_wconf 87' lang='lat' dir='ltr'><strong>per</strong></span> <span class='ocrx_word' id='word_1_149' title='bbox 177 983 281 1015; x_wconf 80' lang='lat' dir='ltr'><strong>rixam</strong></span> <span class='ocrx_word' id='word_1_150' title='bbox 293 992 394 1020; x_wconf 75' lang='lat' dir='ltr'><strong>ecem,</strong></span> <span class='ocrx_word' id='word_1_151' title='bbox 405 980 563 1023; x_wconf 77' lang='lat' dir='ltr'><strong>superfuit</strong></span> <span class='ocrx_word' id='word_1_152' title='bbox 573 980 749 1023; x_wconf 83' lang='lat' dir='ltr'><strong>plurimum</strong></span> <span class='ocrx_word' id='word_1_153' title='bbox 761 987 843 1011; x_wconf 88' lang='lat' dir='ltr'><strong>tem-</strong></span> 
     </span>
    </p>
   </div>
   <div class='ocr_carea' id='block_1_5' title="bbox 106 1107 1624 1224">
    <p class='ocr_par' dir='ltr' id='par_1_5' title="bbox 106 1107 1624 1224">
     <span class='ocr_line' id='line_1_16' title="bbox 106 1107 1624 1152; baseline -0.004 0"><span class='ocrx_word' id='word_1_154' title='bbox 106 1113 232 1152; x_wconf 84' lang='lat' dir='ltr'>AELII</span> <span class='ocrx_word' id='word_1_155' title='bbox 253 1110 467 1150; x_wconf 91' lang='lat' dir='ltr'>DONATI</span> <span class='ocrx_word' id='word_1_156' title='bbox 490 1109 541 1148; x_wconf 90' lang='lat' dir='ltr'><strong>V.</strong></span> <span class='ocrx_word' id='word_1_157' title='bbox 563 1109 608 1148; x_wconf 85' lang='lat' dir='ltr'><strong>C.</strong></span> <span class='ocrx_word' id='word_1_158' title='bbox 631 1107 912 1148; x_wconf 90' lang='lat' dir='ltr'>ORATORIS</span> <span class='ocrx_word' id='word_1_159' title='bbox 939 1108 1098 1147; x_wconf 90' lang='lat' dir='ltr'>URBIS</span> <span class='ocrx_word' id='word_1_160' title='bbox 1123 1108 1300 1147; x_wconf 84' lang='lat' dir='ltr'>ROMAE</span> <span class='ocrx_word' id='word_1_161' title='bbox 1325 1107 1624 1148; x_wconf 91' lang='lat' dir='ltr'><strong>COMMENT.</strong></span> 
     </span>
     <span class='ocr_line' id='line_1_17' title="bbox 361 1183 1372 1224; baseline -0.001 0"><span class='ocrx_word' id='word_1_162' title='bbox 361 1185 421 1224; x_wconf 91' lang='lat' dir='ltr'><strong>IN</strong></span> <span class='ocrx_word' id='word_1_163' title='bbox 450 1184 717 1223; x_wconf 88' lang='lat' dir='ltr'>TERENTII</span> <span class='ocrx_word' id='word_1_164' title='bbox 747 1183 1073 1222; x_wconf 92' lang='lat' dir='ltr'>EUNUCHUM</span> <span class='ocrx_word' id='word_1_165' title='bbox 1100 1183 1372 1223; x_wconf 89' lang='lat' dir='ltr'><strong>EXPLICIT.</strong></span> 
     </span>
    </p>
   </div>
  </div>
 </body>
</html>
