1852 3216
99 191 241 220 senus
264 178 350 232 111.]

155 267 270 309 PAR.
295 265 410 321 Age,
432 266 592 321 inepte.
645 265 729 308 Cu.

239 332 451 386 promissa.
470 338 732 386 appareant;

667 175 1083 228 EUNUCHUS.

1557 178 1637 219 163

763 266 864 309 Hoc
893 265 1040 308 hercle
1062 264 1299 308 factum’st:
1337 265 1402 307 fac
1435 266 1491 307 sis
1522 281 1635 308 nunc

97 406 139 436 20
155 396 255 438 Sive
277 396 387 437 adeo
408 396 539 450 digna
559 410 630 437 res
650 403 733 445 est,
754 397 829 438 ubi
851 403 898 438 tu
917 411 1071 439 nervos
1091 397 1289 438 intendas
1309 403 1421 438 tuos.

153 460 287 502 Haud
306 459 450 502 similis
472 460 647 515 virgo'st
662 461 873 516 virginum
886 469 1145 511 nostrarum,
1161 476 1270 516 quas
1283 467 1441 502 matres
1460 460 1636 502 student

153 525 367 567 Demissis
387 524 577 566 humeris
597 540 708 574 esse,
731 526 873 568 vincto
894 533 1088 581 pectore,
1106 533 1156 568 ut
1175 525 1356 582 graciles
1377 526 1510 567 sient:

154 590 202 631 Si
214 605 300 644 qua
313 597 379 631 est
394 589 582 631 habitior
597 589 742 644 paulo,
756 591 945 646 pugilem
962 606 1058 633 esse
1072 592 1192 633 aiunt
1205 609 1215 642 3
1238 591 1460 632 deducunt
1477 590 1633 632 cibum.

151 654 348 696 Tametsi
368 655 569 699 bonaest
590 662 759 706 natura,
781 656 970 698 reddunt
990 663 1194 698 curatura
1208 655 1403 711 junceaS.

142 767 190 797 19.
214 768 291 806 Age,
308 768 407 806 inepte
417 765 447 806 l]
469 765 533 801 Qui
554 765 682 797 dubites
705 766 745 798 de
767 777 842 808 pro-

95 808 218 840 missis:
239 819 279 839 an
295 808 365 847 (aut
379 809 431 847 Z.)
443 808 497 848 qui
510 809 686 849 exprobres
699 815 730 839 te
743 810 845 841 multa

96 862 167 883 esse
183 851 334 892 largitum
347 852 359 881 ἲ
383 853 450 882 Hoc
465 853 564 882 hercle
570 850 691 890 sactum
703 851 765 892 est]
786 852 842 883 In-

96 894 172 926 veni
185 894 270 935 quod
286 904 390 925 amem
404 906 411 929 3
441 893 510 930 hoc,
527 893 612 934 quod
636 894 774 931 dicebas,
791 895 842 925 in-

95 937 175 977 quit,
205 947 303 967 morae
339 946 409 967 esse
440 936 493 976 (de
530 947 629 967 amore
662 948 735 973 esse,
763 937 846 968 liber

95 986 240 1020 uterque.
254 979 304 1010 W.
338 979 435 1019 Lege,
452 980 528 1015 Hoc,
545 980 625 1018 qaod
644 981 775 1017 dicebas,
792 979 843 1010 in-

95 1022 171 1053 veni
201 1022 296 1052 modo
318 1021 403 1062 quod
433 1031 531 1058 ameS,
546 1021 616 1061 jam
629 1021 751 1061 sactum
774 1027 841 1057 ert,
836 1035 843 1042 ·

95 1076 161 1095 amo
177 1064 243 1103 Z.),
255 1066 323 1104 Jam
339 1063 459 1094 factum
475 1070 525 1094 est
539 1075 545 1099 3
569 1074 651 1094 amo.
689 1065 845 1095 Promissa

94 1106 280 1147 appareant]
298 1106 481 1137 Utilitatem
493 1114 530 1137 ut
541 1117 732 1147 cognoscam
745 1113 843 1138 tuam.

95 1149 261 1190 D.--Age,
284 1148 422 1189 inepte!]
454 1150 594 1188 Ineptum
623 1159 755 1191 prorsus
784 1156 844 1187 est,

95 1192 180 1232 quod
195 1202 260 1223 non
277 1198 389 1233 aptum
406 1197 464 1228 est,
484 1191 558 1222 ideo
577 1203 635 1232 age
655 1195 764 1232 inepte.
803 1193 843 1224 E.

93 1235 204 1266 ——Pro
217 1233 276 1274 sac
294 1237 337 1266 sis
355 1234 439 1265 liber
461 1234 639 1265 Bembinus
661 1235 788 1272 Faerni,
812 1241 846 1266 et

86 1287 179 1360 Jnus
210 1287 228 1308 e
254 1277 374 1308 nostris
403 1277 501 1308 habet
530 1277 704 1309 admodum
733 1278 845 1319 inepte

109 1322 186 1351 axis.
220 1320 257 1351 B.

138 1364 189 1394 20.
213 1365 282 1394 Sive
298 1365 372 1394 adeo
386 1364 481 1403 digna
496 1374 545 1393 res
565 1362 626 1403 est]
651 1362 686 1393 Si
706 1373 846 1404 persona

95 1405 308 1436 Parmenonis
324 1411 382 1442 est,
398 1407 460 1436 sive
475 1405 636 1436 abundat:
662 1412 695 1436 et
709 1416 770 1446 pro
786 1416 843 1436 ex-

94 1447 218 1489 pletiva
239 1448 465 1488 conjunctione
487 1448 583 1478 modo
606 1454 664 1479 est.
711 1448 750 1479 In
772 1448 844 1489 qui-

96 1491 231 1521 busdam
244 1491 375 1521 omnino
391 1500 455 1521 non
469 1490 596 1531 legitur.
635 1493 720 1522 Adeo
735 1498 844 1522 autem

95 1533 248 1570 abundat,
265 1540 321 1564 aut
335 1535 425 1564 nimis
440 1533 611 1573 significat,
624 1533 675 1564 vel
690 1536 776 1564 satis.
809 1534 844 1564 Si

95 1575 231 1607 Chaerea
242 1576 330 1612 dicit,
345 1575 397 1606 hic
413 1576 492 1607 ordo
507 1582 540 1607 et
555 1586 670 1607 sensus
686 1582 752 1607 est:
779 1576 843 1607 Fac

95 1618 124 1650 si
139 1618 189 1650 vis
211 1628 307 1655 nunc,
323 1618 392 1649 sive
415 1618 495 1649 adeo
517 1618 616 1659 digna
637 1629 690 1649 res
712 1626 771 1656 est,
788 1618 844 1650 ubi

94 1667 132 1692 tu
152 1671 268 1692 nervos
285 1661 436 1692 intendas
453 1667 535 1698 tuoS,
551 1669 588 1692 ut
605 1661 764 1702 promissa
785 1672 843 1703 ap-

94 1710 248 1745 pareant;
271 1710 308 1734 ut
323 1703 367 1734 sit
380 1706 432 1741 sis,
449 1704 477 1734 si
495 1703 565 1735 vis:
595 1710 627 1735 et
645 1704 781 1736 addatur
799 1709 842 1741 ut,

94 1746 180 1786 quod
203 1746 302 1777 deest.
341 1746 368 1776 F
370 1756 406 1777 ac
429 1752 466 1777 ut
486 1747 646 1797 promissa
667 1753 846 1795 appareant

96 1789 219 1829 (Legez
251 1790 330 1830 quod
346 1791 430 1819 deest
446 1795 476 1819 et
497 1791 529 1820 in
549 1791 610 1826 illo,
624 1789 672 1820 fac
690 1789 735 1820 sis
757 1799 844 1820 nunc

95 1831 255 1873 promissa
277 1842 317 1872 ap
341 1837 461 1862 areant.
488 1831 552 1870 Z..)
598 1832 657 1862 Ubi
686 1837 720 1863 tu
742 1843 845 1863 nervos

61 1886 64 1889 ’
94 1876 235 1905 intendas
251 1879 316 1905 tuos
354 1873 471 1904 Utrum
487 1874 624 1904 obscene
639 1874 710 1911 hoc,
724 1881 761 1905 ut
775 1884 843 1905 ser-

95 1927 155 1947 vus
168 1917 180 1946 l
204 1927 246 1948 an
260 1918 487 1956 μεταφορικῶς,
504 1916 558 1947 ubi
575 1916 719 1947 laborare
735 1927 772 1947 ae
785 1927 843 1958 pe

94 1958 230 1990 riclitari
252 1959 391 1990 debeas?
426 1959 490 1990 Sed
512 1959 628 1990 melius
650 1959 772 1999 legunt,
789 1959 844 1999 qui

94 2002 156 2032 hoc
179 2008 280 2033 totum
305 2002 346 2032 ad
367 2012 538 2043 personam
562 2001 726 2043 applicant
748 2002 842 2032 Chae-

95 2054 179 2080 reae;
207 2051 239 2075 et
262 2045 387 2081 melius,
411 2055 507 2085 quam
530 2045 584 2085 qui
610 2045 844 2075 Parmenonem

94 2087 155 2118 hoc
173 2094 290 2128 putant
309 2087 407 2127 loqui,
425 2089 494 2118 Sive
515 2089 589 2118 adeo
606 2089 702 2128 digna
719 2098 767 2118 res
788 2093 842 2124 est,

94 2131 148 2160 alu·
177 2141 281 2161 nervos
301 2132 442 2160 intendas
469 2135 543 2160 tuos.
591 2130 747 2161 D.——S1've
769 2132 844 2160 adeo

95 2171 206 2213 digna]
224 2173 344 2203 Sensus
366 2179 435 2203 est:
468 2172 503 2202 Si
527 2172 599 2203 talis
621 2183 674 2204 res
692 2179 742 2204 est
763 2173 841 2210 haec,

93 2214 150 2246 ubi
165 2225 278 2246 omnes
294 2222 366 2246 tuas
379 2215 592 2256 cogitationes
614 2215 718 2257 possis
734 2215 842 2246 inten-

94 2257 182 2295 dere,
213 2264 246 2289 et
275 2258 451 2299 plurimum
484 2257 639 2289 laborare.
691 2258 843 2298 Denique

94 2302 190 2341 digna
209 2312 257 2332 res
276 2306 332 2337 est,
354 2300 410 2332 ubi
432 2301 643 2332 laborandum
664 2301 715 2332 sit.
755 2301 841 2332 Con-

94 2343 187 2375 tinuo
209 2343 391 2384 subjungit:
426 2345 524 2374 Haud
552 2345 661 2375 similis
682 2346 767 2384 virgo
788 2349 843 2380 est,

95 2396 171 2426 qaas
189 2392 302 2417 matres
319 2387 441 2418 student
457 2388 594 2417 demissis
615 2388 747 2417 humeris
762 2385 842 2427 esse]

97 2427 173 2459 Non
184 2428 280 2459 cibo
270 2439 305 2459 ιιι
322 2435 390 2460 tota
404 2428 468 2469 aliq
470 2439 512 2460 ua
524 2429 722 2471 pinguedine
734 2429 842 2460 suble-

96 2469 187 2501 vatis.
211 2471 248 2502 E.
250 2471 395 2503 -Coda
409 2472 511 2503 nostri
524 2471 608 2503 male
616 2472 702 2503 hunc
715 2481 843 2503 versum

97 2512 245 2544 tribuunt
260 2514 464 2546 Parmenoni.
496 2515 535 2545 Β.

141 2556 192 2586 21.
217 2557 313 2587 Haud
326 2559 435 2588 similla
449 2559 534 2598 virgo
548 2562 594 2588 est
609 2559 758 2598 virginum
774 2569 842 2588 nos-

98 2597 232 2638 trorum]
256 2598 384 2630 Civium
406 2599 538 2637 scilicet,
554 2599 589 2631 id
611 2607 670 2637 est,
689 2607 783 2631 terrae
805 2610 842 2631 ac

95 2640 210 2682 patriae
237 2648 375 2677 nostrae;
410 2648 447 2672 ut
475 2642 565 2683 Virg.
589 2643 708 2683 Georg.
731 2643 765 2674 ii.
790 2644 840 2674 89.

96 2684 166 2714 Non
182 2685 284 2714 eadem
305 2685 463 2715 arboribus
577 2690 590 2716 t
603 2687 753 2716 vindemia
772 2697 840 2716 nos·

97 2727 164 2756 tris.
204 2726 248 2756 Et
267 2725 447 2762 Sallustius,
462 2729 558 2758 nostri
571 2725 662 2767 soeda
675 2727 768 2769 suga,
784 2733 840 2759 ete.

98 2767 182 2802 Quas
197 2773 308 2799 matres
322 2767 462 2808 student]
487 2769 560 2800 Hoc
583 2770 681 2800 verbo
702 2770 844 2801 ostendit

94 2810 217 2842 cultum
229 2811 407 2847 industrie,
420 2820 485 2842 non
495 2811 770 2853 pulchritudinem
782 2822 839 2844 na-

94 2853 241 2884 turalem.
273 2854 315 2884 D.

139 2897 190 2927 22.
213 2898 363 2928 Demissis
374 2898 505 2928 humeris
515 2907 587 2934 esse,
596 2899 695 2928 vincto
703 2897 840 2939 pectore]

96 2938 232 2980 Antiqui
246 2939 332 2971 enim
350 2939 455 2970 Graeci
471 2940 567 2971 etiam
581 2939 762 2981 virginibus
774 2940 843 2972 suis

96 2982 282 3023 prebebant
315 2982 506 3024 palaestram‚
545 2983 584 3014 ad
621 2983 842 3024 componenda

887 777 1031 809 corpora.
1056 766 1117 798 Vel
1133 768 1270 798 demissis
1285 768 1416 797 humeris
1430 777 1503 803 esse,
1516 765 1637 807 liquide

888 816 921 840 et
951 809 1092 841 molliter
1122 809 1278 846 deductis,
1303 819 1408 850 neque
1439 809 1638 847 extantibus,

887 852 947 883 alae
968 852 1003 883 in
1030 852 1161 883 modurn
1184 854 1326 883 athletico
1347 854 1440 883 modo.
1473 852 1537 883 Ms.
1564 852 1597 882 H

887 896 1036 926 Demissis
1051 897 1182 926 humeris
1197 906 1269 931 esse,
1284 897 1383 926 vincto
1397 893 1536 935 pectore]
1561 894 1638 926 Non

889 937 1113 978 accipiendum
1137 944 1186 968 est
1204 937 1295 978 quasi
1316 937 1377 968 hoc
1395 937 1491 974 dicat,
1508 937 1562 968 Ad
1577 937 1639 968 hoc

888 979 961 1010 illas
971 980 1103 1011 student
1114 986 1234 1010 matres
1243 979 1392 1011 demissis
1402 980 1545 1011 humeris
1557 989 1638 1017 esse,

889 1029 922 1053 et
937 1022 1046 1053 vincto
1058 1029 1199 1063 pectore,
1218 1028 1253 1052 ut
1267 1022 1404 1063 graciles
1417 1022 1521 1053 sient:
1546 1022 1639 1063 quasi

887 1065 957 1095 haec
979 1065 1044 1095 duo
1065 1071 1199 1106 propter
1221 1075 1322 1095 unum
1345 1064 1426 1096 illud
1448 1065 1548 1101 fiant:
1580 1065 1640 1096 sed

887 1107 977 1138 varie
1002 1107 1062 1138 tria
1084 1107 1177 1144 dixit,
1194 1117 1236 1138 ne
1258 1106 1380 1137 diceret
1396 1109 1416 1128 ⁸
1433 1114 1490 1137 aut
1507 1107 1644 1138 student

886 1149 960 1181 illas
975 1143 1124 1181 demissis
1139 1149 1293 1186 humeris,
1310 1155 1342 1180 et
1356 1149 1501 1180 vinctum
1514 1157 1644 1190 pectus,

888 1199 925 1223 ut
939 1192 1076 1233 graciles
1091 1192 1177 1223 sient
1194 1191 1328 1232 (Verba,
1342 1203 1379 1223 ne
1392 1194 1639 1230 diceret—sient,

888 1235 1006 1266 absunt
1027 1235 1068 1266 ab
1090 1235 1140 1266 ed.
1171 1235 1308 1276 Argent.
1355 1235 1400 1265 Et
1422 1245 1536 1276 parum
1567 1235 1639 1267 sani

888 1278 1035 1317 habent).
1078 1280 1184 1309 Vincta
1194 1276 1332 1317 pectore]
1355 1277 1520 1318 Castigato
1536 1288 1573 1308 ac
1589 1285 1639 1309 te-

888 1321 956 1358 nui,
980 1330 1014 1351 et
1035 1320 1125 1351 velut
1151 1320 1270 1351 vincto.
1315 1320 1420 1351 Deest
1450 1330 1527 1361 ergo
1547 1322 1639 1352 velat.

895 1365 937 1394 Ut
964 1365 1098 1404 graciles
1127 1362 1223 1403 sient]
1261 1363 1292 1393 A
1326 1362 1483 1403 singulari
1510 1365 1642 1404 gracilis

890 1406 989 1444 (Quis
1001 1406 1034 1436 id
1044 1405 1155 1436 nescit.
1180 1406 1262 1436 Cum
1276 1415 1353 1436 vero
1366 1405 1514 1436 Donatus
1527 1412 1640 1437 notare

888 1448 999 1485 soleat,
1013 1458 1085 1488 quae
1098 1448 1203 1479 rarius
1219 1455 1392 1479 occurrunt
1404 1460 1411 1483 ;
1435 1448 1640 1487 crediderim,

889 1501 962 1522 eum
974 1491 1091 1532 legisse
1102 1500 1280 1527 GRACILAE,
1292 1498 1324 1522 et
1335 1490 1512 1532 scripsisse,
1529 1493 1560 1522 A
1574 1493 1639 1522 sin-

884 1535 990 1574 gulari
1015 1542 1175 1564 Gnaeum
1197 1536 1287 1571 venit,
1310 1539 1366 1564 etc.
1412 1534 1640 1573 Conjecturam

888 1576 1019 1607 firmant
1029 1576 1214 1607 testimonia
1223 1576 1320 1607 Probi
1331 1582 1365 1607 et
1374 1576 1460 1607 Non.
1473 1576 1639 1615 Marcelli)

887 1619 978 1650 venit
994 1619 1061 1649 haec
1077 1618 1260 1650 declinatio.
1290 1619 1489 1649 D.—Vincto
1499 1617 1639 1660 pectore]

889 1662 997 1693 Macie
1009 1661 1055 1692 ita
1069 1661 1225 1699 deductae,
1238 1667 1274 1692 ut
1290 1661 1407 1692 vinctae
1423 1671 1493 1692 esse
1506 1661 1638 1692 videan-

889 1710 950 1735 tur.
985 1706 1122 1735 Graciles
1137 1703 1233 1744 st'ent]
1254 1704 1389 1745 Legitur
1404 1711 1437 1735 et
1448 1706 1586 1744 graciles,
1603 1711 1640 1735 ut

888 1747 1101 1778 declinaverit
1121 1747 1295 1778 Terentius
1310 1749 1374 1778 haec
1390 1749 1520 1787 gracila.
1554 1747 1640 1778 E.-

893 1791 923 1820 V
920 1792 1000 1821 inclo
1004 1789 1142 1830 pectore]
1152 1789 1225 1820 Vet.
1232 1790 1302 1821 cod.
1316 1791 1422 1820 Vincta
1428 1800 1558 1829 corpore.
1574 1789 1638 1820 Hi-

889 1842 1062 1873 eronymus
1077 1832 1118 1863 de
1134 1832 1266 1863 vitanda
1280 1832 1483 1873 suspicione:
1507 1833 1639 1871 Pupilla

878 1874 1023 1914 fasciolis
1037 1878 1281 1914 comprimuntur,
1298 1880 1329 1905 et
1351 1876 1500 1913 crispanti
1519 1877 1640 1914 cingulo

887 1919 1047 1958 angustius
1058 1923 1165 1957 pectas
1180 1923 1328 1948 arctatur.
1359 1917 1441 1947 Inde
1454 1917 1541 1958 apud
1558 1917 1638 1948 Fes-

888 1966 975 1990 tum:
1002 1962 1144 2000 Cingulus
1158 1961 1354 1999 appellabant
1373 1961 1514 1996 homines,
1530 1962 1584 2000 qui
1605 1962 1639 1991 in

887 2004 935 2033 lu’s
957 2004 1038 2039 Iocis,
1054 2004 1107 2032 ubi
1130 2004 1212 2042 cingi
1233 2004 1317 2038 solet,
1333 2004 1410 2033 satis
1431 2007 1503 2033 sunt
1524 2007 1637 2034 tenues.

894 2047 936 2076 Ut
952 2046 1085 2085 graciles
1105 2043 1200 2084 sient]
1227 2045 1278 2075 lta
1300 2044 1466 2076 Ausonius
1488 2055 1637 2086 quoquet

888 2087 945 2118 sed
964 2088 1089 2118 Probus
1112 2088 1256 2118 Gramm.
1274 2093 1309 2118 ut
1327 2089 1455 2128 gracilae
1476 2090 1564 2118 sient.
1597 2088 1636 2119 L.

885 2130 1090 2166 —l)onatus,
1107 2129 1214 2170 inquit
1235 2130 1389 2167 Faernus,
1406 2129 1487 2170 legit
1498 2132 1637 2170 gracilae,

886 2172 997 2203 dicens
1013 2183 1032 2203 a
1044 2172 1200 2214 singulari
1212 2174 1334 2213 gracila
1351 2172 1464 2203 venire
1479 2172 1563 2203 hanc
1579 2173 1636 2204 de-

885 2215 1103 2247 clinationem.
1143 2215 1213 2246 Nos
1235 2215 1408 2255 legendum
1430 2225 1500 2246 esse
1522 2225 1635 2247 cense-

886 2268 959 2289 mus
971 2260 1109 2299 gracilae,
1118 2257 1192 2298 quia
1203 2257 1275 2289 Val.
1286 2258 1419 2294 Probus,
1431 2268 1461 2299 p.
1477 2258 1568 2288 1466.
1580 2257 1637 2296 ait,

887 2301 1078 2332 Terentium
1095 2310 1178 2331 nove
1194 2300 1315 2331 dixisse
1331 2299 1365 2331 in
1384 2300 1466 2341 sing.
1483 2302 1547 2331 leoec
1558 2311 1636 2341 gra-

887 2345 957 2375 cila.
991 2344 1028 2375 B.

933 2388 983 2417 23.
1008 2388 1043 2417 Si
1058 2398 1118 2427 qua
1138 2388 1273 2416 habitior
1284 2384 1395 2425 paulo]
1420 2384 1516 2416 Unde
1531 2392 1565 2417 et
1578 2387 1641 2417 ha·—

889 2431 994 2460 bitudo
1015 2429 1151 2460 dicitur:
1176 2436 1222 2465 ut,
1245 2439 1312 2469 quae
1334 2430 1480 2459 habitudo
1502 2433 1547 2459 est
1568 2439 1634 2460 eor-

884 2474 995 2512 poris?
1018 2482 1093 2502 nam
1120 2473 1260 2508 habilior,
1287 2470 1394 2512 aptior
1419 2470 1634 2512 intelligitur3

888 2521 933 2552 ut,
952 2515 1027 2546 AEn.
1045 2514 1066 2545 i.
1084 2516 1156 2545 318.
1174 2515 1314 2555 Namque
1337 2515 1469 2544 humeris
1493 2515 1531 2544 de
1556 2525 1638 2546 more

886 2559 1016 2589 habilem
1037 2559 1235 2597 suspenderat
1250 2568 1362 2587 arcum.
1399 2556 1488 2596 Ergo
1502 2558 1637 2588 habitior

886 2600 1060 2649 legendum
1077 2607 1134 2631 est.
1172 2601 1312 2639 Pugilem
1331 2610 1394 2630 esse
1418 2598 1523 2639 aiunt]
1548 2599 1635 2631 Laus

884 2643 919 2674 in
935 2642 1094 2684 virginem
1113 2642 1201 2682 (Imo
1218 2641 1425 2682 vituperium,
1442 2651 1484 2672 ex
1502 2648 1634 2673 senten-

884 2686 930 2717 tia
943 2685 1110 2734 matrum).
1134 2686 1296 2716 Deduc-unt
1311 2682 1426 2724 cibum]
1444 2683 1532 2715 Mire
1547 2684 1634 2716 vitu-

884 2728 1012 2770 peravit
1026 2728 1171 2764 formam,
1188 2737 1284 2767 quam
1306 2726 1506 2758 securaverit
1521 2726 1632 2759 fames.

886 2771 931 2802 Et
945 2770 1077 2812 proprie
1091 2772 1252 2801 deducunt.
1290 2769 1332 2800 D.
1335 2771 1414 2800 —Sn‘
1434 2780 1495 2810 qua
1509 2775 1556 2801 est
1576 2772 1632 2802 ha-

887 2816 978 2845 bitior
996 2812 1105 2853 paulo]
1139 2812 1174 2842 Si
1199 2818 1248 2843 est
1274 2811 1317 2842 ali
1318 2821 1381 2852 qua
1403 2811 1632 2853 corpulentior.

884 2858 1049 2887 Deducunl
1065 2854 1180 2895 cibum]
1206 2854 1320 2886 Minus
1318 2823 1404 2885 qcibi
1422 2854 1510 2886 dant.
1549 2855 1588 2887 E.
1590 2873 1635 2879 —-

885 2897 1049 2938 Habitior]
1073 2897 1178 2929 Plaut.
1203 2897 1341 2938 Epidico
1362 2897 1383 2928 i.
1410 2898 1437 2928 1.
1462 2899 1490 2929 8.
1517 2899 1632 2939 Corpu-

886 2943 995 2973 lentior
1008 2943 1108 2972 videre
1123 2945 1214 2981 atque
1228 2941 1368 2971 habitior.
1407 2940 1444 2972 L.

931 2985 981 3015 24.
997 2985 1129 3015 Tametsi
1142 2985 1216 3014 bona
1227 2988 1272 3015 est
1280 2981 1410 3024 natura]
1423 2984 1518 3022 Bona,
1530 2984 1564 3015 id
1574 2991 1632 3021 est,
