1852 3216
113 139 252 168 scena
274 124 326 180 1.]

427 121 1347 166 HEAUTONTIMORUMENOS.

1551 123 1639 165 299

166 214 296 258 ΜΕΝ.
318 213 450 257 Meus
469 215 658 270 gnatus?
701 212 786 255 CH.
806 212 878 254 Sic
897 219 978 254 est.
1026 212 1337 255 Mmjvenit?
1381 211 1466 253 Cn.
1489 211 1632 254 Certe.

252 279 382 322 ΜΕΝ.
405 279 544 322 Clinia

167 345 298 388 Meus
311 346 451 388 venit?
490 345 574 387 Cn.
591 345 711 387 Dixi.
746 343 1067 394 MnN.Eamus,
1081 343 1425 395 ducmeadeum,
1438 344 1633 386 obsecro.

166 411 251 454 Cn.
274 410 379 453 Non
397 410 486 453 volt
506 418 549 453 te
568 411 678 452 scire
698 426 744 453 se
763 409 929 452 redisse
948 409 1075 451 etiam
1092 427 1103 460 ;
1133 417 1178 452 et
1197 416 1318 452 tuum

109 485 151 515 25
168 476 459 532 Conspectum
478 475 635 531 fugitat
653 483 832 532 propter
851 482 1099 530 peccatum:
1131 474 1213 518 hoc
1234 475 1367 526 timet,

164 541 238 584 Ne
259 550 334 584 tua
354 542 512 584 duritia
530 540 601 583 illa
620 542 795 596 antiqua
813 541 941 583 etiam
959 541 1143 583 adaucta
1164 541 1231 583 sit.

166 607 295 650 ΜΕΝ.
318 607 422 650 Non
447 615 495 650 tu
514 608 555 650 ei
576 607 737 658 dixisti,
758 614 807 650 ut
824 609 992 649 essem?
1042 607 1126 649 Cn.
1151 606 1269 649 Non.
1319 605 1449 650 ΜΕΝ.
1472 606 1633 655 Quam-

251 674 413 725 obrem,
436 673 650 715 Chreme?

165 740 250 782 Cn.
274 740 389 788 Quia
407 754 606 795 pessume
625 739 736 781 istuc
755 739 799 780 in
818 745 877 789 te,
897 747 1028 796 atque
1046 739 1090 781 in
1110 738 1227 781 illum
1247 738 1448 790 consulis,

166 806 213 848 Si
232 813 275 848 te
294 814 380 848 tam
399 805 484 848 leni
501 812 546 847 et
562 805 675 847 victo
693 804 834 847 animo
852 819 949 848 esse
969 805 1224 848 ostenderis.

108 879 149 910 3ο
166 871 295 914 ΜΕΝ.
313 871 416 913 Νοιι
435 885 634 927 possum:
664 870 767 912 satis
779 870 885 926 jam,
900 871 1001 913 satis
1017 877 1141 926 pater
1156 870 1292 912 durus
1309 869 1384 912 fui.
1430 869 1515 912 CH.
1531 868 1630 911 Ah!

165 936 413 979 Vehemens
432 937 475 978 in
495 943 719 991 utramque
739 943 921 991 partem,
943 935 1217 986 Menedeme,
1238 950 1286 977 es
1306 935 1444 986 nimis,

107 1075 204 1096 sensu
215 1071 274 1096 est.
313 1063 348 1096 Si
361 1063 448 1095 enim
460 1065 549 1101 valet,
562 1063 742 1095 necessario
754 1066 828 1095 vivit
837 1076 847 1095 .·

106 1118 181 1145 ιιοιι,
197 1107 225 1139 si
235 1106 324 1145 vivit,
335 1107 429 1139 valet.
469 1107 556 1148 Ergo
569 1109 644 1138 vivit
658 1112 689 1138 et
702 1109 782 1139 valet
797 1107 846 1138 di-

105 1151 244 1182 cendum
260 1158 338 1182 erat.
376 1150 421 1182 Et
435 1150 518 1181 bene
538 1156 708 1191 utrumque
726 1151 847 1191 junxit.-

107 1194 194 1226 Nam
215 1193 309 1226 multi
324 1193 446 1231 vivunt,
464 1193 521 1225 sed
542 1203 609 1224 non
630 1194 713 1225 bene
728 1193 846 1225 valent.

106 1238 142 1269 C.
236 1237 340 1278 Valet]
350 1236 558 1279 Temperavit
567 1236 672 1278 primo
681 1237 846 1275 nuncium,

106 1287 143 1312 ut
156 1287 315 1313 cresceret
332 1280 495 1322 gaudium.
535 1280 620 1311 Nam
642 1280 747 1321 primo
768 1283 848 1312 valet

105 1330 196 1365 atque
215 1326 300 1359 vivit,
313 1323 428 1364 inquit,
444 1323 530 1364 quod
551 1322 662 1363 utique
684 1323 847 1355 diversum

106 1377 178 1399 esse
193 1366 398 1398 manifestum
416 1372 475 1397 est.
513 1365 600 1397 Nam
621 1367 753 1397 valemus
773 1377 847 1398 cum

106 1410 234 1451 integra
256 1410 360 1441 salute
383 1419 512 1441 sumus:
539 1411 664 1440 vivimus
686 1420 759 1440 cum
780 1409 846 1451 spi-

107 1453 206 1484 ritum
213 1453 368 1484 ducimus.
411 1454 539 1484 Ubinam
550 1457 595 1483 est
602 1451 635 1493 ?]
648 1452 765 1483 Parum
776 1463 846 1485 cre·,

106 1496 156 1528 dit
168 1495 288 1537 gaudii,
304 1496 389 1537 quod
403 1495 465 1527 sibi
485 1495 571 1527 salus
585 1495 645 1526 filii
666 1495 847 1527 nunciatur.

108 1539 206 1571 Nunc
221 1539 262 1571 de
275 1539 346 1570 loco
361 1538 523 1580 queritur.
560 1539 636 1580 Ipse
651 1539 771 1581 quippe
792 1539 847 1580 qui

107 1583 177 1623 ejus
188 1582 365 1614 absentiam
377 1581 485 1614 dolere
497 1581 644 1613 videatur
657 1584 676 1603 ⁸
688 1581 796 1623 (Nunc
812 1585 850 1614 de

107 1627 170 1658 1000
190 1628 301 1667 quaen't
315 1628 399 1666 ipso.-
420 1627 530 1666 quippe
544 1628 597 1666 qui
611 1627 646 1656 ob
661 1625 726 1665 ejus
741 1627 847 1657 absen-

108 1671 182 1700 tiam
203 1670 303 1700 dolore
324 1671 479 1700 cruciatur
499 1670 635 1700 maxime.
662 1668 726 1709 Ζ.).
766 1669 849 1700 Ε.-

107 1714 202 1752 Apud
217 1723 262 1744 ne
284 1711 379 1753 domi]
396 1712 436 1743 V.
453 1712 489 1743 C.
513 1714 607 1752 Apud
625 1723 670 1743 me
692 1714 771 1743 domi
791 1718 846 1743 est.

110 1755 315 1787 L.-—Omnes
345 1755 455 1792 nostri,
486 1756 550 1786 Hic
573 1757 657 1795 opud
684 1767 729 1787 me
758 1757 845 1787 domi.

109 1798 262 1840 Repone:
286 1800 381 1838 Apud
393 1810 438 1830 me
453 1799 501 1829 hie
515 1800 603 1829 domi.
636 1798 673 1829 B.

151 1843 202 1873 22.
225 1843 315 1873 Mem
329 1840 482 1882 gnatnsl]
500 1840 608 1882 Magis
621 1851 694 1872 cum
709 1840 846 1872 admira-

107 1884 196 1916 tione
211 1895 307 1926 quam
316 1895 389 1916 cum
404 1884 654 1925 interrogatione
666 1884 847 1925 legendum.

109 1930 212 1959 Clinia
235 1939 316 1959 mens
339 1927 460 1968 venitl]
488 1927 624 1959 Addidit
648 1934 681 1958 et
707 1937 846 1959 nomen.

107 1971 193 2012 quod
214 1971 284 2002 fieri
300 1971 468 2002 consuevit
488 1970 523 2002 in
544 1970 596 2002 his
618 1981 697 2011 quos
716 1970 773 2002 diu
788 1981 846 2012 op-

106 2014 255 2050 tavimus.
270 2021 303 2046 et
313 2014 457 2046 nondum
470 2014 596 2045 venisse
607 2013 777 2045 credimus.
807 2015 846 2045 C.

105 2059 239 2090 —Meus
249 2063 363 2099 gnatus
373 2057 406 2098 ?]
417 2058 500 2089 Cum
511 2057 629 2088 iterum
640 2057 725 2098 quod
736 2057 847 2098 cupie-

107 2101 162 2133 bat
170 2111 270 2132 senex
279 2100 429 2138 audisset,
442 2107 594 2141 tanquam
603 2111 716 2142 parum
727 2101 847 2138 credat,

106 2143 392 2185 interrogationem
420 2143 548 2186 repetit.
593 2144 742 2185 Denique
771 2154 846 2186 per-

106 2186 208 2224 cussis
220 2186 370 2219 omnibus
383 2198 456 2219 cum
471 2187 746 2219 confirmationem
762 2197 847 2218 nun-

106 2230 149 2262 cii
160 2230 311 2269 audisset,
323 2237 508 2272 perseverat
517 2230 688 2272 gaudium.
712 2230 848 2271 ideoque

106 2274 234 2314 adiecit,
249 2275 311 2305 duc.
321 2285 366 2305 me
380 2276 422 2305 ad
433 2285 509 2311 eum,
524 2275 652 2305 obsecro.
683 2274 724 2304 E.

150 2318 201 2348 23.
224 2316 317 2358 Dixi]
336 2316 552 2349 Denunciatio
563 2316 848 2348 estconfirmandae

106 2360 285 2398 sementia,
300 2371 360 2392 nec
375 2360 546 2398 mutandae,
562 2360 716 2392 translata
726 2360 767 2391 de
779 2360 848 2391 foro

106 2410 142 2434 et
161 2403 339 2435 midicis
384 2404 507 2441 Cicero,
530 2403 565 2434 in
587 2403 722 2435 Verrem
744 2403 778 2434 ii.
794 2405 846 2434 30.

107 2447 214 2477 Praeco
243 2455 383 2478 nixisss
410 2449 601 2487 pronunciat.
645 2446 739 2488 Dixi]
771 2447 846 2478 Hoc

108 2489 262 2520 verbum'
253 2499 289 2520 ιιι
303 2490 368 2521 fine
382 2490 537 2527 additum,
549 2490 716 2532 superiora
726 2490 844 2521 confir·

107 2538 186 2562 mat.
229 2532 275 2564 Et
288 2539 338 2564 est
351 2533 518 2582 proprium
532 2533 583 2565 his
597 2533 652 2574 qui
674 2543 845 2575 perorave-

107 2580 186 2607 runt
198 2584 336 2606 cansam.
379 2575 627 2614 Quinctilianus,
650 2576 756 2608 Instit.
779 2576 800 2607 i.
815 2577 845 2608 5.

109 2626 247 2649 mxnue
257 2629 379 2659 qnoque,
390 2630 566 2660 quamquam
575 2621 610 2650 id
618 2621 768 2651 Antonius
780 2622 846 2651 Ru-

100 2660 159 2700 fus
184 2672 221 2692 e:
243 2663 360 2692 diverso
376 2664 462 2702 ponit
482 2664 654 2703 exemplum,
682 2664 720 2694 de
743 2664 846 2703 pluri-

109 2706 166 2737 bus
182 2706 321 2744 patronis
337 2715 436 2744 praeeo
447 2707 633 2745 pronunciet.
676 2705 770 2746 Dia-i]
793 2705 846 2737 Sic

107 2746 201 2821 gixit,
228 2746 318 2788 quasi
337 2749 406 2788 jam
428 2748 660 2780 obtunderetur
684 2759 705 2779 a
730 2749 845 2780 Mene-

130 2800 211 2823 emo.
242 2791 278 2821 C.

152 2835 204 2865 24.
232 2835 277 2865 Et
300 2839 383 2864 tuum
406 2838 590 2874 conspectum
603 2832 743 2875 fugitat]
769 2834 847 2867 Plus

109 2883 159 2908 est
166 2887 262 2918 quam
268 2876 366 2918 sugit.
404 2877 448 2908 Et
453 2876 578 2918 fugitat
585 2876 677 2915 dixit,
689 2884 726 2908 ut
737 2883 845 2910 osten-

109 2919 200 2952 deret
214 2920 316 2952 filium
332 2920 538 2951 vehementer
552 2920 674 2951 timere.
706 2920 744 2953 C.

153 2964 205 2996 25.
226 2963 360 3006 Corrige
377 2974 509 3006 pravam
524 2963 762 2996 distinctionem
778 2963 844 2996 ita:

894 1065 1086 1103 Conspectum
1097 1062 1243 1105 fugitat.-
1262 1069 1387 1104 propter
1401 1069 1558 1103 peccatum
1580 1065 1634 1095 hoc

892 1109 984 1138 timet.
1017 1107 1055 1138 B.

934 1150 985 1181 26.
1008 1152 1151 1181 Adaucta
1163 1149 1222 1190 sit]
1241 1149 1281 1181 V.
1292 1149 1328 1181 C.
1338 1152 1405 1181 siet.
1438 1150 1632 1181 L-Bemb.

891 1200 925 1225 et
939 1193 1062 1224 Victor.
1078 1195 1204 1234 antiqua
1219 1195 1283 1224 illa.
1327 1193 1410 1229 Quae
1426 1193 1551 1224 Faerno
1566 1192 1632 1224 ele-

888 1236 1017 1278 gantior
1030 1236 1159 1268 videtur
1169 1235 1346 1268 coUocatio.
1383 1236 1496 1268 Nostri
1510 1246 1632 1274 omnes,

889 1282 946 1311 illo
960 1282 1095 1321 antiqua.
1141 1280 1172 1311 Ν
1176 1279 1277 1311 eseias
1291 1286 1401 1311 utrum
1416 1279 1518 1311 malis.
1551 1280 1590 1311 B.

934 1323 985 1356 27.
1009 1324 1080 1354 Non
1100 1328 1134 1354 tn
1148 1325 1177 1354 ei
1191 1324 1281 1360 dixti,
1296 1328 1332 1354 nt
1345 1334 1437 1354 essem
1449 1322 1482 1363 ?]
1505 1325 1556 1361 Ut,
1571 1322 1631 1354 ali-

891 1366 1019 1406 quando
1044 1372 1166 1397 certam
1191 1365 1377 1406 qualitatem
1403 1365 1573 1407 significat,
1599 1372 1634 1398 et

891 1419 1123 1450 nonnunquam
1154 1408 1319 1440 incertam.
1372 1408 1472 1446 Alibi,
1502 1414 1538 1440 nt
1565 1414 1635 1441 erat

887 1458 986 1493 gesta.
1025 1453 1189 1484 C.—-Num
1219 1458 1253 1483 tu
1273 1454 1303 1484 ei
1323 1454 1413 1489 dixti,
1435 1457 1470 1483 nt
1490 1464 1582 1483 essem
1598 1450 1632 1493 2]

892 1496 982 1527 Num
1004 1502 1041 1527 tu
1062 1496 1094 1527 ei
1116 1495 1236 1534 dixisti,
1255 1495 1524 1536 quemadmodum
1546 1506 1632 1527 nunc

891 1540 1020 1571 essem?
1053 1539 1093 1570 E.

936 1584 987 1614 28.
1021 1582 1102 1616 Quia
1121 1593 1256 1623 pessume
1279 1581 1370 1623 istoc]
1396 1581 1575 1613 Consilium
1599 1587 1633 1613 et

891 1625 1079 1668 parentibus
1094 1625 1243 1657 omnibus
1257 1631 1290 1656 et
1307 1625 1383 1656 filiis
1405 1625 1551 1656 salubre:
1573 1635 1631 1667 pa-

891 1675 958 1700 tres
973 1669 1059 1701 enim
1075 1668 1176 1700 nimia
1189 1668 1338 1710 largitate
1353 1674 1387 1699 et
1400 1668 1572 1700 clementia
1593 1668 1633 1699 li-

890 1712 984 1744 beros
999 1719 1218 1754 corrumpunt.
1257 1712 1310 1743 Illi
1319 1722 1405 1750 vere,
1415 1711 1515 1743 nimia
1529 1711 1631 1742 licen-

890 1755 935 1787 tia
949 1755 1125 1787 deteriores
1138 1755 1225 1793 facti,
1247 1754 1393 1797 patribus
1406 1754 1547 1792 moerori,
1570 1754 1632 1786 sibi

890 1809 966 1830 vero
981 1799 1174 1830 detrimento
1189 1805 1274 1829 sunt.
1304 1798 1341 1829 C.
1343 1797 1487 1832 —Quam
1505 1800 1632 1837 pessime

890 1844 923 1872 in
938 1841 984 1883 te]
1010 1842 1076 1872 Hic
1093 1843 1162 1882 jam
1182 1841 1300 1883 incipit
1314 1840 1458 1872 suasoria
1478 1840 1543 1877 illa,
1559 1851 1631 1881 quae

891 1884 1035 1916 mximum
1055 1884 1157 1926 patris
1178 1884 1352 1926 componit,
1367 1890 1404 1915 ut
1420 1883 1505 1915 circa
1526 1883 1631 1915 filium

891 1934 1048 1969 temperet
1054 1927 1229 1964 lenitatem,
1237 1933 1292 1959 aut
1297 1926 1479 1968 largitatem
1485 1926 1631 1964 nimiam,

891 1977 947 2002 aut
959 1971 1158 2013 parcitatem.
1203 1970 1348 2011 Utroque
1365 1980 1485 2011 genere
1505 1980 1630 2012 peccas,

891 2015 968 2045 dum
989 2021 1045 2045 aut
1066 2014 1159 2053 (nunc
1176 2014 1230 2054 Z.)
1253 2013 1390 2045 nimium
1410 2013 1518 2055 larg-us
1533 2023 1577 2050 es,
1593 2018 1632 2045 ut

890 2064 966 2089 ante
994 2057 1131 2088 nimium
1157 2067 1282 2099 parcus.
1326 2056 1381 2087 Ex
1408 2056 1469 2087 hoe
1495 2055 1632 2096 (excidit

882 2103 923 2140 fit
948 2100 1017 2140 Z.),.
1041 2106 1078 2131 ut
1102 2100 1135 2131 in
1157 2110 1258 2131 unum
1281 2099 1402 2131 malum
1427 2109 1469 2131 ex
1494 2099 1631 2131 diversis

890 2144 1032 2175 moribus
1062 2143 1182 2174 venias.
1226 2143 1365 2174 E.—Ex
1389 2144 1475 2174 illum
1500 2142 1631 2175 eliditur

889 2197 991 2218 unum
1005 2187 1026 2223 l,
1040 2193 1078 2218 ut
1091 2187 1134 2218 sit
1149 2185 1319 2228 dactylus
1309 2196 1344 2217 m
1359 2192 1472 2227 quarta
1486 2185 1563 2217 sede
1577 2194 1629 2218 se-¹

890 2230 983 2261 narii.
1011 2231 1049 2261 Β.

934 2274 984 2305 29.
1008 2275 1087 2305 Sile
1108 2272 1243 2314 tam]V.
1259 2273 1297 2304 C.
1316 2273 1507 2306 anicetum.
1545 2272 1629 2304 L.—

891 2317 994 2348 Recte
1013 2317 1158 2348 Faernus
1172 2315 1316 2353 collocat,
1334 2321 1365 2346 et
1383 2318 1462 2347 victo
1478 2327 1541 2347 esse
1557 2318 1627 2347 άιιὶ-

890 2372 944 2398 nw,
961 2370 1003 2391 ne
1017 2363 1115 2391 animo
1129 2359 1164 2391 in
1176 2359 1274 2391 Thesi
1288 2358 1465 2390 delitescat.
1497 2359 1535 2390 B.
1586 2358 1591 2362 ’

933 2405 985 2434 30.
1018 2405 1089 2435 Non
1109 2402 1246 2444 possum]
1269 2402 1343 2433 Hoc
1365 2408 1414 2433 est
1433 2402 1534 2433 animi
1550 2401 1630 2434 victi

890 2453 923 2478 et
933 2446 1110 2478 clementis.
1150 2446 1317 2478 Interdum
1328 2445 1369 2476 ad
1378 2444 1510 2476 nimiam
1521 2445 1629 2487 indig-

889 2490 1052 2521 nationem
1054 2495 1205 2539 spectat:
1229 2495 1266 2520 ut
1276 2488 1357 2520 illud
1368 2487 1514 2530 Satyrici,
1526 2489 1627 2521 Juve-

890 2533 952 2568 nal.
970 2533 1062 2564 Sat.
1053 2533 1098 2564 1ii.
1116 2534 1166 2564 60.
1190 2534 1261 2564 Non
1279 2543 1397 2572 possum
1409 2531 1506 2572 serre,
1522 2533 1630 2566 Qniri-

890 2582 944 2614 ωε,
963 2578 1099 2608 Graecam
1113 2578 1224 2607 urbem.
1262 2574 1421 2616 Satiejoem
1434 2574 1528 2617 satie]
1545 2575 1628 2608 Haeo

889 2600 1101 2662 reduplicatio
1114 2629 1262 2660 magnam
1274 2618 1372 2649 habet
1381 2617 1628 2651 vehementiam.

889 2665 966 2695 Ah!
988 2661 1156 2703 vehentem]
1179 2662 1270 2693 Bene
1291 2661 1384 2699 dixit,
1404 2663 1564 2700 veken-ens,
1585 2662 1627 2694 de

890 2716 929 2737 eo
953 2706 1008 2747 qui
1035 2716 1099 2737 non
1122 2710 1265 2736 servaret
1286 2704 1426 2736 modum.
1474 2705 1518 2737 Ve
1540 2703 1628 2737 enim

888 2749 1055 2791 particula,
1071 2748 1166 2779 sicuti
1181 2747 1326 2797 quaedam
1341 2746 1421 2785 aliae,
1436 2754 1504 2780 tum
1517 2747 1627 2781 inten-

888 2792 1022 2830 sionem,
1033 2798 1100 2823 tum
1113 2790 1324 2822 minutionem
1333 2790 1502 2840 signiticat.
1537 2791 1627 2833 Ergo

887 2838 1048 2873 vehemens,
1076 2844 1096 2865 a
1125 2837 1232 2866 meritis
1252 2836 1284 2866 m·
1308 2840 1403 2876 atque
1427 2833 1552 2878 impetu
1574 2835 1625 2866 di-

887 2878 981 2910 citur.
1012 2878 1050 2909 C.

932 2922 983 2952 31.
1016 2921 1112 2962 Lege,
1135 2930 1199 2962 quo
1219 2920 1368 2953 meliores
1386 2921 1466 2953 fiant
1487 2921 1625 2960 numeri,

894 2966 1052 2997 Vehemens
1066 2969 1222 3006 utrumqne
1235 2966 1269 2996 in
1277 2967 1408 3006 parcen..
1437 2965 1476 2997 Β.
