1910 3216
427 100 613 137 INDEX
645 100 970 137 VERBORUM
1002 100 1072 136 ET
1103 100 1425 137 PHRASIUM.

63 194 136 216 esse
160 182 282 215 victum
309 192 394 213 eum.
430 182 496 213 His
524 182 641 213 rebus'

655 181 826 213 Amatores
848 181 1012 213 audieram
1038 181 1210 214 mulierum

1751 108 1794 138 81

1286 181 1422 224 postulo]
1440 182 1456 213 1
1460 188 1492 214 ta
1507 182 1580 214 volo
1601 183 1710 224 itaque
1730 162 1801 222 pos·

62 227 144 258 alias
155 237 233 266 pone
248 235 336 262 sane,
358 225 475 266 inquit,
497 224 622 257 decem.
638 218 725 255 'esse
741 234 797 255 eos
811 234 991 261 maxumus,
1006 224 1064 256 sed
1084 224 1131 256 nil
1152 234 1207 263 po·
1245 226 1308 256 tulo
1322 231 1358 257 ut
1373 225 1440 256 fiat.
1463 225 1550 256 And.
1567 225 1613 256 iii.
1630 227 1661 263 3,
1678 227 1727 257 18.
1765 226 1802 257 Si

64 269 195 300 Phorm.
212 268 253 300 iv.
271 270 302 305 3,
319 269 359 299 25
374 276 412 299 et
424 269 476 299 ⁶2.

104 310 281 352 popularis]
293 311 322 341 O
329 310 621 351 populares,ecquis
638 306 642 345 ξ

64 365 117 385 me
151 354 247 385 hodie
285 353 366 385 vivit
402 353 619 385 fortunatior?
638 356 641 386 ζ

636 247 739 298 itesse.
764 266 848 298 Eun.
866 267 907 298 iv.
926 268 955 304 3,
973 268 1023 298 24.

1245 267 1348 299 efficio
1362 268 1434 305 hoc,
1449 270 1567 306 postulo
1584 274 1622 299 ut
1643 274 1699 300 tua
1720 268 1802 300 mihi

695 314 865 358 ωυρμ-ε
889 309 953 350 os.]
978 310 1050 351 Ego
1070 319 1126 342 ero
1143 315 1213 348 poet
1244 309 1359 342 domus
1377 316 1495 352 pateat.
1528 311 1614 347 Eun.
1637 321 1667 342 v.
1692 313 1722 348 8,
1747 312 1798 342 28.

654 351 824 394 principia.

880 362 934 383 un.
950 352 992 383 iv.
1007 353 1037 390 7,
1054 354 1102 384 11.
1117 364 1124 367 ·
1139 354 1212 384 Poet
1247 353 1381 394 Iniquus
1396 363 1440 391 es,
1454 353 1510 394 qui
1525 363 1578 384 me
1591 360 1697 385 tacere
1710 354 1751 385 de
1765 364 1801 384 re

66 397 151 428 Eun.
176 407 206 427 v.
226 398 256 434 9,
277 397 305 428 1.
350 396 503 433 Obsecro,
524 407 620 436 popu—
638 394 722 438 {haec
745 394 945 436 praeeipitem
968 395 1088 426 darem.
1115 395 1210 426 Adel.
1245 402 1335 427 tanta
1348 398 1490 434 postules.
1519 396 1639 427 Heaut.
1663 406 1692 427 v.
1717 397 1748 433 3,
1771 397 1802 427 9.

62 441 154 475 lares,
170 439 252 470 ferte
268 439 386 470 misero
405 446 502 479 atque
525 439 619 470 inno-
638 454 642 494 i

62 482 153 513 centi
163 481 331 513 auxilium.
348 481 488 523 Adelph.
502 481 535 512 ii.
550 482 578 518 1,
593 482 619 512 1.

63 525 200 556 Amicus
212 535 358 555 summus
372 534 464 556 meus
478 530 512 555 et

63 569 151 598 laris.
176 567 305 598 Phorm.
322 567 343 598 i.
366 568 393 604 1,
413 568 439 598 1.

105 610 250 651 populus]
292 609 331 640 ld
365 611 494 650 populas
530 615 622 640 curat

62 653 206 684 scilicet!
247 652 332 683 And.
361 652 382 683 i.
415 654 444 689 2,
476 653 525 683 14.
581 651 621 682 In

63 697 163 727 ore'st
179 695 266 726 omni
284 697 401 735 populo.
433 694 573 735 Adelph.
599 694 620 725 i.

64 739 94 775 2,
115 739 162 769 13.
203 737 269 773 Qui
292 738 355 769 erit
376 747 487 769 rumor
599 739 620 774 i,

62 780 90 812 si
107 780 141 811 id
152 780 289 811 feceris?
314 780 444 812 Phorm.
458 790 487 812 v.
503 780 532 817 7,
549 781 597 810 18.

101 822 210 863 pom]
237 823 375 860 Dehinc,
397 829 434 854 ut
454 822 623 864 quiescant

57 877 159 906 porro,
183 876 308 897 moneo.
342 865 428 896 And.
458 865 544 896 Prol.
569 866 620 896 23.

65 909 160 940 Misit
171 919 264 948 porro
281 918 383 946 orare,
406 915 443 940 ut
466 908 620 945 venirem,

65 951 160 982 serio.
186 951 270 982 Eun.
285 951 331 982 iii.
346 953 375 988 3,
390 953 441 982 22.
477 952 522 982 At
531 961 622 991 porro

61 1001 151 1025 recte
165 1004 271 1035 spero.
302 994 423 1025 Heaut.
447 993 468 1025 i.
493 995 522 1031 2,
549 993 619 1026 107.

655 437 701 468 iii.
715 438 744 474 2,
755 438 806 468 20.
839 438 913 468 Post
923 438 1039 469 factam
1048 437 1209 479 injuriam.

657 479 739 510 Hec.
757 490 786 511 v.
807 481 834 517 1,
854 480 902 511 16.

696 527 775 560 pose,
805 521 955 563 adverb]
978 522 1054 554 Post
1081 522 1210 554 deinde.

657 565 742 596 And.
758 564 804 596 iii.
821 566 851 602 2,
869 566 898 596 3.
939 566 1022 601 Quae
1044 565 1210 607 proferen-

656 614 741 681 {1¹:05⁹
741 608 837 681 “55⁸5
850 607 1211 682 ‘iiffifflessiifniss

656 699 688 724 te
703 703 783 731 esse,
800 700 833 724 et
848 693 996 734 ignosces
1012 700 1119 724 tamen
1133 698 1210 731 post.

657 735 777 767 Heaut.
801 747 831 767 v.
857 738 886 774 1,
909 736 960 767 61.
998 737 1073 767 Post
1094 746 1210 767 consu·

655 778 729 809 lam.
753 778 893 820 Adelph.
911 789 940 810 v.
957 779 988 816 9,
1001 779 1052 809 25.
1084 779 1158 809 Post
1170 778 1211 809 de

656 827 758 852 matre
773 821 893 853 videro.
928 821 1010 852 Hec.
1035 821 1077 852 iv.
1102 822 1133 858 4,
1159 820 1209 853 78.

658 863 757 895 Haud
765 864 868 895 multo
877 869 954 902 post.
972 864 1068 895 Phor.
1079 874 1109 894 v.
1120 864 1209 900 6,39.

695 905 818 947 postea]
856 906 944 942 Quid
981 913 1050 937 tum
1078 911 1183 944 postea
1195 909 1211 937 ?

655 948 741 979 Eun.
763 948 796 980 ii.
821 950 851 986 3,
877 950 926 982 79.
968 949 1056 985 Quid
1081 952 1211 987 postea?

654 991 794 1032 Adelph.
810 991 852 1022 iv.
873 993 901 1029 1,
920 993 968 1022 13.
1007 992 1127 1022 Nonne
1143 992 1210 1022 haec

62 1037 233 1068 Cessatum
270 1047 372 1077 usque
412 1036 516 1067 adhuc
550 1042 618 1067 est:
648 1035 738 1073 justa
759 1033 819 1065 tibi
834 1034 987 1065 videntur
1006 1036 1139 1072 postea?
1162 1034 1209 1065 A—

62 1090 150 1110 nunc
161 1090 253 1119 porro
265 1079 499 1121 expergiscere.
523 1078 618 1109 Adel.

62 1122 106 1152 iv.
122 1124 153 1159 4,
171 1123 221 1153 23.
260 1122 308 1152 Te
323 1132 381 1152 oro
393 1133 484 1162 porro
501 1121 535 1152 in
558 1121 619 1152 hac

62 1175 100 1195 re
114 1165 242 1206 adjutor
257 1165 302 1196 sis
317 1164 407 1196 mihi.
433 1164 517 1195 Hec.
531 1164 573 1195 iv.
587 1165 617 1201 4,

62 1208 114 1238 99.
174 1207 302 1247 Ecquid
339 1207 422 1248 speii
461 1208 616 1247 porro’st?

62 1250 192 1281 Phorm.
209 1249 255 1280 iii.
276 1251 303 1286 l,
322 1251 370 1280 10.

101 1291 248 1333 portitor]
267 1292 448 1334 Epistolam
464 1292 505 1323 ad
517 1294 616 1332 porti-

60 1340 140 1367 tores
150 1345 221 1367 esse
232 1335 380 1366 delatam.
399 1335 457 1366 Ph.
467 1334 489 1365 i.
504 1336 533 1372 2,
546 1335 615 1365 100.

101 1377 208 1419 porto]
242 1378 286 1409 Di
316 1377 402 1415 boni,
434 1377 511 1408 boni
540 1377 618 1417 quid

58 1424 171 1462 porto?
195 1420 280 1452 And.
293 1420 327 1451 ii.
341 1422 370 1457 2,
390 1421 417 1451 1.
452 1420 519 1451 Hic
531 1429 618 1450 nunc

60 1474 114 1495 me
125 1463 228 1495 credit
239 1463 379 1504 aliquam
388 1462 450 1494 sibi
459 1462 617 1493 fallaciam

55 1512 192 1547 portare.
218 1506 302 1537 And.
319 1506 352 1536 ii.
370 1506 399 1543 6,
423 1507 452 1536 2.
498 1504 619 1536 Nescio

59 1592 116 1623 tio.
158 1592 277 1623 Heaut.
306 1591 348 1622 iv.
380 1592 408 1628 l,
439 1592 486 1621 12.
534 1591 617 1621 Item

60 1635 138 1666 hinc
164 1634 228 1665 alia
254 1644 327 1675 quae
350 1639 437 1673 porto
462 1634 617 1674 Cyprum.

60 1677 200 1718 Adelph.
226 1677 260 1708 ii.
288 1678 318 1714 2,
342 1678 394 1707 22.
441 1675 535 1707 Porto
558 1676 618 1706 hoc

55 1720 200 1760 jurgium
223 1720 264 1750 ad
286 1729 430 1750 uxorem.
463 1718 546 1749 Hec.
571 1717 617 1748 iii.

61 1764 91 1799 5,
109 1763 160 1793 63.
198 1762 288 1793 Cedo
302 1761 380 1802 quid
393 1765 509 1799 portas,
524 1761 618 1792 obse-

63 1815 128 1836 cro.
154 1804 283 1835 Phorm.
299 1804 320 1835 i.
338 1805 368 1841 4,
386 1805 437 1834 20.

106 1846 228 1887 portus]
247 1847 318 1887 Ego
332 1846 367 1877 in
381 1851 472 1884 portu
491 1845 616 1886 navigo.

62 1890 149 1921 And.
166 1890 213 1920 iii.
234 1891 261 1927 1,
278 1890 329 1920 22.
368 1889 470 1920 Modo
485 1888 549 1919 isse
567 1888 616 1919 di-

60 1933 126 1964 cito
149 1932 190 1963 ad
210 1937 340 1970 portum.
373 1931 457 1962 Hec.
482 1931 502 1961 i.
529 1932 560 1968 2,
587 1932 616 1961 2.

62 1976 291 2007 Percontatum
321 1974 375 2005 ibo
411 1973 452 2004 ad
487 1978 617 2011 portum,

60 2018 166 2058 quoad
175 2028 210 2048 se
219 2016 365 2058 recipiat.
380 2016 476 2047 Phor.
484 2016 517 2046 ii.
527 2017 556 2053 4,
566 2017 616 2047 22.

101 2060 207 2101 posco]
226 2060 332 2091 Tanto
347 2059 437 2090 ocius
451 2064 482 2089 te
497 2065 533 2090 ut
546 2067 616 2096 pos·

60 2108 120 2134 eat.
146 2103 267 2134 Heaut.
284 2102 326 2133 iv.
344 2103 375 2138 8,
395 2102 447 2132 26.
495 2101 562 2132 Abs
585 2107 617 2132 te

60 2152 172 2187 petere
202 2151 236 2176 et
262 2154 393 2183 poscere.
433 2143 554 2175 Heaut.
586 2154 615 2175 v.

63 2190 90 2225 l,
108 2189 159 2219 53.

102 2229 255 2270 possideo]
288 2230 340 2262 De
367 2239 478 2266 uxore,
507 2229 554 2260 ita
580 2233 618 2259 ut

59 2275 189 2310 possedi,
226 2272 272 2303 nil
309 2278 414 2303 mutat
450 2272 614 2302 Chremes.
633 2299 635 2301 ,

61 2315 147 2347 And.
164 2326 194 2346 v.
211 2316 242 2352 4,
261 2315 313 2345 46.
358 2315 406 2346 Te
428 2314 500 2355 ipso
520 2314 615 2345 here·
632 2304 635 2322 ¹

653 1076 761 1118 delph.
779 1076 821 1107 iv.
839 1078 869 1113 5,
887 1078 937 1107 26.

694 1119 860 1161 posterior]
878 1120 954 1150 Non
968 1121 1148 1157 posteriores
1163 1119 1209 1150 fe-

653 1171 731 1193 ram.
756 1162 838 1193 Adel
863 1162 894 1193 h.
912 1173 941 1193 v.
957 1163 988 1199 4,
1006 1162 1057 1192 26.

693 1207 844 1242 posterius
876 1205 928 1236 Ne
940 1211 977 1236 tu
989 1204 1050 1235 hoc
1061 1206 1211 1242 posterius

652 1246 750 1278 dicas.
786 1248 872 1278 And.
900 1247 947 1278 iii.
973 1249 1004 1284 2,
1034 1248 1084 1278 29.
1135 1247 1211 1288 Ipse

652 1290 772 1321 sentiet
789 1293 949 1328 posterius.
974 1289 1112 1331 Adelph.
1132 1289 1154 1319 i.
1179 1290 1207 1326 2,

652 1333 704 1363 60.
744 1332 840 1368 Quod
858 1338 890 1364 te
906 1334 1058 1370 posterius
1079 1341 1208 1373 purges.

652 1374 793 1417 Adelph.
809 1374 843 1406 ii.
863 1376 890 1412 1,
907 1377 938 1406 8.

693 1416 872 1458 posthabeo]
904 1417 1020 1453 Omnis
1049 1418 1211 1455 posthabui

652 1460 732 1491 mihi
746 1470 808 1491 res.
833 1461 962 1491 Phorm.
980 1470 1009 1491 v.
1025 1458 1054 1497 7,
1074 1461 1122 1490 15.

1245 438 1318 479 Ego
1333 448 1459 479 quoque
1480 449 1501 470 a
1521 438 1603 470 meis
1626 449 1678 470 me
1700 438 1801 470 amari

1244 487 1278 512 et
1297 481 1407 522 magni
1430 481 1530 522 pendi
1549 483 1678 519 postulo.
1706 481 1801 512 Adel.

1244 534 1274 555 v.
1298 525 1328 560 4,
1353 525 1404 555 25.
1450 524 1540 555 Num
1563 523 1707 564 iniquom
1730 533 1800 562 pos-

1244 567 1308 597 tulo
1319 569 1335 597 7
1358 566 1488 598 Phorm.
1505 565 1539 597 ii.
1556 567 1587 604 3,
1603 567 1655 598 64.

1285 608 1407 650 potem]
1430 609 1514 645 Quis
1536 615 1586 640 est
1607 616 1673 640 tam
1695 614 1802 648 potens

1243 661 1317 682 cum
1337 657 1428 683 tanto
1449 660 1585 683 munere
1606 652 1689 683 hoc?
1715 652 1800 684 Eun.

1244 693 1277 724 ii.
1295 695 1325 731 3,
1340 694 1390 725 62.
1423 695 1575 731 Potentes,
1587 694 1684 731 dites,
1697 695 1799 726 fortu-

1244 736 1322 773 nati,
1336 736 1470 768 nobiles.
1491 736 1629 778 Adelph.
1642 737 1687 768 iii.
1701 738 1733 774 4,
1748 737 1801 770 57.

1285 779 1436 820 potestas]
1460 779 1579 811 Libera
1593 779 1726 811 vivendi
1740 780 1804 811 fuit

1242 827 1386 860 potestas.
1424 822 1510 853 And.
1541 822 1563 854 i.
1591 823 1618 860 1,
1644 823 1696 853 26.
1725 822 1802 854 vide

1245 865 1358 896 Notas.
1391 865 1493 905 Cujus
1502 865 1560 896 tibi
1568 870 1704 903 potestas
1711 875 1800 896 sum·

1244 917 1297 938 ma
1312 907 1459 938 servandi
1476 907 1580 939 datur.
1604 907 1689 938 And.
1706 907 1753 938 iii.
1770 909 1802 945 3,

1245 951 1275 981 9.
1316 950 1355 980 Ῑιι
1370 960 1423 981 me
1440 950 1537 992 plane
1556 950 1600 981 Di
1619 955 1801 990 potestaten

1244 1002 1336 1023 suam
1355 1002 1485 1023 omnem
1507 993 1688 1024 ostendere.
1713 993 1799 1024 Eun.

1244 1045 1273 1065 v.
1291 1036 1322 1071 8,
1339 1036 1368 1065 2.
1408 1034 1509 1070 Quasi
1525 1045 1590 1066 non
1609 1045 1648 1066 ea
1666 1040 1802 1075 potestas

1243 1077 1286 1108 sit
1302 1084 1366 1108 tua.
1385 1078 1504 1108 Heaut.
1516 1077 1559 1108 iv.
1573 1079 1604 1115 3,
1617 1079 1670 1108 42.
1693 1077 1800 1109 Video

1243 1119 1278 1150 in
1309 1119 1438 1151 illarum
1471 1129 1542 1151 me
1575 1126 1608 1151 te
1639 1125 1799 1160 potestate.

1246 1162 1328 1193 Hec.
1347 1162 1381 1193 ii.
1399 1164 1428 1200 2,
1446 1163 1477 1193 8.
1514 1162 1573 1193 Ait
1587 1169 1725 1203 uterque
1740 1162 1800 1194 tibi

1241 1210 1419 1245 potestatem
1430 1207 1501 1245 eJus
1512 1205 1652 1236 habendi
1663 1215 1700 1237 se
1712 1205 1799 1236 dare.

1245 1248 1374 1279 Phorm.
1391 1258 1421 1279 v.
1439 1249 1468 1284 6,
1485 1249 1537 1278 40.

1283 1292 1393 1330 potior,
1431 1289 1563 1330 adject]
1606 1290 1656 1321 Sit
1690 1293 1800 1330 potior,

1243 1333 1332 1374 prior
1345 1333 1385 1364 ad
1397 1333 1538 1364 dandum
1551 1332 1606 1373 qui
1622 1339 1681 1364 est.
1702 1333 1798 1364 Phor.

1243 1375 1289 1406 iii.
1307 1377 1337 1412 2,
1353 1377 1406 1406 48.

1283 1421 1392 1458 potior,
1413 1417 1519 1459 verb.]
1544 1417 1623 1449 Mea
1643 1417 1726 1449 nihil
1747 1428 1800 1450 re·

1242 1460 1314 1497 fert,
1330 1460 1407 1491 dum
1421 1463 1524 1500 potiar
1538 1461 1644 1491 modo.
1683 1460 1749 1492 Fac
1763 1466 1801 1492 ut

60 1549 138 1590 quid
153 1549 277 1591 peccati
289 1554 395 1589 portat
409 1548 478 1579 haec
497 1557 616 1589 purga·
652 1502 854 1586 dep‘istifflo
860 1504 1095 1576 PZiiiZdigg-as
1114 1502 1210 1576 fffigf
1239 1503 1469 1577 glogua-infreni·
1486 1513 1535 1577 vlis
1553 1504 1674 1586 3313τῖ
1686 1502 1800 1577 em

654 1587 738 1619 Prol.
756 1589 807 1619 26.
844 1588 944 1619 Hunc
960 1588 1044 1619 tuin
1060 1587 1140 1618 aedis
1154 1597 1208 1618 co-
1242 1598 1313 1619 esse
1333 1588 1367 1619 in
1387 1590 1532 1628 potiundo
1553 1588 1712 1629 periclum
1733 1599 1801 1620 non

652 1630 737 1671 gitas
763 1631 909 1672 recipere
930 1633 1085 1669 posthac?
1122 1630 1207 1661 Eun.

653 1683 682 1704 v.
701 1674 730 1710 2,
747 1674 799 1704 59.

694 1715 836 1757 postilla]
866 1717 998 1747 Postilla
1023 1725 1110 1746 nunc
1139 1715 1207 1756 pri-

654 1768 741 1789 mum
771 1759 877 1790 audio.
915 1758 1002 1789 And.
1034 1768 1062 1788 v.
1093 1759 1126 1795 4,
1156 1759 1206 1788 33.

652 1801 738 1832 Tute
762 1802 826 1832 scis
851 1802 976 1839 postilla
999 1810 1095 1841 quam
1119 1800 1206 1831 intu-

652 1853 741 1875 mum
753 1844 889 1875 habeam
905 1851 947 1875 te.
974 1843 1059 1873 Eun.
1076 1843 1097 1873 i.
1112 1844 1142 1880 2,
1156 1842 1206 1875 27.

694 1886 863 1927 postmodo]
874 1887 1032 1917 Postmodo
1042 1885 1206 1917 rescisces.

654 1929 737 1960 Hec.
754 1929 787 1959 ii.
805 1930 831 1966 1,
852 1930 899 1959 11.
926 1928 998 1959 vide
1016 1928 1128 1959 Notas.

691 1971 850 2012 postputo]
865 1970 986 2003 Omnia
1000 1970 1063 2002 sibi
1079 1976 1205 2008 postpu-

653 2017 731 2045 tam‘t
752 2024 822 2045 esse
844 2024 912 2055 prae
933 2023 1007 2044 meo
1027 2013 1205 2044 commodo.

652 2057 792 2098 Adelph.
810 2057 843 2087 ii.
868 2058 899 2094 3,
921 2057 951 2087 9.
992 2056 1060 2087 Res
1079 2061 1205 2093 postpu-

652 2104 732 2130 tasse
747 2106 780 2130 te
795 2109 908 2130 omnes
921 2108 989 2140 prae
1004 2103 1140 2139 parente
1156 2097 1205 2129 in-

653 2141 779 2183 tellego.
804 2142 887 2173 Hec.
904 2141 950 2172 iii.
965 2142 996 2178 5,
1013 2141 1063 2171 33.

692 2183 867 2225 postquam]
891 2186 1054 2223 Postquam
1076 2188 1108 2214 te
1131 2182 1204 2214 emi.

651 2227 738 2258 And.
755 2227 776 2257 i.
799 2228 827 2264 1,
851 2228 880 2257 8.
919 2227 1083 2266 Postquam
1105 2225 1207 2256 sensit

651 2279 704 2300 me
719 2275 826 2300 tecum
841 2278 968 2310 quoque
984 2278 1053 2299 rem
1076 2268 1203 2298 habere.

652 2311 737 2342 Eun.
762 2312 783 2342 i.
813 2313 842 2348 2,
868 2311 919 2344 57.
965 2312 1129 2351 Postquam
1151 2319 1203 2341 as-

60 2358 101 2389 de
131 2358 199 2389 haec
229 2359 382 2395 possidere
411 2356 614 2387 Bacchidem.
632 2351 634 2376 Ι
649 2354 738 2395 pexi,
752 2354 827 2385 ilico
842 2352 988 2394 cognovi.
1018 2353 1137 2384 Heaut.
1161 2352 1203 2383 iv.

61 2401 181 2431 Heaut.
199 2401 275 2447 v..2,
295 2400 342 2431 16.
383 2399 464 2430 Haec
479 2398 615 2447 perinde
632 2405 634 2429 τ
654 2398 682 2445 1,
695 2398 747 2427 43.
778 2398 943 2436 Postquam
952 2395 1040 2426 intus
1049 2405 1120 2426 sum
1133 2405 1202 2425 om·
1363 2436 1371 2443 “
1507 2436 1515 2443 .
1638 2437 1646 2443 ·

59 2449 145 2479 sunt,
152 2449 189 2473 ut
196 2442 284 2473 illius
293 2442 430 2478 animus,
437 2451 492 2482 qui
502 2450 613 2478 eapos-
631 2435 634 2470 l
650 2449 739 2470 mum
750 2449 858 2470 rerum
868 2444 966 2469 satur.
983 2437 1077 2468 Adel.
1090 2448 1120 2468 v.
1134 2438 1162 2474 l,
1173 2438 1202 2467 3.
1239 2437 1267 2468 9.
1307 2437 1373 2468 Ubi
1389 2442 1424 2468 tu
1438 2436 1577 2474 dubites,
1593 2436 1671 2477 qmd
1685 2446 1794 2468 sumas

59 2487 147 2516 sidet.
173 2485 294 2515 Heaut.
322 2484 344 2515 i.
369 2485 401 2520 2,
425 2485 477 2514 21.
527 2483 613 2524 Reg-

60 2537 191 2564 numne,
211 2526 378 2575 AEschipe,
392 2526 446 2557 hic
463 2532 499 2557 tu
515 2528 612 2563 pmi-
630 2544 633 2580 i

60 2572 138 2601 des?
154 2569 293 2610 Adelph.
309 2579 343 2599 ιι.
363 2570 391 2604 1,
408 2569 460 2599 21.

691 2480 856 2521 postremo]
873 2482 1028 2512 Postremo
1042 2479 1077 2510 id
1089 2479 1132 2510 da
1142 2479 1203 2510 mi·

649 2523 684 2554 hi
716 2523 835 2564 negoti.
880 2523 965 2553 And.
1002 2522 1048 2553 iii.
1087 2523 1118 2559 2,
1151 2522 1203 2552 41.

1243 1630 1301 1662 vis.
1339 1631 1460 1662 Heaut.
1489 1631 1523 1661 ii.
1556 1632 1586 1668 3,
1617 1632 1656 1662 81
1684 1637 1718 1662 et
1747 1632 1798 1662 82.

1244 1673 1354 1704 Patria
1371 1676 1491 1714 potitur
1511 1673 1689 1704 commoda.
1729 1673 1797 1705 Mi-

1242 1715 1359 1747 seriam
1381 1726 1512 1747 omnem
1532 1725 1593 1756 ego
1607 1716 1721 1757 capim
1744 1715 1798 1747 hic

1239 1761 1358 1798 potitur
1383 1758 1510 1799 gaudia.
1545 1758 1686 1799 Adelph.
1711 1769 1741 1789 v.
1766 1759 1797 1796 4,

1245 1800 1283 1834 17
1300 1807 1334 1832 et
1349 1802 1399 1832 22.
1439 1800 1569 1841 Nequid
1588 1806 1724 1843 propter
1745 1807 1796 1832 tu·

1240 1853 1292 1874 am
1331 1843 1428 1874 fidem
1469 1843 1607 1884 decepta
1643 1845 1799 1883 potiretur

1241 1885 1326 1916 mali.
1366 1886 1496 1916 Phorm.
1525 1885 1572 1916 iii.
1606 1885 1634 1922 1,
1666 1887 1696 1916 5.
1723 1886 1797 1917 vide

1242 1928 1354 1959 Notas.
1386 1927 1519 1959 Abduxi
1530 1927 1718 1959 mulierem:
1738 1938 1795 1960 cu-

1239 1970 1319 2008 ravi,
1349 1970 1482 2012 propria
1511 1980 1550 2001 ea
1579 1970 1731 2002 Phaedria
1759 1977 1797 2002 ut

1237 2015 1396 2053 potiretur.
1423 2013 1552 2044 Phorm.
1568 2023 1599 2044 ν.
1615 2014 1647 2050 5,
1664 2015 1694 2044 2.

1278 2055 1367 2095 pote]
1383 2055 1414 2086 N
1417 2055 1440 2086 il
1452 2064 1551 2096 supra
1556 2060 1637 2095 pote.
1653 2055 1794 2096 Adelph.

1239 2098 1273 2129 ii.
1291 2099 1321 2135 3,
1340 2099 1388 2128 11.
1412 2097 1487 2128 vide
1503 2097 1615 2129 Notas.

1279 2139 1377 2180 poeta]
1399 2141 1501 2171 Potin'
1526 2149 1562 2171 es
1582 2139 1663 2171 mihi
1682 2149 1796 2172 verum

1239 2182 1372 2214 dicere?
1397 2182 1482 2213 And.
1498 2181 1532 2213 ii.
1549 2183 1579 2219 6,
1595 2182 1627 2213 6.

1278 2223 1484 2265 potissimum]
1521 2225 1637 2262 Quem,
1678 2224 1795 2266 inquit,

1238 2268 1359 2298 vocabo
1380 2267 1420 2298 ad
1443 2277 1570 2298 coenam
1587 2277 1734 2299 meorum
1747 2277 1792 2299 ε-

1238 2309 1381 2351 qualium
1387 2311 1575 2350 potissimum
1585 2310 1692 2341 nunc?
1706 2309 1793 2341 And.

1238 2352 1271 2383 ii.
1289 2353 1319 2389 6,
1337 2353 1388 2383 23.
1425 2351 1522 2387 Quod
1539 2352 1581 2383 ad
1601 2351 1694 2383 illum
1716 2351 1793 2383 atti-

1238 2401 1294 2426 net
1303 2396 1501 2434 potissimum
1529 2393 1670 2436 Adelph.
1692 2394 1740 2425 iii.
1765 2395 1794 2431 1,

1235 2481 1431 2520 potissimum.
1455 2478 1587 2510 Phorm.
1602 2479 1637 2510 ii.
1654 2480 1685 2516 2,
1702 2479 1754 2511 29.

1277 2520 1397 2562 potius]
1418 2521 1568 2552 Inveniet
1585 2521 1723 2570 inopem·
1735 2532 1792 2562 po-

630 2568 803 2603 ,Postremo
814 2565 970 2606 imperavi
982 2570 1111 2605 egomet
1124 2564 1205 2595 mihi
1239 2566 1310 2601 tius,
1335 2573 1432 2604 quam
1453 2570 1486 2594 te
1509 2563 1673 2605 corrumpi
1695 2570 1792 2613 sun-at.

101 2610 235 2651 possum]
265 2611 403 2646 Quando
426 2620 493 2642 non
516 2614 615 2648 potest
649 2608 757 2639 omnia
768 2606 939 2641 adsentari.
964 2607 1050 2638 Eun.
1062 2606 1095 2637 ii.
1109 2607 1139 2644 2,
1153 2607 1203 2637 21.
1238 2606 1324 2638 And.
1340 2606 1374 2637 ii.
1390 2607 1421 2643 3,
1438 2606 1489 2636 22.
1527 2605 1628 2637 Domi
1641 2615 1792 2648 opperta-

59 2655 93 2685 id
109 2654 179 2685 fieri
202 2653 287 2694 quod
301 2653 361 2690 vis,
376 2653 411 2683 id
426 2652 507 2684 velis
529 2652 615 2693 quod
630 2663 632 2687 3
649 2652 803 2682 Postremo
810 2649 1065 2683 adeoresrediit.
1083 2649 1203 2680 Heaut.
1238 2659 1311 2680 mur
1321 2650 1434 2689 potius,
1450 2658 1546 2688 quam
1564 2647 1619 2679 hic
1640 2655 1717 2680 ante
1738 2658 1791 2680 os·

57 2699 162 2735 possit.
185 2696 272 2726 And.
290 2695 323 2726 ii.
345 2697 373 2732 1,
392 2695 423 2726 6.
469 2694 545 2726 Tibi
569 2690 632 2725 ita‘

58 2740 119 2770 hoc
135 2738 282 2769 videtur:
305 2743 340 2768 at
360 2747 421 2778 ego
439 2747 506 2768 non
530 2745 616 2774 posse

649 2703 669 2724 ¹‘
691 2693 874 2775 iv'oftikmus]
891 2733 928 2764 Si
949 2733 984 2764 id
1005 2733 1093 2771 racis,
1108 2732 1205 2764 hodie

1238 2691 1341 2722 tium?
1366 2690 1452 2721 Eun.
1468 2700 1498 2721 v.
1515 2691 1545 2727 2,
1562 2690 1614 2722 56.

1277 2731 1365 2773 poto]
1381 2733 1450 2764 Cur
1467 2733 1576 2764 amat?
1604 2743 1664 2765 cur
1678 2736 1793 2774 potat?

60 2781 207 2812 arbitror.
232 2780 318 2811 And.
334 2779 380 2811 iii.
398 2781 429 2817 3,
446 2780 497 2810 31.
541 2779 616 2810 Huc
648 2782 829 2815 postremum
852 2786 905 2807 me
927 2775 1027 2807 vides.
1059 2775 1145 2807 And.
1170 2775 1203 2806 ii.
1238 2775 1378 2817 Adelph.
1394 2775 1416 2806 i.
1435 2775 1463 2812 l,
1480 2774 1532 2808 ³7.
1568 2775 1725 2814 obsonant,
1736 2787 1792 2816 po·

59 2823 130 2854 face
145 2823 185 2854 ad
201 2832 254 2854 me
268 2822 391 2859 venias,
409 2822 437 2852 si
461 2821 540 2862 quid
561 2830 615 2859 po-
655 2821 681 2857 1,
706 2821 757 2850 22.
797 2819 879 2850 Haec
894 2818 1034 2859 denique
1053 2820 1123 2859 eJus
1144 2817 1206 2849 fuit
1239 2823 1296 2855 tat,
1324 2817 1391 2849 olet
1416 2827 1526 2859 ungue

1526 2823 1583 2849 nta
1593 2819 1607 2848 2
1637 2818 1680 2849 de
1708 2828 1792 2850 meo.

60 2868 144 2897 teris.
171 2865 254 2896 And.
274 2864 316 2896 iv.
342 2866 372 2902 2,
396 2864 446 2895 29.
493 2863 540 2894 Ut
561 2873 616 2901 po·
649 2861 924 2900 marmoratio.
943 2861 1040 2892 Phor.
1053 2861 1095 2892 iv.
1109 2862 1139 2898 3,
1151 2861 1204 2891 44.
1238 2859 1379 2902 Adelph.
1406 2859 1428 2890 i.
1454 2861 1484 2897 2,
1512 2861 1564 2893 37.
1610 2860 1723 2892 Otium
1752 2861 1792 2892 ab

61 2914 135 2945 tero,
147 2907 257 2938 feram.
277 2907 363 2938 And.
378 2917 408 2937 v.
418 2908 448 2943 3,
462 2906 515 2939 27.
539 2906 616 2938 Mu·

693 2903 875 2945 postulatio]
899 2903 1014 2944 Neque
1033 2903 1108 2935 lites
1131 2902 1207 2934 ullae
1238 2901 1420 2934 senitmsad

1601 2908 1639 2934 ut
1646 2903 1792 2935 habeam.

61 2960 123 2981 nus
160 2955 308 2981 nostrum
351 2955 465 2980 ornato
501 2948 618 2986 verbis,
651 2948 738 2979 inter
753 2957 817 2984 eas,
833 2947 999 2984 postulatio
1019 2955 1204 2986 numquam.
1239 2945 1369 2977 Phorm.
1387 2955 1416 2976 v.
1432 2945 1463 2983 5,
1479 2946 1510 2977 4.

62 2992 148 3033 quod
173 2995 296 3030 poteris.
336 2992 421 3023 Eun.
459 2990 493 3022 ii.
527 2992 556 3029 1,
588 2992 617 3022 8.

654 2990 736 3021 Hec.
753 2990 774 3021 i.
791 2990 821 3027 2,
839 2990 933 3061 105.ι

1279 2986 1386 3028 potu]
1401 2987 1485 3019 Cum
1496 2987 1623 3029 virgine
1636 2998 1700 3019 una
1709 2987 1790 3019 adu·
