1852 3216
76 182 217 211 seem
239 170 308 225 ιι]

685 168 994 212 ANDRIA.

1561 177 1620 218 39

132 258 419 308 Incertum’st,
444 259 549 314 quid
576 273 716 314 agam.
780 258 878 301 Mv.
916 258 1080 301 Misera
1115 260 1259 311 timeo,
1290 261 1373 304 hoc
1406 263 1617 307 incertum

215 337 421 378 quorsum
440 323 623 365 accidat.

78 395 120 425 30
136 387 227 429 Sed
247 402 361 430 nunc
382 403 573 444 peropus
594 395 677 439 est,
698 395 773 430 aut
792 387 908 430 hunc
928 402 1026 430 cum
1045 388 1154 443 ipsa,
1177 396 1252 431 aut
1271 404 1339 432 me
1369 390 1531 446 aliquid
1562 394 1617 436 de

216 451 288 493 illa
307 453 538 494 advorsum
558 453 674 495 hunc
694 452 827 508 loqui.

131 517 250 558 Dum
271 518 315 558 in
339 518 474 560 dubio
504 526 572 560 est
601 520 783 569 animus,
803 516 933 573 paulo
963 526 1178 561 momento
1207 518 1293 562 huc
1315 519 1382 562 vel
1412 520 1512 564 illuc
1542 522 1618 564 im-

216 582 405 637 pellitur.

131 646 251 688 ΡΑΜ.
285 647 398 695 Quis
413 647 483 690 hic
500 647 721 703 loquitur?
762 649 936 705 Mysis?
971 649 1101 692 salve.
1154 650 1253 693 ΜΥ.
1277 651 1320 694 Ο
1340 651 1471 703 salve,
1488 652 1615 695 Pam-

215 711 347 767 phile.
399 712 518 754 PAM.
543 712 664 760 Quid
684 714 803 769 agit?
854 713 952 756 MY.
976 713 1162 770 Rogas?

131 776 326 818 Laborat
346 792 371 819 e
391 777 554 828 dolore,
575 785 707 833 atque
726 793 782 820 ex
803 778 886 821 hoc
906 779 1062 821 misera
1083 779 1332 831 sollicita’st,
1354 782 1468 824 diem

130 841 248 889 Quia
264 841 364 883 olim
378 842 422 883 in
437 841 553 884 hunc
574 850 676 884 sunt
696 845 942 885 constitutae
962 845 1152 899 nuptiae:
1184 853 1276 887 tum
1295 853 1439 888 autem
1459 846 1544 890 hoc
1565 848 1618 890 ti-

72 915 113 944 35
130 906 203 947 Ne
222 906 399 948 deseras
420 921 481 948 se.
534 906 652 948 ΡΛΜ.
677 907 808 958 Hem,
830 924 968 964 egone
988 911 1100 953 istuc
1120 914 1266 954 conari
1286 916 1470 968 queam?
1494 914 1616 970 [met,

130 970 231 1026 Ego
251 978 431 1026 propter
450 985 518 1013 me
539 970 654 1013 illam
673 972 816 1028 decipi
835 974 1034 1016 miseram
1056 976 1221 1018 sinam?

73 1095 202 1127 Deinde
216 1096 335 1137 adjecit
351 1096 612 1135 sollicitudinem,
629 1099 721 1139 cujus
743 1109 819 1130 cau·

70 1149 139 1170 snm
153 1139 255 1180 ponit,
268 1140 354 1180 quod
365 1140 442 1171 olim
452 1140 637 1171 constitutae
647 1147 724 1172 sunt
735 1152 820 1183 nup0

70 1181 135 1218 tiae,
156 1188 189 1213 et
208 1188 368 1220 vereatur,
391 1193 433 1214 ne
455 1182 544 1214 illam
568 1183 696 1214 deserat
723 1184 819 1215 Pam—

71 1223 188 1265 philus.
228 1225 293 1256 His
308 1226 405 1256 rebus
419 1225 563 1267 perfecta
577 1226 745 1268 persuasio
760 1233 820 1264 est,

71 1272 109 1298 ut
120 1267 220 1298 amori
236 1267 424 1299 adolescens
439 1268 549 1309 potius
563 1269 681 1300 debeat
694 1270 819 1301 obtem-

71 1310 399 1394 elegite-&32:2⁴2
405 1311 604 1402 p‘igp‘griiittl's
610 1312 715 1394 EjZ-ue
721 1322 822 1385 nil-:33-

72 1395 823 1479 m²⁶¹¹⁰¹11¹031⁸²⁰1⁸21131¹23²n2¹¹333¹233&ss

72 1479 269 1511 deserturus.
308 1480 465 1518 Primum,
481 1491 523 1511 ne
545 1481 602 1511 illa
623 1481 742 1513 misera
763 1482 821 1512 de·

70 1522 221 1563 cipiatur,
245 1533 318 1563 quae
341 1533 471 1554 omnem
495 1523 596 1554 vitam
619 1524 650 1554 ei
672 1524 821 1561 credidit,

71 1574 168 1605 quam
184 1564 239 1596 ille
254 1564 415 1603 dilexerit,
432 1571 466 1596 et
486 1576 547 1607 pro
569 1575 670 1597 uxore
692 1576 822 1608 semper

73 1607 240 1643 habuerim
266 1608 327 1639 hoe
350 1609 391 1639 ab
413 1608 486 1639 utili
510 1617 566 1639 est.
606 1608 761 1649 Sequitur
780 1610 821 1640 ab

72 1649 226 1686 honesto;
249 1650 401 1691 quoniam
416 1650 534 1692 pudice
549 1651 620 1691 ejus
634 1651 765 1683 doctum
788 1658 822 1683 et

72 1692 224 1723 eductum
239 1692 407 1734 ingenium
423 1704 489 1724 non
509 1693 607 1725 debet
627 1694 821 1726 necessitate

71 1734 247 1766 immutari.
290 1736 380 1767 Huic
403 1736 452 1767 rei
475 1736 611 1776 quaestio
634 1737 820 1778 opponitur,

72 1787 115 1808 an
134 1778 196 1808 hoc
217 1778 323 1809 facere
344 1778 449 1819 possit
468 1778 665 1817 adolescens,
687 1790 762 1811 cum
785 1780 821 1811 in

72 1819 175 1861 patris
190 1820 233 1851 sit
247 1820 373 1862 positus
387 1827 557 1862 potestate.
590 1821 628 1852 Ε.

115 1863 167 1893 29.
202 1864 348 1896 Quorsum
371 1863 510 1904 accidat]
537 1863 590 1894 Ad
617 1874 714 1904 quam
740 1874 821 1901 rem,

70 1915 135 1945 quo
158 1915 280 1936 versus.
318 1906 530 1937 D.—0mnes
552 1905 618 1937 mei
642 1912 676 1937 et
702 1906 822 1938 Faerni

70 1947 162 1979 codd,
172 1948 293 1979 habent
302 1950 448 1980 incertum
460 1951 535 1983 hoe,-
557 1955 655 1979 recte.
692 1948 822 1980 Deinde

69 2002 209 2031 quorsum·
220 1998 311 2022 muta
325 1991 359 2022 iu
375 2003 511 2032 quorsus,
525 1991 618 2022 metri
635 1991 749 2032 gratia.
782 1992 820 2023 B.

114 2034 166 2064 80.
190 2035 252 2064 Sed
264 2045 343 2064 nune
355 2045 485 2074 peropus
500 2033 562 2074 est]
580 2034 758 2065 calliditati
774 2034 821 2065 fe-

70 2075 188 2107 mineae
203 2083 236 2107 et
251 2076 378 2107 astutiae
393 2077 555 2107 sententia
570 2077 638 2108 haec
660 2077 819 2118 congruit.

71 2121 146 2149 Cen
162 2118 246 2159 ipsa]
268 2121 351 2158 Ipsa,
368 2129 455 2150 nunc
477 2119 609 2150 domina
630 2129 712 2150 mea.
750 2122 819 2150 Ad-

69 2172 186 2192 vorsum
201 2161 296 2202 hune]
316 2162 412 2203 Apud
429 2162 534 2193 hunc:
559 2168 597 2193 ut
617 2162 704 2200 alibi,
721 2164 766 2193 Ee
787 2164 822 2193 id

66 2209 191 2244 gratu
203 2203 305 2244 fitis-te
325 2206 483 2235 adversm
507 2210 546 2242 te,
561 2207 656 2235 habeo
673 2207 819 2245 gratiam.

72 2246 242 2287 D.—Lege
255 2248 422 2288 peropu'st.
462 2247 574 2278 Nostri
597 2247 690 2278 codd.
707 2258 820 2279 omnes

70 2289 131 2320 hoc
145 2290 270 2327 ordine,
286 2296 341 2321 aut
355 2292 476 2330 aliquid
496 2292 533 2321 de
555 2292 611 2321 illa
633 2301 688 2321 me.
727 2290 820 2322 Tolle

69 2334 197 2373 aliquid,
213 2332 299 2373 quod
317 2339 351 2364 et
371 2332 505 2364 incertae
526 2339 577 2364 est
598 2333 695 2371 sedis,
712 2339 746 2364 et
766 2343 818 2364 re-

114 2419 167 2448 31.
180 2381 286 2449 ‘nm-
301 2399 334 2449 εἰ.
355 2375 448 2449 2⁶10
468 2423 515 2450 m
535 2417 671 2459 anim]
696 2418 818 2450 Trans-

69 2459 149 2491 latio
173 2460 242 2492 Mc
266 2467 316 2492 est
337 2471 358 2492 n
380 2461 466 2492 mole
490 2460 627 2501 alicujus
654 2462 819 2503 ponderis,

70 2512 143 2543 quae
158 2509 234 2534 ante
255 2513 352 2544 quam
373 2504 408 2534 in
431 2503 503 2535 loco
522 2504 655 2541 sederit,
670 2515 746 2535 cum
767 2504 820 2535 in-

70 2546 432 2630 ΞῗηΡίἛὲωῗὲιὼ]
419 2553 763 2621 ι’νῗεο.“ἐῗὲ.“ἱ·’ἶῖ.ἶίἷὲα
776 2547 819 2621 ’ἔῖ

116 2631 168 2660 32.
209 2632 286 2664 Quis
310 2633 360 2662 hie
388 2631 567 2673 Μαίων-ἵ]
600 2632 674 2663 Hoc
700 2642 820 2664 secum.

71 2672 202 2703 Deinde
223 2683 408 2712 conversus,
423 2680 462 2705 ut
481 2674 573 2712 vidit,
593 2676 704 2715 Myra,
726 2677 818 2707 salve.

71 2714 178 2756 Salve]
195 2715 337 2747 Difficile
350 2722 402 2747 est
413 2716 502 2748 aliud
512 2716 661 2748 invenire
674 2718 819 2756 verbum,

71 2758 157 2798 quod
187 2757 234 2790 sic
268 2757 458 2796 declinetur,
491 2761 579 2791 Saloe
615 2767 650 2791 et
685 2762 819 2796 salven,-

70 2800 153 2874 ffi
144 2801 594 2884 -1’:..¹:‚¹¹³¹¹⁸.:3‘¹2⁵.-.1’2....‘
535 2802 654 2885 Μὲῆ
671 2809 821 2877 *fn-¹²¹²..

69 2885 162 2927 pium
174 2886 409 2918 Terentianum
425 2886 649 2928 injungendis
759 2888 819 2920 nis.

73 2928 210 2970 umbe]
227 2929 268 2967 O,
281 2929 464 2969 interjectio
476 2929 621 2971 optantis
678 2937 821 2969 ventum,

71 2976 128 3002 sut
142 2978 278 3013 repente
298 2972 450 3013 perculsi.
488 2974 572 3006 Quid
591 2975 660 3012 agie
668 2972 703 3014 3]
721 2974 821 3005 Ama-

865 1099 957 1137 torie‚
973 1106 1007 1131 et
1022 1100 1226 1132 familiariter
1237 1112 1302 1133 non
1319 1102 1409 1134 addit
1424 1114 1506 1144 quae.
1537 1104 1615 1136 vir-

863 1142 971 1183 gilius,
1000 1143 1077 1175 AEn.
1105 1143 1147 1174 iv.
1176 1145 1250 1176 479.
1305 1147 1379 1179 Quae
1405 1149 1480 1177 mihi
1505 1149 1617 1178 reddat

864 1196 940 1223 eum,
963 1188 1011 1216 vel
1030 1197 1064 1217 eo
1085 1197 1131 1217 me
1153 1189 1249 1218 solvat
1270 1193 1429 1219 amantem.
1469 1191 1572 1229 Rogas
1581 1189 1615 1230 ?]

866 1228 970 1259 Lenta
985 1229 1131 1269 quaedam
1147 1236 1180 1260 et
1195 1229 1298 1261 tristis
1316 1237 1367 1262 est
1387 1231 1566 1272 responsio,
1583 1239 1617 1263 et

864 1270 975 1302 dolore
989 1271 1097 1312 plena.
1130 1272 1172 1303 D.

908 1314 959 1344 33.
987 1315 1124 1345 Laborat
1145 1326 1162 1345 e
1183 1315 1300 1356 dolore]
1326 1316 1500 1357 Duplicem
1524 1317 1614 1349 labo-

864 1365 934 1386 rem
952 1356 1096 1397 Glycerii
1119 1367 1190 1388 esse
1212 1357 1301 1395 dicit,
1317 1369 1418 1390 uuum
1441 1359 1615 1408 partitudi-

865 1398 927 1435 nis,
951 1398 1090 1429 alterum
1113 1409 1199 1430 curae
1222 1407 1255 1430 et
1277 1400 1506 1433 sollicitudinis
1530 1413 1614 1444 nup-

865 1440 984 1472 tiarum
1001 1441 1174 1483 Pamphili.
1212 1444 1350 1474 Laborat
1364 1455 1380 1474 e
1398 1444 1515 1485 dolore]
1538 1445 1615 1476 eal-

864 1482 930 1514 lide
959 1484 1146 1524 aggreditur
1167 1486 1341 1524 Juvenem3
1376 1497 1452 1517 nam
1478 1494 1615 1528 utraque

866 1525 947 1564 (Ms.
967 1526 1011 1557 Η.
1029 1533 1062 1557 et
1084 1527 1260 1558 Lindenbr.
1284 1529 1460 1570 amnique)
1482 1537 1616 1571 propter

864 1567 957 1599 illum
972 1569 1165 1610 perpetitur,
1182 1576 1216 1601 et
1236 1570 1380 1602 dolorem
1403 1577 1436 1602 et
1457 1572 1614 1603 sollieitu-

864 1610 984 1641 dinem.
1021 1614 1124 1652 Atque
1138 1623 1176 1643 ex
1190 1611 1260 1653 hoc]
1278 1613 1393 1654 Mysis,
1410 1623 1483 1654 quae
1502 1621 1616 1646 contra

864 1660 991 1694 patrem
1014 1664 1150 1685 suasura
1175 1661 1234 1692 est,
1256 1655 1417 1687 incertum
1443 1655 1616 1688 inveniens

865 1695 1082 1737 Pamphilum,
1103 1697 1197 1728 facile
1219 1698 1260 1728 ad
1282 1708 1317 1729 se
1338 1699 1500 1730 convertit
1521 1710 1614 1731 men·

864 1738 953 1769 tione
968 1739 1108 1770 dominae
1122 1750 1207 1771 suae:
1232 1746 1266 1771 et
1285 1742 1427 1772 mxime
1448 1742 1535 1783 quod
1557 1743 1614 1774 ad-

864 1781 957 1817 didit,
974 1791 1033 1812 cur
1046 1782 1135 1813 illam
1150 1793 1270 1823 egram
1286 1794 1356 1814 esse
1371 1784 1466 1815 dicat.
1505 1785 1616 1820 Quare

865 1823 974 1854 statim
986 1824 1165 1865 perfectum
1182 1831 1241 1862 est,
1257 1825 1343 1866 quod
1358 1826 1495 1864 volebat,
1511 1833 1549 1858 ut
1564 1827 1614 1858 di-

864 1872 917 1896 cat
934 1866 1133 1907 Pamphilus,
1149 1869 1255 1907 Egone
1269 1871 1349 1898 istuc
1364 1871 1468 1899 conari
1481 1881 1587 1909 quea-⁸
1599 1873 1616 1900 Ρ

866 1908 1006 1939 D.—Eae
1027 1911 1082 1939 hoc
1104 1911 1215 1940 misera
1236 1911 1369 1942 sollicita
1390 1916 1437 1942 est
1459 1913 1520 1949 die,
1535 1911 1616 1953 legit

865 1950 1069 1982 Westerhov.
1103 1952 1140 1982 Z.

909 1994 959 2024 34.
986 1993 1183 2035 Consfitutae]
1195 1995 1266 2025 Nec
1282 1995 1373 2026 addit
1389 2006 1408 2027 a
1423 2002 1534 2038 patre:
1558 1997 1617 2028 sed

864 2035 1034 2073 invidiose,
1050 2036 1142 2076 quasi
1157 2043 1190 2069 et
1212 2048 1232 2068 a
1254 2038 1427 2080 Pamphilo
1447 2039 1515 2070 sint
1535 2050 1614 2071 con-

864 2078 996 2109 stitutae.
1042 2079 1096 2110 An
1119 2079 1213 2111 timet
1232 2080 1268 2111 in
1290 2081 1444 2122 negotio!
1478 2084 1516 2113 In
1537 2085 1616 2114 hunc

863 2120 960 2162 diem]
979 2121 1072 2152 Idem
1085 2121 1172 2153 enim
1189 2122 1260 2154 dies
1274 2130 1334 2160 est,
1347 2134 1412 2165 quo
1426 2124 1617 2165 placuerant

864 2163 1035 2195 destinatae
1056 2164 1189 2206 nuptiae,
1213 2166 1360 2206 quamvis
1382 2166 1541 2198 Chremes
1561 2177 1615 2199 re-

864 2206 1093 2242 nunciaverat:
1115 2214 1149 2238 et
1169 2217 1278 2249 supra,
1293 2210 1358 2239 Hic
1378 2211 1496 2248 nuptiis
1515 2211 1618 2241 dietus

863 2255 910 2280 est
938 2251 1013 2280 dies.
1070 2251 1146 2280 Tun
1171 2250 1290 2291 αιιὶει]
1331 2252 1417 2288 Tun,
1447 2257 1615 2292 preterea.

864 2293 1004 2322 Sollicita
1018 2291 1082 2333 est]
1099 2294 1279 2324 Sollicitudo
1292 2303 1402 2324 rerum
1417 2293 1615 2326 incertarum

863 2334 967 2376 magis
983 2341 1041 2366 est.
1083 2337 1171 2369 Quod
1181 2338 1214 2366 in
1230 2338 1309 2366 hunc
1323 2337 1403 2367 dien
1416 2341 1488 2367 nm
1502 2340 1614 2368 eonsti-

865 2382 938 2408 tutae
964 2376 1096 2418 πυρεῖα]
1125 2377 1192 2409 Hic
1218 2378 1338 2410 certior
1363 2384 1471 2410 metus
1495 2385 1556 2417 est,
1582 2386 1617 2411 et

862 2419 1002 2460 gravior.
1035 2420 1077 2451 D.

908 2464 960 2494 35.
983 2464 1089 2504 Egone
1104 2465 1183 2495 istuc
1197 2463 1320 2504 ωπον-ἰ]
1345 2463 1425 2495 Ideo
1446 2463 1495 2495 sic
1516 2464 1614 2497 Pam-

863 2505 983 2547 philus,
1000 2506 1076 2546 quia
1097 2506 1154 2537 illa
1174 2506 1336 2538 invidiose
1358 2517 1435 2543 non,
1454 2506 1616 2539 Deserere

863 2548 999 2589 cogaris,
1015 2548 1117 2585 dixit,
1142 2549 1210 2586 sed,
1233 2549 1372 2580 deseras.
1411 2550 1516 2589 Ego-e
1536 2552 1617 2582 Mae

863 2590 985 2631 conari]
1015 2591 1091 2622 Non
1118 2591 1285 2633 perficere,
1313 2591 1371 2622 sed
1396 2592 1508 2623 conari
1531 2592 1616 2624 velle

866 2633 988 2674 aliquid
1000 2634 1042 2664 ad
1052 2633 1167 2671 scelus,
1181 2633 1308 2665 effectio
1320 2639 1379 2671 est,
1392 2633 1490 2665 etiam
1505 2634 1534 2666 si
1547 2645 1615 2666 non

862 2682 972 2718 potest
985 2676 1066 2707 fieri.
1106 2676 1174 2707 Hic
1189 2676 1277 2707 enim
1292 2676 1452 2714 voluutas,
1465 2687 1532 2708 non
1546 2677 1614 2709 fic-

863 2725 932 2750 tum
948 2718 1139 2754 damnaturz
1162 2724 1198 2749 ut
1210 2718 1379 2760 Virgilius,
1391 2719 1470 2751 ΕΒ.
1480 2719 1525 2751 vi.
1538 2719 1614 2752 ⁶24.

863 2764 943 2792 Ausi
962 2772 1061 2792 omes
1088 2763 1217 2792 bnans
1239 2760 1335 2802 nefins,
1357 2772 1488 2802 ausoque
1508 2765 1613 2803 potiti.

864 2802 1613 2846 Egoneeonoei]12evimestoonnri‚qmmfa-

864 2856 938 2878 cere
980 2847 1012 2877 D

909 2870 960 2920 δὲ.
984 2891 1089 2929 Egone
1109 2894 1235 2930 propter
1255 2888 1320 2931 ne]
1346 2889 1471 2931 Magna
1491 2890 1542 2922 vis
1565 2897 1615 2923 est

866 2932 900 2962 in
915 2931 1181 2973 pronominibus3
1204 2938 1238 2963 et
1252 2931 1381 2964 diversa
1395 2939 1482 2970 sunt,
1497 2939 1531 2964 et
1545 2933 1613 2964 sin-

866 2974 952 3014 gula,
969 2980 1002 3005 et
1022 2983 1086 3006 non
1109 2973 1364 3017 precipitantur,
1379 2985 1440 3007 nec
1462 2975 1615 3007 dicuntur
