1852 3216
109 217 249 246 semu
271 203 340 259 110]

715 178 1021 244 ANm'uA.

1571 204 1650 244 105

370 346 624 394 ACTUS
671 345 959 400 QUINTI
1013 346 1268 394 SCENA
1314 347 1382 393 ΙΙ.

459 471 628 502 DAVUS.
666 470 907 502 CHREMES.
945 470 1071 502 SlMo.
1109 470 1291 502 DROMo.

160 555 321 596 Ammo
342 568 455 595 nunc
470 554 561 608 jam
581 554 720 594 otioso
740 567 836 594 esse
856 553 1035 607 impero,
1087 552 1172 594 Cn.
1198 552 1314 595 Hem
1335 551 1505 594 Davom
1527 546 1618 594 tibi.

160 620 224 661 Si.
261 619 392 661 Unde
425 618 677 674 egreditur?

247 684 311 726 St.
337 684 458 731 Quid
477 683 584 725 illud
605 682 704 725 mali
724 685 820 724 est?

738 617 859 660 DAv.

900 618 1006 659 Meo
1041 618 1245 673 praesidio
1280 625 1410 672 atque
1445 617 1645 672 hospitis.

161 749 281 790 DAv.
316 748 416 804 Ego
447 749 778 790 commodiorem
807 747 1036 799 hominem,
1067 749 1314 799 adventum,
1344 755 1531 803 tempuS‚
1562 762 1649 789 non

247 814 348 855 vidi.
402 813 467 854 SI.
492 812 660 862 Scelus,

158 878 399 926 Quemnam
432 877 502 919 hic
536 876 714 918 laudat?

248 943 312 984 S1.
337 942 473 984 Cesso
494 941 683 997 alloqui?

774 877 893 919 DAv.
928 878 1082 919 Omnis
1118 893 1188 920 res
1224 886 1292 920 est
1321 878 1412 933 jam
1443 878 1487 919 in
1519 877 1645 919 vado.

126 1017 144 1045 5
162 1007 282 1049 DAv.
305 1007 453 1048 Herus
475 1013 566 1048 est:
598 1006 703 1061 quid
725 1009 878 1061 agam?
931 1007 996 1048 S1.
1020 1008 1078 1056 O,
1102 1007 1231 1058 salve,
1253 1008 1365 1049 bone
1388 1008 1474 1048 vir!
1527 1007 1647 1049 DAv.

248 1071 390 1113 Ehem
412 1071 553 1113 Simo!
586 1086 612 1112 0
633 1078 780 1113 noster
801 1070 1010 1114 Chreme!

162 1137 319 1179 Omnia
339 1145 548 1193 apparata
563 1138 654 1192 jam
676 1145 776 1179 sunt
795 1138 925 1179 intus.

103 1274 178 1302 θυι,
194 1264 215 1295 i.
226 1275 253 1295 e.
271 1265 440 1305 quomodo.
482 1265 547 1296 Pro
570 1276 616 1302 ac,
634 1265 721 1306 quod
741 1265 853 1296 Dona-

104 1316 157 1339 tus
179 1307 262 1339 male
285 1308 435 1339 retulisse
452 1307 581 1339 videtur
604 1308 645 1339 ad
667 1310 787 1345 oblitus,
803 1318 856 1339 re-

104 1361 189 1392 pone
204 1356 248 1387 ιιι,
265 1357 299 1381 et
317 1350 402 1382 refer
427 1351 468 1381 ad
490 1351 618 1381 dicere:
643 1351 682 1382 cf.
700 1361 798 1392 supra
814 1350 856 1382 iv.

106 1395 135 1424 5.
158 1395 206 1424 10.
240 1394 369 1424 Phorm.
386 1404 416 1424 v.
436 1394 464 1423 1.
482 1395 534 1424 32.
566 1394 603 1424 Β.

152 1437 178 1466 l.
202 1438 313 1466 Animo
328 1436 399 1477 jam
423 1447 500 1466 nunc
524 1438 616 1467 otioso
639 1447 702 1467 ease
726 1435 855 1476 impero]

108 1479 190 1510 Haec
205 1489 303 1510 scena
324 1478 521 1520 principium
538 1478 660 1515 indicii,
678 1485 711 1509 et
725 1478 855 1509 iracun-

106 1522 193 1552 diam
216 1522 303 1552 senis
327 1521 493 1552 continet:
517 1527 614 1561 atque
637 1521 670 1551 in
697 1531 735 1552 ea
757 1521 854 1552 vehe-

106 1571 233 1595 menter
255 1564 451 1605 exprimitur
472 1564 673 1595 consuetudo
694 1564 797 1605 patris
819 1574 856 1595 ac

106 1606 230 1638 domini
246 1606 369 1642 offensi,
386 1613 419 1637 et
434 1606 646 1647 indignantis.
669 1609 780 1637 Animo
785 1607 856 1647 jam

105 1661 183 1680 nunc
207 1648 316 1690 otioso]
345 1649 522 1680 Exsultans
545 1649 710 1690 egreditur
733 1649 855 1686 Davus,

107 1693 266 1724 nuncians
289 1702 391 1733 prona
413 1702 483 1723 esse
506 1692 614 1723 omnia
637 1692 678 1723 ad
700 1692 856 1723 securita-

107 1742 183 1766 tem.
223 1735 268 1766 Et
293 1737 394 1772 otioso,
423 1745 555 1766 securo:
581 1734 656 1775 quia
679 1735 856 1776 negotium,

106 1777 289 1809 sollicitudo
309 1783 367 1808 est.
407 1777 540 1818 Impero]
560 1778 623 1809 Pro
639 1778 730 1809 volo:
756 1788 797 1809 an
820 1784 857 1809 ut

107 1820 219 1853 statim
242 1821 299 1851 fiat
327 1820 441 1860 (Forte
467 1820 529 1861 leg.
558 1829 655 1851 nunc
681 1829 763 1851 uu.
816 1823 858 1852 Ut

107 1866 212 1894 statim
229 1865 290 1902 fiat
313 1869 333 1894 t.
358 1865 378 1893 i.
402 1875 430 1903 q.
453 1865 474 1893 i.
507 1862 572 1904 Ζ.),
600 1871 754 1903 tanquam
776 1863 858 1894 illud

107 1906 194 1946 quod
210 1906 410 1947 imperatur?
436 1906 481 1936 Et
495 1908 617 1945 impero,
630 1907 770 1947 superbe
785 1906 857 1936 dix-

107 1948 152 1984 it:
182 1959 345 1980 summum
373 1948 460 1979 enim
491 1948 649 1979 indicium
677 1948 861 1980 securitatis

109 1998 159 2022 est
174 1991 334 2032 superbia.
368 1992 567 2022 D.—Animo
587 2002 669 2022 nunc
683 1990 771 2032 jam]
792 1992 860 2022 Da-

108 2044 169 2065 vus
191 2034 362 2075 egrediens
384 2034 425 2065 de
447 2034 543 2065 domo
565 2034 719 2075 Glycerii,
742 2035 863 2075 gaudet

109 2077 196 2118 quod
222 2077 296 2107 laeta
324 2077 391 2108 sint
418 2077 527 2108 omnia
553 2087 612 2108 suo
642 2076 803 2118 praesidio,
829 2084 862 2108 et

109 2121 179 2160 ejus
194 2119 332 2161 hospitis
347 2119 500 2157 Critonis,
517 2120 571 2160 qui
593 2119 743 2151 advenit:
768 2121 860 2160 cujus

110 2162 231 2194 iudicio
257 2162 319 2193 scit
342 2163 431 2194 illam
454 2163 558 2194 civem
582 2173 652 2194 esse
676 2163 857 2193 Athenien-

110 2216 188 2237 sem.
238 2205 362 2237 Verum
399 2206 468 2236 haec
506 2216 603 2236 scena
637 2205 861 2236 tantummodo

110 2248 192 2280 iram
208 2248 355 2280 continet
370 2248 491 2279 domini
509 2248 677 2284 commoti;
693 2249 779 2289 quod
791 2249 858 2279 Da·

111 2301 180 2329 vus,
192 2291 232 2322 de
247 2291 343 2323 domo
359 2291 503 2332 Glycerii
519 2291 643 2329 exiens,
656 2291 811 2322 continuo
826 2291 859 2322 in

112 2334 287 2376 pistrinum
311 2335 462 2365 mittitur.
501 2335 575 2366 Hoc
602 2334 689 2366 enim
715 2334 746 2365 ei
773 2334 861 2365 futu·

112 2387 185 2408 rum
198 2384 273 2408 ante
289 2377 493 2419 promiserat,
505 2388 579 2409 cum
595 2377 689 2415 dixit,
705 2380 738 2408 in
750 2380 859 2417 pistri-

113 2430 193 2457 num,
210 2422 305 2458 Dave,
323 2426 351 2451 te
367 2423 474 2451 dedam
495 2423 538 2451 ad
556 2431 678 2456 necem,·
700 2423 728 2451 si
743 2430 863 2451 sensero

113 2465 271 2536 {iuquam
297 2465 329 2494 in
352 2466 432 2495 hisce
453 2466 570 2504 nuptiis
587 2462 727 2504 fallacia
747 2466 859 2494 conari.

158 2548 187 2578 2.
211 2549 296 2580 Unde
309 2548 484 2590 egreditur]
498 2548 563 2580 Hic
579 2559 645 2580 non
660 2549 860 2591 interrogat;

115 2590 172 2620 sed
187 2600 262 2621 cum
277 2591 499 2628 admiratione,
515 2592 567 2623 vel
588 2592 691 2633 magis
713 2602 786 2623 cum
809 2592 860 2623 in-

116 2632 304 2673 dignatione
319 2633 407 2665 dicit.
445 2636 516 2665 Meo
526 2635 673 2675 prm-idio
687 2640 778 2676 atque
793 2637 860 2666 hos-

113 2674 208 2715 picis]
227 2675 266 2706 Id
281 2682 340 2712 est,
354 2676 498 2708 Animo'
487 2688 553 2717 Jam
569 2688 657 2709 nunc
672 2678 777 2709 otioso
792 2688 863 2709 esse

117 2718 251 2791 impet-Do.
300 2720 399 2759 Atque
425 2719 568 2760 hospitis]
597 2719 729 2752 Scilic'c't
754 2721 861 2752 Crito-

117 2770 169 2791 nis

160 2804 190 2834 3.
207 2805 276 2844 Ego
291 2805 512 2835 commodiorem
533 2805 693 2846 hominem]
713 2806 778 2837 Hic
796 2807 863 2838 Da

117 2855 177 2876 vus
193 2845 380 2884 admiratur,
393 2846 502 2887 quod'
494 2857 528 2878 in
543 2847 616 2889 ipso
628 2848 764 2879 articulo
777 2849 865 2890 peri-

117 2888 183 2919 culi
198 2890 425 2929 supervenerit
440 2889 540 2920 Crito.
565 2892 632 2930 Ego
646 2893 867 2923 commodiorem

119 2933 274 2968 honinem,
290 2934 459 2969 adventum,
476 2938 600 2973 tempus,
616 2945 674 2964 non
689 2933 770 2975 vidi]
789 2934 866 2966 Pot-

120 2979 171 3004 est
185 2974 271 3004 enim
289 2981 322 3005 et
333 2975 520 3006 commodus
533 2985 604 3007 esse
617 2976 699 3016 quis,
714 2983 746 3007 et
761 2977 868 3008 alieno

122 3022 266 3057 tempore
293 3018 504 3059 supervenire
528 3026 645 3060 potest,
669 3026 700 3051 et
726 3030 866 3051 commo-

979 1136 1042 1178 S1.
1066 1136 1241 1178 Curasti
1261 1134 1412 1192 probe.

900 1265 978 1296 dum
1000 1264 1035 1295 in
1058 1264 1189 1295 homine
1212 1270 1281 1300 est3
1311 1264 1368 1295 sed
1393 1270 1426 1295 et
1447 1269 1650 1306 opportunus

900 1307 1021 1339 malum
1050 1307 1149 1338 etiam
1176 1307 1353 1338 adventum
1380 1307 1500 1338 habere
1530 1313 1648 1348 potest*

902 1351 988 1381 Nam
1002 1349 1093 1391 (ante
1109 1350 1170 1381 hoc
1183 1350 1317 1381 verbum
1333 1350 1453 1391 legitur
1465 1349 1501 1380 in
1513 1356 1651 1391 utroque

901 1393 972 1424 cod.
991 1398 1092 1432 potest
1112 1398 1143 1423 et
1164 1392 1369 1424 commodum
1384 1403 1448 1424 esse
1469 1395 1502 1423 in
1524 1395 1651 1429 homine,

899 1438 954 1467 sed
967 1441 1163 1475 opportunum
1177 1437 1288 1466 malum
1307 1441 1339 1466 et
1359 1437 1520 1466 adventum
1540 1437 1652 1467 habere

896 1479 1012 1518 potest)
1030 1481 1219 1516 commodum,
1234 1478 1270 1509 in
1292 1478 1424 1509 homine
1446 1484 1513 1509 esti
1537 1480 1649 1509 adven-

902 1527 960 1558 tus,
983 1521 1017 1551 in
1041 1521 1124 1552 facto
1147 1522 1236 1561 ejus:
1262 1526 1376 1560 tempus
1400 1520 1435 1551 in
1458 1521 1651 1561 opportuni-

901 1570 967 1595 tate
983 1564 1068 1594 facti.
1110 1565 1340 1594 Commodiorem
1364 1565 1518 1600 hominm,
1538 1566 1650 1595 adven·

901 1612 973 1643 tum,
1003 1606 1135 1647 tempus]
1165 1605 1339 1646 Σύλληψις.
1369 1606 1411 1636 D.
1423 1623 1468 1628 --
1480 1608 1653 1637 Adventum

901 1648 1032 1689 tempus]
1058 1650 1131 1687 Pro,
1155 1649 1196 1680 ad
1218 1656 1347 1690 tempus
1367 1655 1511 1686 ventum,
1534 1649 1570 1679 id
1592 1656 1651 1685 est,

902 1692 1050 1728 venisse;
1079 1698 1112 1723 et
1138 1691 1266 1733 singula
1292 1697 1370 1723 sunt
1394 1691 1651 1733 pronuncianda.

902 1736 1159 1766 E.—Adventum
1181 1734 1312 1775 tempus]
1338 1735 1402 1766 Ms.
1427 1735 1468 1766 R.
1492 1737 1655 1766 adventum

900 1780 943 1809 ad
957 1784 1081 1818 tempus.
1114 1778 1152 1809 L.

944 1823 974 1852 4.
1005 1823 1117 1858 Scelus,
1145 1832 1301 1862 quemnam
1322 1823 1372 1851 hio
1395 1822 1503 1852 laudat
1513 1820 1547 1861 ?]
1574 1821 1652 1852 Non

903 1870 952 1895 est
966 1866 1016 1894 hic
1030 1863 1249 1894 soloecismus:
1267 1863 1309 1894 ad
1323 1874 1456 1894 sensum
1471 1863 1569 1901 enim,
1586 1873 1652 1894 non

902 1906 944 1937 ad
966 1907 1065 1937 verba
1085 1906 1250 1947 respexit;
1277 1906 1398 1936 etenim
1420 1913 1555 1947 propter
1577 1916 1652 1937 sen»

905 1959 960 1980 sus
983 1950 1082 1980 verba
1104 1955 1190 1986 sunt,
1214 1959 1279 1979 non
1301 1955 1436 1990 propter
1455 1949 1555 1980 verba
1576 1959 1651 1980 sen—

905 2002 970 2023 sus.
1011 1993 1114 2022 Omnis
1128 2003 1177 2022 res
1198 1991 1325 2032 estjam
1348 1993 1382 2022 in
1402 1991 1495 2032 vado]
1512 1993 1552 2022 In
1566 1994 1653 2028 vado,

904 2034 939 2065 in
956 2034 1138 2065 securitate.
1177 2034 1264 2065 Nam
1286 2039 1324 2065 ut
1338 2033 1372 2065 in
1388 2034 1549 2076 profundo
1564 2034 1652 2076 peri-

905 2077 1014 2108 culum
1027 2083 1085 2114 est,
1102 2077 1148 2108 ita
1162 2076 1198 2108 in
1213 2077 1296 2108 vado
1310 2077 1467 2108 securitas
1482 2084 1541 2108 est.
1572 2078 1652 2108 Pro-

904 2120 1055 2157 verbiale,
1068 2122 1105 2151 In
1115 2122 1200 2157 vado,
1210 2119 1246 2150 in
1256 2125 1335 2151 tuto.
1360 2121 1509 2151 D.—Res
1517 2123 1550 2151 in
1558 2120 1652 2160 vado]

905 2163 980 2194 Hoc
995 2170 1054 2200 est,
1070 2163 1105 2194 in
1122 2169 1192 2193 tuto
1207 2169 1284 2193 sunt
1295 2164 1364 2202 jam
1376 2163 1538 2194 universa.
1567 2164 1655 2194 Vada

904 2206 992 2236 enim
1013 2212 1090 2237 sunt
1109 2205 1180 2236 loca
1202 2205 1338 2236 humilia
1353 2207 1372 2227 ¹'
1391 2205 1441 2245 (in
1458 2206 1524 2236 Ms.
1538 2205 1657 2237 lacuna

904 2248 1003 2286 nulla,
1019 2248 1126 2289 inquit
1142 2249 1242 2279 West.
1276 2248 1341 2279 Sed
1356 2248 1437 2279 mihi
1451 2248 1582 2279 videtur
1597 2258 1654 2279 ex·

904 2291 1031 2328 cidisse,
1044 2294 1147 2328 maris,
1165 2301 1233 2327 seu,
1243 2293 1342 2330 fluvii.
1362 2290 1427 2331 Z..)
1460 2291 1500 2322 E.

950 2336 978 2365 5.
1006 2336 1089 2368 Quid
1109 2345 1198 2375 agam
1209 2333 1242 2374 ?]
1267 2334 1347 2365 Plus
1370 2341 1420 2365 est
1441 2334 1560 2372 dicere,
1582 2336 1658 2375 quid

905 2380 1018 2418 agam?
1033 2387 1129 2418 quam
1145 2377 1287 2418 cogitare
1303 2377 1343 2408 de
1359 2377 1444 2418 suga.
1470 2379 1569 2414 Salve,
1585 2379 1657 2408 bone

905 2420 990 2461 vir!]
1009 2419 1154 2460 Εἶρωνεία
1163 2421 1266 2460 major
1281 2426 1340 2457 est,
1351 2428 1446 2461 quam
1465 2419 1656 2461 increpatio.

904 2465 1014 2499 Quum
1031 2463 1118 2494 enim
1139 2473 1234 2494 omne
1249 2473 1353 2504 genus
1374 2463 1521 2494 criminis
1540 2462 1658 2503 aliquis

905 2506 1108 2548 superaverit
1125 2505 1257 2546 (melius
1274 2506 1338 2537 Ms.
1354 2506 1464 2537 Hulst.
1477 2506 1656 2546 φαεν-ἰῆς

907 2555 983 2581 tunc
1006 2549 1129 2580 exclusi
1154 2549 1242 2590 (lege
1264 2548 1368 2589 elusi),
1388 2548 1526 2590 εἰρωνείᾳ
1544 2548 1656 2580 lauda-

906 2603 987 2623 mus.
1020 2592 1117 2633 Hem]
1136 2591 1325 2631 Interjectio
1339 2591 1520 2633 perturbati
1535 2597 1594 2622 est-
1631 2593 1659 2622 Ο

906 2641 1006 2666 noster
1031 2637 1155 2666 Chreme
1165 2634 1195 2675 l]
1219 2636 1333 2665 Noster
1353 2634 1500 2671 dicendo,
1518 2634 1659 2666 latenter

907 2678 1070 2719 significat
1081 2677 1268 2718 Glycerium
1280 2676 1380 2708 filiam
1393 2677 1658 2709 Chremetisesse

907 2721 1083 2752 inventam.
1116 2721 1160 2752 D.

953 2765 982 2794 6.
1010 2765 1117 2794 Omnia
1130 2763 1359 2803 apparatajam
1373 2767 1446 2794 mut
1459 2762 1559 2804 intus]
1573 2763 1660 2799 Quia

910 2806 1030 2837 infecta
1052 2812 1128 2837 sunt
1150 2806 1190 2836 de
1220 2805 1352 2847 paratis.
1399 2807 1523 2837 Curasti
1547 2806 1659 2846 probe]

914 2849 1021 2887 Probe,
1044 2848 1239 2886 memoriter,
1263 2854 1301 2879 ut
1325 2847 1425 2884 solen
1450 2858 1550 2890 supra
1571 2849 1660 2880 enim

910 2892 1038 2923 dixerat
1053 2901 1163 2929 senex,
1180 2893 1244 2922 Imo
1259 2892 1311 2922 abr*
1325 2893 1426 2928 introf
1448 2893 1494 2923 ibn·
1508 2903 1554 2923 me
1569 2903 1659 2932 oppe—

911 2938 974 2965 rire
986 2948 995 2965 :
1019 2940 1049 2965 et
1064 2936 1144 2974 quod
1160 2939 1271 2974 parato
1290 2945 1362 2974 opus
1382 2939 1437 2971 est,
1450 2946 1540 2974 para.
1574 2935 1662 2965 D.-

916 2979 1023 3008 Omnia
1045 2977 1116 3016 jam
1150 2976 1280 3018 parata]
1320 2977 1514 3008 Dissimulat
1550 2987 1663 3009 servus

914 3020 1045 3051 domino
1072 3020 1151 3055 viso,
1175 3026 1207 3051 et
1230 3019 1309 3051 dicit
1331 3021 1371 3051 ad
1394 3020 1525 3061 nuptias
1547 3027 1663 3051 cuncta

1127 3072 1144 3092 r·
