1852 3216
110 163 252 193 semu
274 148 355 205 nn]

696 148 1054 194 PHORMIO.

1541 154 1626 197 607

162 239 225 282 Et
242 240 286 282 id
306 240 577 296 impetrabis:
608 239 713 282 dixi.
763 239 852 283 DE.
875 240 959 283 Dic
976 255 1104 292 nunc,
1125 240 1286 297 Hegio.

161 305 252 349 ΗΕ.
276 306 376 362 Ego
396 305 546 348 sedulo
565 305 679 348 hunc
699 305 859 348 dixisse
879 307 1033 349 credo:
1064 322 1211 349 verum
1230 308 1290 350 ita
1307 314 1391 359 est,

164 371 285 419 Quot
304 371 511 423 homines,
533 378 598 414 tot
618 372 862 414 sententiae:

894 387 997 414 suus
1017 373 1171 428 cuique
1190 388 1296 416 mos.

108 445 147 476 15
164 436 276 479 Mihi
296 452 380 479 non
399 438 584 496 videtur,
603 437 719 494 quod
741 438 795 479 sit
814 437 972 480 factum
993 437 1175 494 legibus,

164 502 372 545 Rescindi
394 517 542 558 posse:
575 510 618 545 et
638 510 764 559 turpe
784 503 956 559 inceptu
977 511 1056 545 est.
1111 503 1201 546 DE.
1223 503 1323 555 Dic,
1345 503 1481 546 Crito.

163 568 264 610 Cm.
288 569 386 624 Ego
406 568 584 625 amplius
605 568 927 612 deliberandum
947 584 1128 612 censeo:

163 633 255 675 Res
272 649 424 689 magna
440 641 519 676 est.
566 634 655 676 ΗΕ.
675 635 794 677 Num
811 636 914 690 quid
930 651 1007 678 nos
1023 636 1113 678 vis?
1164 635 1252 678 DE.
1272 635 1452 679 Fecistis
1467 637 1623 692 probe:

163 700 372 743 Incertior
388 715 481 742 sum
501 699 647 751 multo,
668 715 795 756 quam
813 701 990 743 dudum.
1042 701 1129 745 Gn.
1152 701 1329 758 Negant

105 773 148 803 20
164 765 366 808 Redisse.
418 765 507 808 DE.
530 765 681 808 Frater
701 774 767 808 est
786 767 1103 822 exspectandus
1123 767 1251 809 mihi:

162 831 209 874 Is
228 834 344 888 quod
363 833 466 875 mihi
485 834 652 876 dederit
670 834 725 876 de
745 833 827 876 hac
845 848 891 876 re
911 832 1146 883 consilium,
1163 834 1208 875 id
1229 848 1398 889 sequar.

165 898 468 942 Percontatum
486 900 560 941 ibo
580 900 636 941 ad
654 906 840 955 portum,
861 899 1005 954 quoad
1027 914 1072 940 se
1092 899 1283 954 recipiat.

165 964 252 1006 GE.
276 965 338 1007 At
357 980 438 1020 ego
458 964 750 1021 Antiphonem
770 979 981 1020 quaeram3
1013 971 1061 1005 ut
1077 979 1173 1019 quae
1188 972 1285 1006 acta
1302 965 1373 1007 hic
1392 965 1490 1017 sint,
1506 966 1624 1009 sciat.

162 1029 252 1072 Sed
271 1045 419 1073 eccum
437 1031 575 1086 ipsum
595 1030 719 1072 video
739 1031 783 1072 in
803 1037 995 1086 tempore
1015 1029 1100 1072 huc
1121 1045 1166 1072 se
1188 1031 1395 1086 recipere.

273 1206 524 1256 ACTUS
567 1206 843 1255 TERTII

895 1206 1148 1255 SCENA
1191 1207 1456 1256 PRIMA.

661 1333 885 1366 ANTIPHO.
927 1332 1068 1364 GETA.

164 1418 429 1466 Emmvano,
461 1414 671 1471 Antipho,
702 1415 969 1459 multimodis.
995 1430 1092 1458 cum
1122 1416 1230 1459 istoc
1264 1417 1403 1460 animo
1434 1432 1482 1460 es
1516 1419 1627 1461 vitu·

248 1482 465 1539 perandus
479 1498 489 1523 ε

164 1549 285 1591 ltane
305 1548 403 1590 hinc
424 1548 578 1598 abisse,
599 1554 643 1589 et
663 1547 790 1589 vitam
810 1553 927 1588 tuam
947 1546 1169 1589 tutandam
1188 1546 1278 1589 aliis
1299 1548 1501 1592 dedisse?

108 1650 193 1683 Pith,
220 1662 335 1691 aequum
356 1661 392 1682 ac
420 1651 524 1681 bonum
544 1654 598 1680 est.
629 1648 845 1690 L.—Repone

105 1706 219 1735 equom
250 1705 312 1725 esse
341 1705 378 1724 ac
409 1694 521 1724 &mm
568 1692 652 1724 Nam
675 1703 712 1723 ac
734 1699 783 1722 est
810 1691 845 1722 in

107 1738 243 1773 nostris;
267 1743 300 1768 et
314 1748 375 1768 esse
398 1735 520 1777 regitur
535 1746 554 1767 a
567 1737 695 1773 videtur,
713 1741 749 1766 ut
770 1744 847 1766 mox

106 1791 189 1813 vers.
210 1781 257 1812 16.
278 1791 373 1820 posse.
402 1780 439 1811 B.

153 1825 201 1855 12.
219 1826 262 1855 Et
284 1825 316 1854 id
338 1821 530 1863 impetrabis]
554 1821 584 1853 A
600 1821 753 1864 possibili.
800 1821 845 1852 Et

107 1867 248 1898 breviter
277 1866 492 1898 deliberative
523 1873 587 1896 tres
616 1865 702 1897 locos
728 1864 844 1905 tetigit,

101 1913 239 1952 justum,
255 1910 343 1946 utile,
360 1917 392 1940 et
407 1908 568 1951 possibile.
599 1909 639 1939 D.

153 1955 201 1985 13.
218 1955 285 1994 Ego
298 1955 400 1984 sedulo
413 1955 490 1983 hunc
505 1954 617 1983 dixisse
631 1950 736 1992 credo]
755 1949 843 1982 Arti-

107 1997 219 2029 ficiose
232 2006 401 2039 personam
417 1995 569 2032 defendit,
586 1994 778 2026 sententiam
793 2004 845 2024 re·

106 2041 346 2082 prehensurus:
370 2049 411 2070 ne
432 2038 461 2070 si
482 2038 631 2070 inimicus
652 2038 704 2075 sit,
727 2037 847 2069 adimat

107 2084 328 2115 auctoritatem
358 2082 527 2114 sententiae
557 2092 631 2113 suae.
672 2083 779 2112 Verum
801 2082 847 2111 ila

106 2126 169 2168 est]
183 2126 355 2167 Subjunxit
365 2126 468 2157 locum
480 2124 670 2165 ἆτοκρίσεως
679 2123 843 2155 oratoriae:

107 2178 144 2203 ut
158 2170 289 2202 invidiae
303 2169 559 2202 contradicturus
573 2174 764 2199 occurreret.
803 2167 844 2198 D.

153 2215 200 2245 14.
221 2216 299 2248 Quot
320 2215 457 2249 homines,
474 2217 517 2242 tot
531 2210 703 2251 sententia]
729 2210 843 2241 Horat.

106 2256 161 2289 lib.
186 2257 219 2288 ii.
248 2257 313 2288 Sat.
339 2256 360 2287 i.
388 2256 438 2289 27.
477 2256 554 2288 Quot
578 2257 711 2294 capitum
733 2256 845 2290 vivunt,

107 2302 229 2332 totidem
249 2302 414 2331 studiorum
436 2300 541 2329 millia.
586 2298 706 2329 Arnob.
723 2297 845 2328 advers.

107 2350 194 2384 gent.
218 2343 272 2375 lib.
292 2343 325 2374 ii.
363 2342 441 2377 Quot
464 2344 496 2372 in
519 2342 588 2372 orbe
611 2346 682 2372 sunt
705 2342 844 2378 homines,

108 2391 180 2418 me
194 2389 346 2418 sententie
362 2387 493 2417 totidem.
530 2385 567 2415 L.

155 2430 202 2460 15.
220 2431 300 2460 Mihi
314 2440 370 2461 m
385 2426 521 2469 videtur]
535 2428 564 2459 A
581 2426 735 2469 possibili.
762 2427 848 2460 Quod

107 2474 151 2504 sit
163 2471 282 2512 saetam
298 2471 431 2513 legibus]
457 2471 521 2503 Hic
545 2470 608 2502 alio
628 2469 739 2501 ordine
760 2469 846 2501 locos

108 2515 260 2547 suasoriae
280 2515 402 2556 tetigit:
426 2515 566 2557 primum
586 2524 606 2545 a
623 2512 776 2555 possibili,
793 2523 843 2544 se-

107 2558 249 2590 cundum
265 2559 305 2590 ab
320 2558 463 2589 honesto.
495 2558 534 2589 D.

155 2602 203 2633 16.
230 2603 273 2633 Et
296 2606 382 2641 turpe
400 2603 520 2641 incepta
540 2599 602 2641 est]
627 2600 679 2631 Ab
700 2600 843 2631 honesto.

109 2644 291 2676 Utilitatem
307 2651 413 2676 autem
429 2643 634 2685 pretermisit
655 2653 713 2684 per
733 2650 844 2680 artem,

107 2698 188 2729 quae,
204 2687 259 2719 ubi
274 2697 339 2719 non
362 2694 469 2729 potest
484 2686 563 2724 fieri,
579 2686 697 2718 frustra
719 2692 843 2727 specta-

106 2738 169 2762 tur.
206 2731 357 2762 D.—-Pro
379 2732 498 2770 inceptu
519 2729 628 2770 plures
649 2728 723 2760 libri
744 2731 845 2768 incep-

106 2780 178 2806 tam.
213 2773 380 2805 Utrumvis
394 2773 502 2814 probe.
536 2772 572 2803 B.

154 2819 202 2849 18.
229 2819 291 2848 Res
313 2827 422 2857 magna
445 2814 508 2856 est]
537 2815 643 2847 eausa
671 2813 848 2856 ampliandi

106 2860 310 2894 sententiam.
341 2860 383 2891 D.

154 2905 202 2936 19.
227 2905 375 2935 Incertior
399 2913 464 2934 ια.
486 2903 578 2933 multo

108 2947 162 2980 Ex
177 2947 279 2980 tribus
293 2946 379 2978 enim
395 2955 479 2978 unus
493 2943 603 2983 suasit,
618 2943 700 2976 alter
720 2943 844 2976 dissua-

888 1649 989 1685 multo,
1006 1658 1094 1688 quam
1109 1646 1238 1689 dudum]
1263 1648 1359 1680 Dicta
1380 1649 1505 1681 ratione
1520 1649 1625 1682 incer-

889 1690 1003 1722 tiorem
1025 1700 1059 1721 se
1082 1690 1200 1722 factum
1223 1691 1318 1728 dicit;
1347 1692 1504 1734 siquidem
1527 1694 1628 1725 suasit

889 1744 981 1808 gnus,
999 1733 1149 1807 dligsuasit
1171 1734 1261 1773 alter,
1277 1742 1388 1767 contra
1411 1736 1524 1768 tertius
1546 1736 1628 1768 nihil

911 1784 981 1808 ixit.
1044 1798 1052 1807 .

930 1820 980 1851 21.
999 1819 1062 1851 Pro
1077 1831 1207 1861 exequar
1230 1831 1314 1852 unus
1331 1831 1348 1852 e
1364 1821 1482 1854 nostris
1496 1833 1606 1864 sequar
1617 1834 1627 1853 .·

886 1869 982 1904 atque
1004 1863 1089 1894 idem
1111 1863 1197 1894 hunc
1212 1863 1357 1896 ordinem
1380 1866 1550 1897 verborum
1571 1865 1624 1898 in-

887 1906 984 1943 ducit,
1001 1908 1034 1937 Is
1048 1908 1126 1947 quod
1139 1909 1213 1937 mihi
1224 1909 1260 1938 de
1275 1909 1332 1938 hac
1346 1919 1378 1939 re
1392 1910 1510 1940 dederit
1524 1920 1550 1940 c.
1565 1911 1587 1940 i.
1601 1920 1627 1941 s.

887 1949 972 1990 quod
986 1949 1099 1991 placet.
1136 1950 1184 1981 Cf.
1203 1949 1296 1981 Adel.
1312 1950 1357 1982 iii.
1375 1952 1403 1982 5.
1421 1953 1473 1982 54.
1504 1952 1540 1983 B.

932 1994 983 2023 22.
996 1993 1103 2027 Quoad
1110 2004 1141 2024 se
1150 1992 1294 2034 recipiat]
1306 1994 1443 2030 Quando
1451 1995 1570 2027 redeat.
1587 1995 1627 2027 E.

931 2037 983 2067 23.
1002 2036 1064 2067 Pro
1078 2041 1158 2074 sunt,
1176 2036 1324 2069 meliores
1344 2037 1370 2068 F
1372 2037 1460 2070 aerni
1478 2044 1511 2069 et
1525 2038 1628 2071 nostri

887 2078 972 2116 libri,
988 2081 1057 2110 sint.
1090 2079 1127 2110 B.

932 2124 982 2153 24.
1002 2124 1037 2153 In
1050 2128 1176 2162 tempore
1192 2124 1249 2154 huc
1263 2134 1294 2155 ee
1304 2122 1452 2165 recipere]
1464 2123 1628 2166 Εὔκαίρως.

889 2165 1068 2202 Sallustius,
1082 2167 1271 2207 Maximeque
1278 2165 1398 2207 ferocia
1410 2170 1492 2208 regis
1500 2169 1628 2199 Mithri-

888 2211 970 2240 datis
981 2211 1012 2239 in
1024 2214 1152 2248 tempore
1169 2211 1317 2241 bellaturi.
1351 2210 1392 2241 D.

936 2253 961 2283 1.
979 2254 1146 2288 Enimvero,
1164 2254 1305 2293 Antipho,
1322 2255 1424 2285 multis
1448 2255 1542 2285 modis
1562 2265 1629 2286 can

889 2297 963 2326 istoc
984 2294 1098 2336 animo]
1125 2297 1198 2326 Cum
1219 2298 1293 2327 istoc
1314 2299 1432 2328 animo:
1455 2307 1523 2338 pro,
1539 2297 1630 2337 hujus

887 2340 989 2369 animi.
1019 2338 1156 2376 Ennius,
1175 2340 1282 2370 Omnia
1295 2339 1435 2379 (Optima
1451 2340 1521 2371 Lib.
1538 2346 1627 2372 uter-

888 2382 965 2422 que)
981 2393 1045 2412 cum
1058 2383 1195 2421 pulchris
1209 2384 1317 2414 animis
1332 2384 1467 2414 Romana
1472 2382 1629 2424 juventus.

890 2425 1145 2461 D.—Enimvero,
1162 2427 1306 2466 Antipho,
1322 2428 1426 2458 multis
1446 2428 1543 2458 modis
1562 2438 1629 2459 cun

889 2470 963 2500 istoc
988 2471 1086 2499 auimo
1108 2470 1323 2508 vituperandus
1344 2468 1392 2510 es]
1425 2469 1506 2501 Haec
1533 2479 1630 2502 scena

887 2511 1044 2543 rationem
1066 2520 1228 2552 gestorum
1252 2518 1350 2550 tenet,
1373 2523 1446 2543 cum
1462 2512 1630 2554 questione

887 2562 921 2586 et
942 2554 1171 2595 objurgatione,
1188 2554 1273 2595 quod
1296 2554 1455 2587 dimiserit
1476 2565 1629 2595 amorem,

888 2605 921 2629 et
944 2598 1055 2629 irritus
1078 2598 1124 2637 (et
1152 2599 1317 2629 deseruerit
1349 2597 1403 2639 Z.)
1433 2608 1503 2631 eam
1533 2609 1629 2640 quam

888 2641 1050 2682 diligebat,
1068 2651 1170 2682 neque
1187 2641 1217 2672 ei
1232 2651 1269 2672 ac
1284 2640 1346 2673 sibi
1361 2641 1506 2674 attulerit
1520 2649 1628 2684 patro-

888 2684 1018 2716 cinium.
1052 2684 1201 2716 E.—Pro
1215 2685 1318 2715 multis
1330 2687 1423 2717 modis
1434 2695 1546 2717 versus
1558 2685 1629 2718 exi-

887 2726 936 2768 git
964 2729 1145 2758 multimodis
1151 2740 1163 2763 ,-
1193 2727 1278 2767 quod
1304 2727 1411 2769 ipsum
1438 2727 1514 2760 libri
1542 2739 1625 2772 pre-

888 2769 1059 2802 stantiores
1075 2770 1237 2801 exhibent.
1275 2770 1313 2802 B.

932 2814 960 2844 2.
979 2814 1066 2844 Itane
1087 2815 1157 2844 hine
1171 2815 1278 2851 abisse,
1293 2818 1324 2845 et
1338 2815 1431 2845 vitan
1451 2813 1550 2857 nan]
1573 2816 1629 2848 Ἐν

888 2854 1063 2897 ὑποκρίσεις
1087 2862 1132 2893 ut,
1149 2855 1224 2887 AEn.
1236 2856 1279 2888 xi.
1296 2857 1368 2890 270.
1381 2858 1528 2891 Invidisse
1536 2860 1627 2898 Deos.

599 2911 688 2942 quan
715 2898 844 2941 dudunt]
882 2901 998 2940 patriis
1013 2904 1047 2930 ut
1061 2900 1198 2931 redditus
1211 2902 1285 2938 aris,
1301 2899 1478 2942 eonjugium
1492 2907 1626 2943 optatum

886 2948 918 2974 et
928 2944 1084 2983 pulchra·-
1101 2944 1255 2984 Calydona
1263 2945 1391 2976 m‘deren
1400 2946 1417 2976 t
1439 2943 1492 2982 Et.
1504 2946 1624 2978 Semn'

108 2990 161 3030 sit,
177 2990 291 3023 tertius
306 2988 387 3023 nihil
401 2988 494 3022 ‹lixit-
533 2988 768 3023 D.-1mm·or
780 2998 846 3020 w-
877 2985 1023 3028 sor-tanae
1036 2996 1118 3018 neas
1130 2985 1428 3039 emisisaefutilt‘?
1454 2987 1623 3021 D.-Lee-
