1852 3216
611 121 929 160 TERENTII
969 119 1139 160 VITA.
1556 139 1639 165 xxv

114 210 184 249 se'd
202 209 363 248 varium.
420 207 543 246 lambi
571 207 673 246 enim
699 207 874 247 materiae
901 207 1060 246 comicae
1087 207 1168 258 apti
1196 216 1298 246 sunt.
1355 208 1404 246 In
1431 211 1635 250 comoediis

113 263 269 315 quidem
305 275 494 312 nusquam
528 271 664 300 auctor
696 261 880 312 loquitur,
911 261 981 299 sed
1012 261 1245 299 introductae
1278 274 1480 312 personae:
1518 277 1636 314 quem

112 330 257 355 morem
276 316 339 354 hic
357 315 406 354 ad
432 315 615 366 prologos
639 316 847 354 transferre
870 315 1029 360 nititur;
1060 315 1202 366 quibus
1229 315 1444 354 scribendis
1471 318 1635 356 aemulo-

111 385 196 409 rum
224 369 369 408 invidia
395 383 549 408 causam
577 369 699 411 dedic,
753 369 1080 420 Respondendum
1109 369 1211 407 enirn
1239 378 1335 413 erat,
1356 383 1405 408 ne
1423 370 1524 408 forte
1542 384 1633 422 pro-

111 425 252 463 cacitas
278 423 440 475 gloriam
469 432 693 468 mereretur,
719 423 992 474 infamiamque
1020 422 1221 462 modestia.
1278 423 1432 462 Horum
1451 437 1544 463 vero
1563 426 1634 464 sti-

107 478 221 516 mulis
240 492 284 516 ac
304 478 464 515 vocibus
482 478 649 527 agitatus
669 477 791 515 fertur
810 477 984 515 Athenas
1011 477 1180 528 petiisse,
1202 486 1246 515 ut
1263 477 1495 516 Graecorum
1520 480 1629 529 peni-

108 540 172 570 tus
190 532 342 582 ingenia
363 544 566 582 moresque
585 540 855 582 pernosceret:
885 539 926 569 et
947 530 1185 569 cummultis
1205 531 1245 570 in
1263 531 1440 570 Latinam
1458 531 1632 584 lingnam

106 585 312 630 translatis,
331 594 421 636 post
437 585 596 635 aliquod
614 594 767 636 tempus
788 585 867 623 voti
886 598 1043 635 compos
1058 584 1222 623 Romam
1241 594 1430 624 remearet
1445 599 1533 624 cum
1547 601 1630 625 sar-

106 639 243 678 cinulis
278 648 318 678 et
352 638 565 684 comoediis,
596 652 693 690 quas
729 639 783 677 ibi
824 639 1042 690 scripserat,
1075 639 1115 677 in
1145 639 1274 677 navim
1308 640 1510 691 impositis,
1544 641 1629 692 ipse

105 693 279 732 terrestri
310 693 447 732 itinere
478 692 614 731 Patras
647 692 888 744 perrexisse:
921 692 1023 732 unde
1057 693 1168 731 brevi
1204 694 1367 732 transitu
1403 694 1443 732 in
1476 693 1630 734 Italiam

104 747 315 798 navigaret.
372 746 452 785 Ubi
478 756 715 798 exspectatae
742 747 853 784 navis
879 747 1012 785 audito
1039 746 1253 798 naufragio,
1273 761 1362 798 quae
1380 748 1483 786 circa
1500 749 1629 788 sinum

105 800 304 853 Illyricum
323 800 539 852 periclitata
557 810 653 847 erat,
672 809 791 839 tantae
812 800 977 851 jacturae
996 800 1130 839 dolore
1157 810 1357 853 permotus
1382 802 1629 853 Stimphalim

104 854 144 892 in
162 855 369 893 Arcadiam
388 854 623 893 decessisse:
652 855 782 905 ibique
809 854 1014 894 defunctus
1037 868 1083 894 ac
1107 854 1282 906 sepultus
1308 855 1465 907 publice
1490 856 1626 896 fuisse.

104 908 270 947 Periisse
296 922 383 947 eum
409 909 448 946 in
474 908 654 953 Arcadia,
681 909 767 959 ipso
792 908 927 946 eodem
957 917 1055 946 teste
1083 907 1255 948 Eusebio
1282 917 1415 948 notum
1443 919 1516 948 est.
1570 910 1628 950 Et

104 963 278 1014 inprimis
303 962 458 1013 quidem
484 970 650 1013 quatuor
674 962 885 1008 comoediis,
913 962 1061 1000 scilicet
1085 962 1245 1007 Andria,
1266 962 1467 1009 Eunucho,
1489 964 1626 1003 Heau-

105 1017 439 1062 tontimorumeno,
460 1016 661 1067 Adelphis,
682 1015 941 1054 Menandrum
967 1016 1202 1054 comicorum
1228 1017 1441 1068 principem
1461 1017 1625 1057 Graeeo-

103 1084 188 1109 rum
219 1071 389 1109 imitatus
419 1070 614 1116 creditur3
652 1070 758 1120 quod
790 1079 830 1108 et
862 1070 1028 1108 rubricae
1063 1071 1413 1109 vetustissimorum
1447 1071 1627 1111 codicum

103 1125 277 1163 innuunt.
334 1124 441 1167 Quin
466 1133 616 1175 partem
645 1125 860 1175 scripturae,
881 1124 972 1174 quia
998 1123 1085 1175 plus
1114 1125 1361 1170 confusionis,
1381 1139 1498 1176 quam
1525 1125 1624 1164 lucis

101 1178 244 1217 habere
263 1179 346 1216 visa
363 1187 435 1222 est,
455 1179 580 1216 sciens
599 1178 723 1216 omisi.
780 1178 952 1216 Innuunt
976 1187 1016 1216 et
1040 1178 1192 1229 prologi
1219 1179 1376 1230 quidam
1401 1179 1440 1217 in
1464 1179 1625 1231 reliquis

102 1232 252 1270 duabus
271 1232 552 1283 Apollodorum
573 1231 829 1270 Corinthium.
876 1231 1106 1270 Vendidisse
1132 1246 1220 1270 eum
1241 1233 1472 1271 Eunuchum
1500 1247 1622 1279 suam,

101 1286 204 1324 fama
230 1296 301 1331 est,
323 1287 458 1337 viginti
486 1285 655 1324 millibus
681 1299 903 1324 nummum:
932 1286 1038 1337 quod
1065 1287 1231 1337 pretium
1259 1296 1348 1325 ante
1376 1301 1465 1325 eum
1494 1288 1622 1326 nullus

100 1351 313 1391 acceperat.
370 1340 435 1378 Ad
466 1354 671 1384 summum,
705 1354 776 1378 suo
807 1353 948 1391 genere
984 1340 1167 1390 poetandi
1204 1350 1335 1379 tantus
1364 1341 1423 1379 vir
1460 1341 1545 1387 fuit,
1578 1351 1624 1380 ut

102 1393 369 1445 Hieronymus
405 1394 504 1432 inter
538 1402 704 1444 quatuor
738 1403 953 1445 poetarum,
986 1394 1085 1432 duos
1123 1394 1270 1432 scilicet
1303 1395 1547 1442 Graecorum,
1584 1405 1623 1434 et

99 1448 259 1486 totidem
287 1448 511 1486 Latinorum
538 1448 656 1486 duces
685 1457 864 1498 quartum
897 1448 999 1486 hunc
1027 1449 1222 1486 nominare
1250 1462 1327 1486 non
1354 1449 1517 1494 dubitet,
1547 1450 1622 1488 hoc

98 1501 247 1546 ordine,
281 1501 510 1547 Homerum,
545 1502 764 1552 Virgilium,
799 1502 1071 1544 Menandrum,
1106 1502 1357 1540 Terentium:
1393 1516 1509 1553 quam
1546 1504 1622 1542 sibi

98 1555 368 1594 excellentiam
395 1569 471 1594 non
500 1555 578 1593 stili
605 1556 782 1593 attribuit
810 1555 986 1599 altitudo,
1013 1569 1090 1606 qua
1117 1570 1141 1594 a
1167 1556 1299 1595 multis
1326 1570 1404 1595 non
1432 1557 1550 1595 dubie
1578 1566 1619 1596 et

99 1608 313 1647 Menander
340 1609 443 1660 apud
471 1623 563 1647 suos
590 1610 770 1654 vincitur,
796 1619 836 1647 et
865 1609 1072 1647 Terentius
1099 1610 1204 1662 apud
1231 1619 1395 1656 nostros,
1416 1619 1456 1648 et
1473 1625 1562 1662 quae
1581 1612 1622 1650 in

97 1663 298 1701 comoediis
322 1677 399 1701 non
422 1663 539 1701 modo
566 1677 644 1702 non
669 1664 895 1709 necessaria,
916 1663 985 1702 sed
1002 1663 1231 1715 plerumque
1250 1665 1367 1703 etiam
1385 1665 1527 1703 vitiosa
1544 1674 1618 1704 est.

98 1716 203 1759 Quid
231 1730 326 1768 ergo
352 1717 606 1756 humanorum
633 1731 785 1756 morum
812 1727 950 1756 exacta
977 1718 1113 1756 notitia
1130 1727 1170 1756 et
1196 1719 1292 1756 ordo
1320 1719 1549 1757 narrationis
1567 1721 1618 1758 ab

97 1771 184 1821 ipso
220 1769 409 1809 Cicerone
442 1771 634 1816 laudatur,
671 1781 711 1809 et
744 1771 822 1809 stili
853 1771 1076 1822 jucunditas
1110 1786 1155 1810 ac
1191 1773 1346 1823 gratia?
1392 1772 1470 1810 Sed
1502 1787 1620 1824 super

97 1824 236 1868 omnia,
255 1833 300 1862 ut
317 1825 547 1875 quibusdam
565 1825 703 1875 placet,
723 1825 806 1863 sola
823 1826 1039 1876 proprietas
1058 1826 1143 1864 hoec
1162 1826 1276 1871 facit3
1307 1835 1351 1864 ut
1369 1827 1471 1864 enim
1491 1827 1619 1878 primo

98 1877 271 1916 AEneidis
309 1888 525 1917 commento
553 1879 607 1916 ait
643 1878 813 1922 Servius,
851 1879 1048 1917 sciendum
1086 1888 1157 1924 est,
1194 1879 1421 1918 Terentium
1458 1889 1619 1932 propter

96 1931 217 1969 solam
237 1933 510 1983 proprietatem
530 1932 709 1970 omnibus
726 1933 882 1971 comicis
896 1946 981 1970 esse
998 1932 1227 1983 praelatum:
1250 1934 1392 1984 quibus
1405 1943 1477 1979 est,
1494 1948 1616 1985 quan-

97 1994 179 2023 tum
197 1995 347 2037 spectat
363 1987 413 2024 ad
430 1995 583 2031 caetera,
604 1986 776 2024 inferior.
824 1986 944 2029 Quod
962 1986 1140 2025 ultimum
1157 1988 1349 2033 omnibus,
1369 2001 1467 2039 quos
1485 1988 1616 2040 legere

95 2039 216 2090 potui,
256 2041 623 2078 commentatoribus
660 2041 846 2085 excussis,
885 2040 1010 2078 Servii
1040 2040 1146 2079 salva
1181 2055 1278 2093 pace
1314 2055 1391 2080 non
1426 2044 1616 2093 approbo.

97 2092 197 2132 Haec
215 2094 277 2131 vel
296 2093 345 2131 ad
363 2094 537 2132 notitiam
556 2094 783 2140 habendam,
804 2094 866 2132 vel
884 2094 934 2133 ad
952 2107 1123 2133 errorem
1141 2094 1425 2141 declinandum,
1444 2097 1617 2135 breviter

97 2146 147 2185 de
163 2146 347 2187 Terentio
365 2148 469 2187 dicta
487 2157 613 2187 sunto.

414 2407 846 2457 DANIELIS
916 2406 1288 2455 HEINSII

99 2518 163 2550 An
186 2519 384 2552 HORATII
407 2520 471 2552 DE
495 2519 677 2551 PLAUTO
700 2519 759 2550 ET
779 2517 1019 2550 TERENTIO
1040 2516 1273 2549 JUDICIUM
1295 2517 1614 2551 DlssER'rA'rlo.

370 2633 422 2668 At
436 2632 550 2668 nostri
563 2632 687 2678 proavi
702 2630 887 2667 Plautinos
902 2636 938 2665 et
953 2640 1122 2664 numeros
1138 2633 1174 2663 et

371 2678 574 2715 laudavere
589 2679 700 2720 salea3
726 2678 878 2713 nimium
896 2677 1069 2723 patienter
1084 2681 1290 2722 utrumque,

372 2725 430 2762 Ne
444 2725 559 2762 dicam
575 2726 696 2768 stulte,
713 2725 852 2760 mirati:
879 2724 909 2759 si
924 2722 1034 2759 modo
1050 2733 1117 2768 ego
1134 2727 1169 2756 et
1184 2733 1251 2757 vos

373 2771 512 2808 Scimus
526 2773 741 2809 inurbanum
755 2771 876 2818 lepido
893 2781 1063 2816 seponere
1078 2768 1189 2812 dicto,

374 2818 657 2867 Legitimumque
673 2830 803 2854 sonum
819 2817 939 2864 digitis
955 2817 1123 2852 callemus
1139 2817 1175 2851 et
1190 2827 1285 2851 aure.

99 2891 258 2938 Duum
275 2900 454 2951 equidem
476 2900 679 2952 judicium,
698 2909 739 2939 et
756 2899 864 2951 quod
884 2912 961 2938 non
986 2910 1100 2937 nemo
1124 2896 1197 2936 hac
1220 2905 1336 2936 aetate
1360 2898 1409 2937 de
1434 2898 1611 2951 leporum

100 2954 269 2993 omnium
295 2963 467 3005 parente,
499 2968 650 2994 summo
678 2954 812 2993 critico
837 2967 883 2991 ac
910 2951 1081 2992 maximo
1107 2959 1223 3003 poeta
1248 2952 1439 2992 excidisse
1465 2953 1610 2994 nollet:

846 3021 867 3045 e
