1852 3216
100 195 242 224 seem
261 181 329 236 ιι.]

152 270 283 313 Hanc
300 268 406 312 mihi
422 269 626 325 expetivi,
644 269 847 325 contigit:

711 178 1020 222 ANDmA.

1577 185 1634 223 89

878 270 1138 311 conveniunt
1157 283 1298 311 mores
1316 287 1326 310 z
1358 269 1543 321 valeant,

153 335 244 384 Qui
269 335 386 388 inter
410 348 490 376 nos
521 333 750 376 discidium
774 332 948 376 volunt:
993 333 1121 385 hanc,
1152 334 1234 376 nisi
1259 349 1391 385 morS,
1417 335 1520 376 mihi
1548 336 1639 376 adi-

234 406 323 441 met
340 413 478 441 nemo.

96 473 134 502 15
152 463 237 506 Cn.
262 463 507 519 Resipisco.
556 462 674 505 Pam.
697 463 801 505 Non
822 461 1037 518 Apollinis
1049 464 1185 519 magis
1201 478 1366 514 verum,
1382 471 1514 519 atque
1535 464 1638 514 hoc,

237 543 493 584 responsum
512 536 593 570 est.

151 594 199 636 Si
219 595 379 650 poterit
398 594 508 644 fleri,
529 601 578 636 ut
598 608 652 635 ne
670 601 797 649 pater
815 608 896 649 per
914 608 981 635 me
1003 594 1176 635 stetisse
1197 593 1364 644 credat,

151 658 255 706 Quo
275 660 415 700 minus
435 658 506 700 hae
524 658 681 700 fierent
699 660 877 714 nuptiae,
900 658 996 700 volo
1014 675 1023 700 :
1058 659 1135 701 sed
1157 659 1194 700 si
1214 658 1258 700 id
1278 673 1366 700 non
1385 658 1562 714 poterit,

150 723 203 765 ld
225 723 391 774 faciam,
411 724 454 765 in
474 722 651 779 proclivi
670 723 789 778 quod
808 731 891 774 est,
913 738 993 779 per
1011 738 1079 765 me
1100 725 1271 766 stetisse
1291 730 1340 765 ut
1358 723 1521 765 credat.

151 788 263 836 Quis
284 789 464 830 videor?
514 788 600 830 Cu.
624 788 764 830 Miser
783 804 907 844 aeque
936 797 1067 844 etque
1096 804 1194 845 ego.
1246 789 1368 831 Pin.
1399 788 1635 831 Consilium

236 868 397 908 quaero.
449 852 533 894 CH.
557 852 716 894 Fortis.

91 927 133 957 20
149 918 268 960 Pin.
292 917 392 959 Scio
411 918 516 972 quid
537 932 707 959 conere.
757 917 876 959 DAv.
902 917 1001 960 Hoc
1022 933 1105 973 ego
1118 918 1197 960 tibi
1215 918 1413 974 profecto
1429 917 1632 961 effectum

236 982 429 1024 reddam.

94 1114 253 1146 D.-Non
274 1116 301 1145 si
316 1112 496 1155 capiundos]
522 1113 596 1145 Hoc
618 1123 660 1144 ex
680 1113 842 1155 generali-

93 1164 160 1188 tate
175 1157 343 1188 conclusit.
374 1157 414 1187 E.

140 1201 188 1231 13.
215 1199 367 1241 Contigit]
380 1199 477 1235 Quod
486 1199 542 1230 vix
552 1199 672 1237 evenit,
682 1201 843 1240 contigisse

92 1242 223 1274 dicitur.
270 1245 455 1274 Conveniunt
476 1241 588 1282 mores]
614 1242 735 1273 Recte:
760 1248 793 1273 et
809 1242 843 1273 id

93 1285 179 1326 quod
191 1285 431 1316 matrimonium
446 1285 564 1316 firmat.
604 1284 751 1325 Valeant]
767 1285 842 1316 Hoc

93 1335 153 1365 est,
169 1328 295 1365 abeant,
311 1328 482 1359 recedant:
506 1327 582 1368 quia
597 1334 630 1358 et
644 1327 840 1358 discedenti-

94 1371 155 1402 bus
167 1379 200 1401 et
215 1370 361 1407 mortuis,
373 1372 438 1401 vale
453 1370 590 1405 dicitur;
613 1376 651 1400 ιιι
661 1370 754 1411 Virg.
764 1370 841 1400 AEn.

94 1413 139 1444 xi.
156 1414 207 1446 97.
232 1415 319 1444 Saloe
333 1419 478 1444 (εἰει-παι
494 1415 577 1449 mihi,
591 1415 720 1443 maxime
739 1414 841 1449 Palla,

95 1457 313 1496 AEternunque
342 1457 430 1486 vale:
462 1455 514 1486 vel
538 1454 647 1496 potius
671 1457 717 1494 τᾷ
746 1455 843 1494 εὐφη-

95 1499 209 1537 mne,
222 1509 296 1529 cum
312 1498 395 1529 male
407 1504 578 1539 optaturus
587 1504 683 1534 emet,
695 1497 843 1528 conside-

94 1548 165 1572 rato
187 1547 279 1582 patre
293 1539 471 1580 παραδόξοις
491 1540 619 1571 locutus
635 1547 704 1571 estx
729 1547 762 1570 et
777 1550 843 1571 non

93 1582 189 1620 dixit,
211 1583 298 1624 quod
318 1582 512 1619 intenderat,
534 1588 679 1623 pereant.
724 1582 770 1613 Et
791 1588 841 1613 at-

92 1625 190 1657 tende
211 1636 307 1666 quam
333 1625 499 1656 moderate
519 1624 690 1666 pluraliter
712 1624 843 1661 dixerit,

93 1678 168 1699 cum
192 1668 391 1709 significaret
412 1675 549 1709 patrem.
599 1667 842 1708 ValeantJRe·

93 1710 312 1742 nunciatiouis
327 1717 359 1742 et
374 1710 618 1752 imprecationis
633 1716 684 1741 est
698 1710 843 1741 verbum.

93 1752 333 1794 D.—Valeant]
347 1752 566 1793 Ἀκνρολινγίῳ
582 1752 616 1783 id
627 1759 687 1790 est,
699 1760 844 1794 pereant.

94 1795 180 1826 E.—
186 1798 314 1827 Valeant
328 1798 381 1837 qni
402 1798 483 1826 inter
502 1794 573 1836 πω]
597 1795 687 1826 δεῖν.
711 1795 841 1827 AEneid.

93 1838 139 1869 xi.
157 1839 208 1871 97.
240 1838 280 1869 1..

140 1882 190 1912 14.
214 1882 315 1918 Hanc,
336 1882 498 1917 saisinam,
517 1882 720 1911 mihicdinet
740 1880 841 1921 neno]

94 1923 169 1955 Etsi
190 1923 329 1959 valeant,
351 1923 444 1959 hanc,
461 1922 525 1954 nisi
540 1933 637 1960 mors,
659 1933 756 1954 nemo
770 1923 841 1954 adi-

93 1973 169 1998 met.
215 1966 391 1997 Concessio
416 1965 470 1996 hic
497 1972 557 2002 est,
578 1965 639 1996 hoc
668 1965 757 1996 enim
782 1975 843 2007 per

92 2009 335 2040 concessionem
362 2008 491 2039 dicitur.
536 2009 638 2045 Hanc,
663 2010 724 2039 πίει·
752 2019 841 2046 nors,

92 2053 167 2082 ιιιἸιι·
176 2053 290 2083 adi-et
301 2050 400 2091 nemo]
412 2051 611 2088 Perseverat,
621 2060 664 2082 ne
673 2050 770 2088 dicat,
782 2061 839 2091 pa-

93 2101 164 2125 ter:
199 2105 270 2136 pro,
301 2104 367 2125 non
395 2093 517 2124 adimet
538 2100 640 2134 pater.
690 2093 843 2128 D.—Qui

92 2138 173 2168 uter
186 2148 240 2169 ms
254 2135 433 2177 discidium]
452 2137 492 2167 ld
507 2144 566 2172 est,
582 2136 767 2167 divortium.
801 2136 840 2167 E.

91 2179 240 2211 ——Recte
256 2179 402 2211 Faernus
416 2189 477 2220 pro
491 2180 652 2210 dissidium
667 2179 761 2220 ponit
775 2181 840 2210 dis·

90 2223 212 2260 endi-n,
241 2221 519 2254 consentientibus
555 2221 675 2252 nostris
705 2221 842 2253 vetustis

90 2264 191 2296 libris.
237 2265 323 2296 Nam
347 2264 438 2296 venit
464 2275 484 2295 a
509 2266 691 2301 discindere,
722 2272 760 2296 ιιι
786 2276 838 2296 es-

90 2309 203 2338 n'ds'tn
218 2308 260 2339 ah
273 2309 440 2339 excindere.
472 2307 511 2338 B.

137 2350 187 2382 15.
209 2349 383 2391 Resipisco]
406 2349 565 2391 Spiritum
579 2356 711 2381 revocat
725 2359 840 2381 sensus

93 2392 201 2434 (lego-
223 2395 366 2433 spiritum
380 2398 501 2424 remeas
514 2392 651 2431 sensim.)
668 2393 774 2433 Magis
789 2403 838 2423 ve·

91 2434 176 2476 m]
190 2436 259 2467 Aut
383 2446 493 2472 veruna,
504 2442 561 2466 aut
574 2437 676 2466 verius
690 2435 838 2466 dicimus.

93 2477 252 2510 D.—Nms
271 2477 441 2518 Apollinis]
464 2477 656 2518 Παραβολήτ
680 2477 840 2518 siquidem

92 2527 143 2552 est
162 2530 272 2552 rerum
292 2530 412 2561 genere
434 2520 650 2552 dissimilium.
689 2520 840 2551 R—Pro

90 2565 244 2602 resipisco,
267 2563 336 2594 cod.
362 2563 400 2594 C.
424 2563 462 2594 C.
486 2565 611 2603 respiro.
657 2562 839 2603 Utrumque

92 2612 190 2636 reete.
234 2606 396 2637 Caeterum
410 2605 471 2637 hoc
486 2605 646 2637 verbum
636 2605 698 2647 ipsi
718 2605 840 2647 Mysidi

93 2647 208 2679 tribue.
242 2648 280 2679 B.

140 2691 190 2721 16.
220 2692 262 2721 Ut
285 2701 323 2721 ne
340 2689 446 2731 pater]
480 2692 523 2722 Ut
544 2701 591 2727 ne,
614 2701 676 2732 pro
697 2701 739 2722 ne
763 2701 839 2722 non.

94 2734 157 2764 Per
175 2744 220 2764 ne
236 2732 373 2774 stetisse]
395 2735 531 2770 Sleeisse,
551 2733 613 2764 hoc
635 2740 694 2770 est,
718 2733 839 2765 factum

93 2785 184 2811 εαες
208 2783 245 2806 ιιι
261 2775 376 2815 Virgil-
400 2775 476 2806 AEn.
500 2774 567 2806 viii.
586 2776 840 2807 191.-deserta-

93 2829 150 2858 qne
172 2821 280 2849 montis
304 2819 374 2848 Stat
399 2819 511 2848 donus.
566 2817 683 2856 Aliter,
706 2818 841 2860 plenum

93 2867 164 2896 αις
187 2868 225 2892 ιιι
239 2861 336 2896 idem,
354 2859 424 2891 Ecl.
440 2860 496 2891 vii.
513 2861 565 2891 5³.
591 2862 683 2891 Stant
702 2867 734 2892 et
745 2861 839 2901 juni-

91 2905 170 2942 peri,
185 2909 216 2934 et
230 2909 380 2934 castaneae
401 2904 537 2934 hirsuta.
581 2902 689 2934 Aliter
710 2903 839 2939 horret:

95 2951 131 2976 ut
146 2945 223 2976 AEn.
239 2946 282 2976 vi.
299 2947 372 2976 300.
396 2947 487 2976 Stant
502 2947 615 2976 lanuino
623 2947 758 2985 fian-fla.
795 2946 842 2977 Et

97 2987 251 3025 Lucilius,
283 2991 352 3020 Stat
376 2990 511 3019 sentibus
531 2987 661 3028 fundus.
706 2990 768 3019 Per
796 3000 842 3020 ne

890 1113 1026 1155 stetisse]
1046 1114 1119 1145 Hoc
1135 1120 1195 1151 est,
1211 1123 1271 1155 per
1285 1124 1337 1144 me
1356 1113 1475 1145 facmm
1499 1125 1580 1153 esse,
1596 1123 1641 1146 ne

888 1157 1005 1188 fierent
1021 1157 1155 1198 nuptiae.
1184 1157 1227 1187 D.

934 1200 982 1230 19.
1006 1201 1104 1231 Miser
1116 1211 1200 1240 aeque
1220 1205 1312 1240 atque
1332 1198 1403 1240 ego]
1428 1200 1530 1237 Bene,
1547 1205 1639 1241 alque

885 1253 941 1282 ego
954 1255 966 1272 .·
987 1242 1065 1282 qnia
1079 1242 1132 1273 hic
1148 1252 1257 1273 amore
1272 1249 1419 1273 vexatur.
1464 1243 1509 1273 Et
1527 1242 1639 1274 intulit

885 1282 1059 1324 παράδοξον
1097 1285 1193 1325 (lege,
1234 1284 1483 1325 ἀπροσδόκητον.
1544 1285 1639 1316 Nihil

885 1327 973 1358 enim
989 1327 1098 1358 minus
1119 1340 1143 1358 π
1239 1330 1301 1367 tor,
1318 1338 1415 1368 quam
1437 1327 1532 1359 binos
1547 1338 1636 1359 ama-

886 1376 973 1400 tores
1000 1370 1124 1411 pariter
1147 1380 1218 1401 esse
1241 1370 1386 1401 miseros.
1420 1370 1473 1401 W.
1521 1370 1638 1412 Inepte

884 1412 983 1453 plane
994 1412 1168 1453 corrigitur
1177 1413 1248 1449 hoc,
1264 1412 1351 1452 quod
1362 1412 1450 1443 idem
1461 1412 1557 1444 valet.
1572 1413 1639 1454 Z.).

890 1454 977 1486 Nam
992 1455 1121 1486 volebat
1143 1455 1333 1496 Pamphilus
1354 1455 1418 1486 sihi
1432 1455 1508 1492 dici,
1524 1462 1558 1486 et
1571 1456 1638 1487 for-

888 1497 931 1528 tis
947 1497 1002 1537 (τὸ
1016 1503 1048 1528 et
1062 1508 1194 1529 sensum
1210 1498 1327 1528 turbat.
1375 1497 1416 1529 Id
1431 1497 1502 1529 vult
1525 1498 1638 1530 Dona-

887 1546 949 1576 tus,
961 1540 1180 1581 Pamphilum,
1189 1540 1244 1571 uhi
1254 1547 1410 1580 rogasset,
1425 1542 1502 1574 Quis
1511 1543 1640 1572 videor!

886 1589 1103 1623 ex,specmsse
1125 1589 1163 1613 ιιι
1184 1583 1347 1613 Charinus
1369 1582 1502 1631 diceret,
1524 1585 1638 1615 Fortis.

889 1624 975 1655 Mihi
1004 1625 1101 1656 aliter
1129 1625 1268 1656 videtur.
1328 1625 1392 1656 lna
1425 1625 1523 1662 enim,
1563 1625 1641 1660 Quis

887 1670 1015 1698 videor?
1032 1667 1173 1699 dolentis
1181 1667 1291 1708 potius
1302 1674 1389 1704 sunt,
1401 1678 1498 1709 quam
1513 1648 1640 1700 iaudari

887 1710 1036 1741 volentis.
1067 1710 1117 1740 W.
1162 1710 1227 1742 Pro
1247 1712 1311 1741 dici
1334 1710 1396 1751 leg.
1420 1713 1528 1742 videri.
1562 1710 1636 1752 Z.:)

888 1753 975 1792 quod
989 1752 1037 1783 illi
1054 1759 1163 1784 tamen
1177 1763 1255 1784 mox
1273 1753 1409 1784 dicetur.
1456 1753 1523 1784 Hic
1538 1753 1640 1795 igitur

886 1795 981 1826 aliter
989 1796 1174 1836 respondet,
1184 1802 1281 1836 atque
1294 1796 1473 1836 interrogat
1482 1796 1638 1838 Pamphi-

885 1837 947 1874 lus,
960 1837 1034 1869 ideo
1047 1838 1134 1878 quod
1148 1838 1259 1869 videat
1270 1837 1470 1879 impossihile
1483 1848 1565 1875 esse,
1577 1849 1637 1880 pa-

885 1879 950 1911 lam
972 1880 1124 1911 resistere
1145 1880 1284 1922 parenti.
1320 1881 1489 1914 D.—Qu's
1509 1883 1639 1913 videor?

886 1921 993 1963 miser]
1030 1922 1194 1958 Quoniam
1238 1923 1417 1954 secundum
1453 1923 1636 1962 consilium,

886 1965 973 2005 quod
988 1964 1180 2006 Pamphilus
1200 1965 1321 2006 posuit,
1337 1965 1402 1996 tale
1417 1973 1477 2003 est,
1492 1972 1530 1997 ut
1543 1966 1637 1998 dixe-

885 2007 931 2038 rit
951 2014 1076 2048 patrem
1099 2018 1135 2039 se
1157 2018 1223 2039 non
1245 2008 1370 2045 timere,
1386 2007 1415 2040 si
1437 2008 1639 2042 intellexerit

886 2051 973 2090 quod
993 2050 1064 2091 ipoe
1086 2050 1173 2088 fecit,
1195 2060 1238 2081 ne
1260 2051 1385 2092 nuptiae
1406 2051 1532 2082 fierent.
1579 2051 1637 2083 ld-

884 2092 971 2124 circo
986 2100 1020 2124 et
1034 2093 1184 2133 quaesivit
1199 2093 1271 2135 ipse
1285 2093 1390 2134 qualis
1406 2093 1537 2126 futurus
1551 2101 1639 2126 esset

885 2145 927 2166 ex
942 2135 1002 2166 hoc
1017 2135 1163 2173 consilio,
1179 2144 1213 2167 et
1225 2146 1416 2178 responsum
1429 2143 1479 2167 eet
1492 2136 1533 2174 ei,
1546 2139 1638 2169 'iser

884 2183 1171 2252 ι1,)ιέειξιιῑι-εαιιιιῖεωᾱ11ἑο
1173 2178 1393 2252 truelga-inu
1356 2221 1420 2252 Ms-
1444 2231 1510 2252 non
1533 2179 1636 2254 eregit]-

884 2263 922 2294 L.
924 2265 1133 2295 -Consils'um
1160 2275 1262 2305 quaem
1290 2263 1371 2295 dicit
1397 2264 1530 2295 Davus:
1563 2264 1637 2306 lege

874 2305 966 2346 sore?
969 2318 1007 2342 ις
1030 2306 1098 2336 haee
1114 2306 1278 2337 Charinus
1292 2316 1359 2337 non
1380 2306 1561 2348 Pamphilo,
1577 2307 1637 2339 aed

885 2349 979 2379 Davo
1005 2348 1102 2379 dicit.
1139 2349 1310 2389 sequentia
1332 2351 1400 2380 Scio
1423 2351 1500 2389 quid
1522 2360 1636 2387 canere,

883 2391 1021 2423 emenda
1034 2393 1153 2432 siquid
1166 2402 1281 2429 comere,
1297 2398 1331 2422 et
1346 2391 1476 2422 tribue
1467 2391 1532 2433 ipsi
1547 2391 1633 2423 Chn-

883 2434 966 2465 rino.
1004 2434 1091 2465 Nam
1116 2433 1260 2465 nondum
1285 2440 1393 2475 potest
1415 2434 1517 2466 iratus
1538 2434 1634 2466 Pam-

882 2477 993 2518 philus
1007 2476 1124 2507 blande
1139 2476 1226 2517 loqui
1243 2487 1318 2508 cum
1334 2477 1437 2507 Davo.
1470 2477 1508 2508 B.

927 2521 979 2550 20.
1003 2522 1073 2551 Scio
1093 2521 1169 2559 quid
1188 2519 1310 2560 cauere]
1335 2520 1456 2550 Sensus
1478 2525 1537 2556 est,
1560 2519 1637 2551 Seio

882 2562 1013 2602 quidem
1026 2562 1104 2602 quid
1116 2562 1263 2593 coneris:
1287 2561 1345 2593 sed
1359 2572 1402 2592 an
1417 2562 1545 2593 efficere
1558 2573 1636 2604 poe-

883 2605 938 2642 sis,
954 2605 1074 2636 nescio.
1111 2606 1180 2635 Sem
1194 2606 1270 2645 quid
1281 2603 1403 2645 canere]
1420 2604 1457 2635 Si
1472 2605 1551 2636 an

883 2654 933 2678 est
948 2657 1097 2689 persona,
1107 2657 1182 2678 cum
1195 2645 1335 2687 εἰρωνείᾳ
1345 2646 1482 2684 diuitum
1503 2647 1533 2679 ni

883 2690 959 2727 rini,
980 2689 1121 2731 simplex
1141 2689 1285 2720 laudatio
1306 2695 1376 2721 est:
1407 2689 1467 2722 sed
1486 2690 1516 2722 si
1537 2690 1634 2722 Pam·

883 2732 966 2783 phili
996 2740 1055 2769 est,
1078 2732 1139 2763 hoc
1161 2732 1324 2772 siguificat
1345 2732 1433 2773 quod
1452 2742 1562 2784 supra,
1583 2735 1637 2766 13ae

883 2778 953 2806 unis
970 2777 1109 2815 geminas
1138 2776 1212 2805 nihi
1234 2776 1370 2814 eoffcoes
1396 2777 1531 2816 nupcias.
1564 2775 1635 2808 sed

883 2828 950 2849 non
965 2828 1035 2849 esse
1051 2827 1224 2858 personam
1240 2817 1413 2860 Pamphili,
1424 2828 1467 2850 ex
1481 2818 1636 2858 euthicetis

883 2860 1075 2892 ostenditur.
1119 2859 1239 2900 (Atqui
1267 2869 1334 2891 non
1361 2870 1434 2892 ene
1461 2871 1635 2902 personam

884 2902 1030 2938 Charini,
1045 2912 1087 2933 ex
1102 2912 1259 2944 responso
1275 2902 1361 2934 Davi
1381 2910 1534 2978 pateumd
1498 2905 1567 2935 Hoc
1580 2915 1636 2945 ego

885 2948 943 2977 tibi
968 2944 1104 2985 profecto
1125 2946 1263 2984 effectu
1291 2947 1426 2983 redd-n,
1448 2946 1534 2987 quod
1555 2957 1634 2978 sane

886 2987 1057 3029 Pamphilo
1085 2987 1219 3026 dicum,
1235 2994 1272 3019 ut
1297 2987 1363 3026 1113,
1386 2990 1466 3026 huic,
1489 3000 1546 3020 ιιοιι
1577 2991 1635 3020 tibi
