1852 3216
174 142 331 183 xxxviii
692 140 839 182 DAN.
870 139 1186 181 HEINSIUS

269 243 292 269 e
318 227 404 268 fieri
431 235 604 281 putatur.
662 227 791 273 Quale
818 237 891 275 est,
914 241 1047 281 pugno
1061 227 1256 281 frangere
1280 225 1478 279 elephanto
1505 224 1711 271 brachium,

173 242 322 323 mla
340 282 378 322 in
396 282 527 323 coelnm
540 283 749 335 pervenire.
799 281 852 321 Et
874 292 934 322 est
958 281 1155 334 frigidum,
1183 294 1271 320 cum
1294 281 1349 319 ita
1371 294 1393 319 a
1421 278 1598 319 familiari
1626 292 1709 318 ser-

173 351 288 377 mone
308 337 433 376 oratio
451 336 611 383 recedit,
632 346 676 376 ut
694 337 744 376 ad
762 350 876 376 usum
895 336 1062 389 amplius
1085 335 1283 375 transferri
1306 343 1486 386 nequeat.
1533 333 1631 372 Tale
1649 342 1711 372 est

176 391 274 432 illud
293 391 438 431 ibidem
453 404 462 429 ι

269 453 307 490 Si
323 460 405 490 ante
421 454 538 489 lucem
554 452 606 488 ire
622 453 776 500 occipias
793 465 814 488 a
830 464 910 489 meo
927 453 1044 500 primo
1061 453 1219 495 nomine,

268 501 496 538 Concubium
513 500 560 536 sit
577 501 706 543 noctis,
726 500 934 547 priusquam
950 499 995 536 ad
1012 507 1234 547 postremum
1249 498 1464 546 perveneris.

177 560 330 601 Crescit
350 570 478 600 tamen
499 561 696 613 frigidum,
716 574 804 599 cum
824 559 935 598 addit
954 559 1050 598 alter
1071 573 1080 597 ε

269 623 372 671 Opus
387 623 464 660 face
481 630 534 660 est
550 629 585 660 et
602 623 732 659 viatico
749 622 794 659 ad
810 628 914 658 tuum
930 633 1076 665 nomen,
1094 626 1136 658 ut
1151 626 1193 657 tu
1210 619 1394 668 praedicas.

176 683 281 729 Quae
309 684 341 723 si
370 683 507 736 pedem
534 696 654 722 unum
679 690 792 721 extra
816 695 970 721 scenam
990 681 1103 723 feras.
1125 681 1304 733 protinus
1332 680 1557 731 putiscent3
1587 694 1711 733 neque

179 739 229 778 ad
249 752 360 777 usum
380 737 565 789 applicari
585 745 782 789 poterunt.
830 735 973 778 Qualia
992 749 1062 774 nec
1082 735 1212 786 Scipio
1237 748 1308 773 nec
1328 733 1488 780 Laelius,
1509 734 1581 774 flos
1599 735 1712 774 nobi-

179 792 314 839 litatis,
334 791 394 830 vel
415 792 453 830 in
474 805 589 830 scena
608 792 901 842 approbassent.
952 789 1185 829 Plutarchus
1210 798 1327 832 certe,
1357 798 1470 828 extra
1497 788 1715 828 liberalium

180 847 329 886 theatra
349 859 392 885 ac
411 845 628 890 doctorum,
653 844 773 883 libere
798 843 960 895 relegat.
1010 843 1177 882 Ridiculi
1196 842 1299 881 enim
1318 855 1363 880 ac
1383 842 1504 894 inepti
1523 852 1626 887 sunt,
1647 843 1714 894 qui

180 900 328 953 plebeis
348 908 496 939 tantum
522 899 636 938 scribi
663 898 894 937 comoediam
914 898 1140 937 existimant
1157 913 1166 943 ;
1197 910 1286 936 cum
1306 910 1383 935 non
1403 897 1531 936 minus
1550 896 1715 936 eruditis

180 955 386 994 scribatur.
433 953 553 998 Quod
573 963 612 991 et
632 952 794 992 Flaccus
813 952 952 999 scivit3
984 953 1050 1003 qui
1070 966 1149 990 non
1169 951 1250 990 sine
1271 963 1413 989 causa:

273 1016 453 1059 Creditur,
472 1028 514 1052 ex
531 1015 650 1052 medio
667 1016 750 1064 quia
765 1027 821 1051 res
837 1015 997 1057 arcessit,
1016 1015 1147 1051 habere

274 1063 423 1100 Sudoris
439 1064 625 1100 minimum
639 1079 650 1106 ς
678 1062 739 1099 sed
756 1063 864 1099 habet
881 1062 1055 1099 comoedia
1072 1068 1174 1098 tanto

275 1110 362 1148 Plus
380 1112 513 1155 oneris,
532 1118 667 1159 quanto
684 1111 797 1146 veniae
813 1111 943 1146 minus.

181 1171 334 1211 Deinde
363 1180 491 1210 autem
521 1170 649 1209 Plauti
679 1179 719 1209 et
747 1169 938 1208 Dossenni
971 1170 1093 1208 utitur
1125 1168 1321 1221 exemplo,
1355 1182 1453 1221 quos
1482 1182 1639 1208 securos
1667 1169 1718 1208 de

175 1226 335 1278 judiciis
355 1225 556 1264 doctorum
577 1226 644 1263 ait.
701 1224 754 1263 Et
782 1225 865 1263 haec
884 1223 932 1263 ad
950 1223 1137 1269 divinum,
1158 1233 1200 1262 ut
1222 1224 1304 1275 jam
1323 1223 1420 1268 dixi,
1439 1237 1485 1262 ac
1513 1225 1717 1262 subactum

182 1281 221 1319 in
243 1280 303 1319 his
331 1280 559 1332 principem,
579 1278 690 1331 cujus
710 1292 780 1318 nec
804 1278 997 1330 judicium
1017 1291 1086 1316 nec
1107 1288 1339 1317 caeterorum
1361 1278 1537 1329 ignorare
1555 1291 1601 1316 ea
1620 1287 1719 1316 tem-

182 1343 332 1386 pestate
352 1334 493 1385 potuit.
552 1332 602 1371 Et
622 1332 732 1384 cujus
751 1331 942 1384 judicium
964 1332 1089 1371 vereri
1108 1332 1320 1378 debuisset,
1340 1332 1412 1370 nisi
1433 1331 1535 1370 idem
1554 1331 1718 1370 aliorum

183 1388 333 1427 fuisset.
387 1386 475 1426 Jam
504 1386 569 1426 illa
596 1387 820 1438 Epicharmi
850 1386 1026 1432 imitatio,
1057 1395 1100 1425 ut
1127 1386 1389 1431 festivissima,
1419 1386 1484 1431 ita,
1509 1386 1541 1423 si
1562 1386 1611 1424 sit
1640 1386 1718 1424 fre-

184 1456 318 1494 quens,
348 1442 493 1493 frigore
521 1455 600 1480 non
629 1450 747 1480 caret.
806 1440 911 1484 Quoe
940 1440 996 1486 fit,
1026 1454 1116 1479 cum
1143 1440 1205 1479 vel
1235 1439 1331 1479 falsa
1359 1451 1622 1492 opponuntur,
1651 1449 1721 1479 aut

184 1495 404 1549 subjectum
425 1495 526 1534 idem
546 1504 606 1534 est
625 1509 712 1534 cum
734 1494 961 1547 praedicato.
1019 1494 1075 1534 Ut
1095 1508 1183 1533 cum
1205 1494 1464 1547 Epicharmus
1483 1494 1585 1532 dixit
1602 1507 1612 1532 z

288 1565 378 1600 Τόκα
395 1563 458 1611 μὲν
476 1563 512 1599 ἐν
527 1562 639 1609 τῆνοις
657 1563 723 1611 ἐγὼ
741 1561 793 1608 ἦν,
813 1564 895 1599 τόκα
913 1563 949 1598 δὲ
968 1563 1061 1610 παρὰ
1078 1562 1203 1607 τὴνοις.

292 1623 396 1660 Tunc
413 1624 507 1660 inter
523 1624 604 1659 illos
621 1635 689 1670 ego
706 1634 816 1666 eram,
834 1628 921 1659 tunc
938 1622 1034 1670 apud
1052 1622 1144 1658 illos.

183 1689 253 1729 Bis
271 1690 374 1729 enim
402 1689 505 1728 idem
524 1689 641 1735 dicit;
673 1702 762 1739 quae
787 1697 847 1727 est
866 1688 971 1726 fraus
992 1687 1029 1725 in
1055 1687 1185 1726 verbis
1204 1697 1348 1739 praeter
1374 1687 1720 1739 exspectationem.

185 1744 296 1783 Idem
314 1754 444 1783 autem
464 1751 524 1782 est
551 1757 639 1782 cum
667 1742 883 1795 praedicato
902 1741 1121 1794 subjectum
1138 1756 1147 1779 :
1179 1751 1222 1780 ut
1251 1741 1290 1780 in
1310 1741 1386 1780 illis
1406 1740 1565 1780 Curcul.
1587 1751 1661 1780 act.
1681 1755 1718 1779 v.

186 1812 301 1838 scena
319 1802 357 1837 4.

278 1860 374 1905 Quoi
390 1860 529 1896 homini
546 1860 595 1896 dii
611 1866 696 1896 sunt
712 1859 871 1906 propitii,
889 1858 922 1894 ei
938 1869 1012 1894 non
1029 1870 1105 1894 esse
1121 1858 1231 1894 iratos
1248 1864 1349 1904 puto.

187 1921 322 1961 Sticho
339 1935 349 1960 ι

278 1984 309 2020 E
326 1984 428 2020 malis
443 1984 579 2026 multis,
597 1983 733 2019 malum
749 1981 848 2030 quod
864 1981 1054 2018 minimum
1071 1987 1138 2025 est,
1156 1981 1193 2018 id
1210 1982 1401 2018 minimum
1416 1987 1471 2018 est
1486 1982 1633 2018 malum.

191 2043 369 2097 Captivis
386 2058 395 2082 :

279 2107 359 2144 Hos
375 2119 466 2155 quos
482 2105 610 2143 videtis
626 2111 719 2141 stare
735 2106 897 2153 captivos
913 2104 1018 2148 duos,

281 2166 332 2202 Hi
348 2171 456 2208 stam,
474 2176 548 2201 non
565 2162 700 2200 sedent.

188 2226 291 2271 Quae
313 2225 396 2277 jam
415 2224 519 2264 docti
537 2222 789 2275 collegerunt.
848 2221 962 2261 Unde
990 2231 1028 2261 et
1058 2222 1169 2261 istam
1197 2222 1336 2261 summi
1364 2222 1488 2261 critici
1516 2235 1721 2262 censuram

189 2280 354 2319 meruit:

280 2342 429 2379 Plautus
445 2341 490 2378 ad
507 2341 688 2389 exemplar
704 2339 815 2376 Siculi
831 2350 1021 2386 properare
1039 2339 1244 2386 Epicharmi

280 2388 440 2426 Dicitur.

189 2450 425 2502 Quanquam
455 2461 548 2487 sane
579 2447 670 2487 alibi
698 2460 775 2486 non
807 2446 1009 2485 invenuste
1040 2446 1086 2485 iis
1116 2460 1210 2485 usus
1237 2455 1309 2485 est.
1367 2445 1471 2490 Quae
1504 2446 1721 2486 Menander

188 2513 330 2548 tamen,
350 2511 390 2542 et
417 2503 545 2554 imago
572 2501 670 2554 ejus,
691 2500 740 2540 de
768 2514 847 2552 quo
874 2513 976 2539 nunc
1005 2501 1144 2552 agitur,
1170 2500 1392 2545 Terentius,
1418 2510 1600 2552 tanquam
1630 2515 1720 2540 eum

189 2557 362 2610 periculo
382 2556 601 2609 conjuncta,
626 2555 727 2594 serio
748 2554 943 2606 fugerunt.
1001 2554 1102 2594 Haec
1127 2568 1199 2607 pro
1218 2555 1302 2594 viro
1331 2555 1501 2594 maximo
1527 2555 1721 2602 Hor-atim

189 2625 314 2663 neque
334 2611 520 2651 adversus
542 2609 722 2649 Plautum
741 2608 847 2647 dicta
866 2618 968 2653 sunt,
989 2621 1104 2659 quem
1124 2622 1311 2655 amamus,
1329 2609 1573 2661 suspicimus,
1593 2609 1723 2662 diligi·

189 2679 290 2711 mus,
310 2679 354 2704 ac
376 2677 626 2710 veneramur3
658 2676 806 2707 verum,
826 2671 869 2701 ut
884 2661 1074 2713 judicium
1106 2663 1161 2702 sic
1186 2676 1391 2710 acuamus3
1422 2663 1535 2702 simul
1557 2673 1600 2702 ut
1619 2664 1721 2702 acuti

190 2719 267 2762 isti.
296 2718 402 2771 quod
432 2718 610 2757 videntur
640 2717 727 2762 sibi,
759 2717 813 2755 ita
838 2716 1115 2755 facetissimum
1144 2717 1372 2769 scriptorem
1403 2727 1547 2763 ament,
1576 2717 1720 2769 legant,

192 2782 358 2812 tractent
385 2781 502 2824 atque
520 2772 694 2811 ediscant
713 2769 836 2822 (quod
862 2778 902 2808 et
929 2780 1032 2809 recte
1053 2780 1092 2809 et
1120 2771 1255 2810 ordine
1282 2772 1332 2811 ab
1361 2771 1407 2810 iis
1428 2770 1510 2811 fieri
1530 2772 1718 2810 fatemur:

191 2839 319 2879 neque
338 2826 438 2864 enim
460 2826 553 2864 satis
573 2824 831 2865 commendari
852 2828 1000 2876 potest)
1020 2832 1062 2862 ut
1081 2837 1151 2862 nec
1171 2824 1284 2876 plane
1302 2834 1342 2864 et
1362 2826 1506 2877 ubique
1524 2825 1722 2864 veteribus

190 2881 376 2935 probasse
391 2892 432 2918 se
451 2880 692 2919 meminerint
708 2894 716 2918 :
745 2887 797 2924 et,
843 2876 923 2918 uod
938 2877 1000 2917 bic
1020 2878 1216 2930 praecipue
1233 2888 1465 2931 spectamus,
1484 2878 1534 2918 de
1553 2877 1721 2918 Horatio

189 2934 354 2988 eJusque
385 2932 487 2978 crisi.
522 2933 649 2973 minus
682 2933 803 2973 libere
851 2940 1069 2984 oquantur:
1110 2931 1285 2971 Terentii
1319 2942 1450 2973 autem
1487 2932 1642 2978 miram,
1675 2947 1721 2972 ac

188 3002 311 3042 prope
338 2986 570 3027 ineffabilem
598 2988 875 3033 amoenitatem,
893 2985 1138 3038 elegantiam.
1163 2985 1370 3038 judicium,
1392 3000 1437 3027 ac
1463 2996 1718 3032 venustatem,
