1910 3216
0 2868 5 2898 3
59 2868 100 2904 lo,
125 2867 207 2898 dabo

432 106 615 142 INDEX
648 107 973 143 VERBORUM
1006 108 1076 143 ET
1106 109 1431 146 PHRASIUM.

104 185 187 228 olus]
213 188 304 218 Olera
321 193 352 218 et
367 186 540 228 pisciculos
554 186 614 217 mi·
655 187 774 219 Heaut.
787 187 829 218 iv.
841 189 871 225 3,
888 188 935 219 15.
962 190 1091 228 Operam
1103 189 1207 221 amico
1241 189 1271 229 3,
1300 190 1351 222 92.

62 236 167 263 mltos-
190 229 274 260 And.
293 229 325 260 ii.
344 231 373 266 2,
390 231 443 261 32.

104 271 204 312 omen]
230 272 279 302 Ea
301 272 373 313 lege
395 278 491 313 atque
509 274 614 303 omine.

63 314 148 344 And.
162 314 182 344 i.
201 316 230 350 2,
246 315 297 345 29.

104 356 245 397 omissus]
274 356 336 388 Ubi
363 363 395 387 te
417 355 483 387 vidi
506 356 615 387 animo

59 409 130 429 esse
142 402 256 430 omisso.
276 399 397 430 Heaut.
409 409 437 429 v.
456 400 485 435 2,
503 399 532 430 9.
562 399 614 429 Ne

58 442 99 472 ab
110 451 144 472 re
154 442 218 472 sint
227 445 394 473 omissiores
402 441 507 483 paulo.
517 441 612 472 Adel.

59 494 87 514 v.
107 485 136 520 3,
152 486 203 515 45.

102 526 222 567 omitto]
250 529 362 558 Omitte
383 527 424 557 de
448 533 480 557 te
495 525 610 557 dicere.

61 568 145 599 Eun.
158 579 187 599 v.
205 571 235 605 6,
250 571 297 600 19.
338 569 383 600 Ut
392 569 455 600 alia
467 571 611 599 omittam.

61 611 181 642 Heaut.
199 611 244 642 iii.
268 613 294 648 1,
312 613 363 642 48.
408 614 521 642 Omitte
537 621 612 642 vero

59 653 223 685 tristitiem
249 660 346 685 tuam.
371 654 510 695 Adelph.
530 653 563 684 ii.
581 655 610 690 4,

59 697 88 726 3.
123 697 197 727 Jam
212 707 288 727 vero
300 700 402 727 omitte
413 703 500 727 tuam
510 696 612 727 istanc

58 738 269 770 iracundiam.
294 739 433 780 Adelph.
453 739 494 770 iv.
513 739 542 776 7,
560 739 611 769 36.

59 781 170 812 Vitam
196 782 310 812 duram
328 785 439 812 omitto.
474 781 610 822 Adelph.

59 834 88 854 v.
101 825 130 860 4,
140 824 169 854 6.
182 824 255 855 vide
266 825 378 855 Notas.
406 824 495 860 Quin
510 826 612 855 omitte

59 876 120 896 me..
139 867 268 897 Phorm.
286 867 331 897 iii.
346 868 377 903 2,
397 868 424 898 1.

101 908 293 950 ommutesco]
317 910 456 940 Censen’
474 919 525 940 me
539 919 611 940 ver-

57 951 134 981 bum
151 952 295 993 potuisse
318 951 419 983 ullum
441 951 611 993 proloqui?

58 997 211 1025 ommutui.
227 995 313 1025 And.
330 994 351 1025 i.
369 996 398 1031 5,
413 996 463 1025 22.
491 996 610 1025 Ommu·

58 1039 128 1067 tuit.
144 1037 228 1067 And.
247 1037 279 1067 ii.
298 1039 327 1074 5,
349 1038 397 1068 10.

100 1079 233 1119 omnino]
247 1080 322 1110 Non
338 1079 458 1120 inpulit
474 1089 535 1115 me,
545 1079 614 1109 haec

58 1124 175 1152 omnino
191 1129 227 1153 ut
236 1122 411 1153 crederem.
431 1122 515 1153 And.
526 1121 571 1152 iii.
584 1123 613 1158 2,

58 1165 110 1194 44.
135 1164 220 1199 Quia
227 1164 509 1204 nonjustainjusta
520 1174 611 1206 pror-

57 1217 112 1237 sus
125 1207 234 1238 omnia
249 1210 364 1238 omnino
375 1208 543 1248 obsequor.
566 1207 613 1237 A·

58 1249 166 1289 delph.
184 1261 213 1280 v.
229 1251 259 1286 9,
274 1251 324 1280 33.
349 1250 489 1285 Quaeme
498 1252 614 1280 omnino

58 1291 210 1332 lapidem,
231 1303 296 1323 non
319 1292 484 1324 hominem
508 1299 611 1333 putas.

61 1334 142 1365 Hec.
159 1335 192 1365 ii.
214 1335 240 1371 1,
261 1336 308 1367 17.
349 1337 475 1366 Omnino
496 1335 611 1365 abhor-

58 1387 130 1408 rere
146 1378 290 1408 animum
307 1377 381 1408 huic
391 1377 485 1408 video
495 1387 513 1408 a
528 1387 610 1419 nup-

58 1419 120 1451 tiis.
141 1420 222 1451 Hec.
240 1420 282 1451 iv.
296 1421 326 1457 4,
340 1421 391 1451 92.

101 1461 212 1502 omnis]
225 1462 426 1493 Noviomnem
433 1472 512 1493 rem.
526 1461 611 1493 And.

57 1504 99 1535 iv.
117 1507 146 1542 4,
162 1507 213 1536 50.
259 1505 324 1540 Qui
347 1515 418 1536 esse
440 1504 562 1546 primos
577 1514 612 1535 se

57 1550 186 1578 omnium
199 1558 307 1578 rerum
322 1547 442 1578 volunt.
470 1548 553 1578 Eun.
577 1546 610 1577 ii.

58 1591 88 1626 2,
124 1590 172 1623 17.
225 1592 333 1621 Omnia
363 1590 476 1626 habeo,
506 1599 611 1629 neque

57 1632 227 1673 quicquam
240 1633 351 1664 habeo.
376 1633 460 1664 Eun.
472 1632 506 1663 ii.
518 1634 547 1669 2,
562 1633 610 1662 12.

60 1675 139 1706 Dixi
149 1676 302 1716 pleraque
311 1678 418 1706 omnia.
436 1675 555 1706 Heaut.
568 1674 610 1705 iv.

59 1718 89 1754 7,
107 1720 135 1748 2.
184 1720 292 1749 Omnia
307 1718 370 1749 sibi
392 1723 466 1759 post
485 1717 613 1759 putavit

58 1770 129 1791 esse
145 1770 213 1801 prae
228 1771 300 1791 meo
322 1761 499 1791 commod0.
517 1760 611 1791 Adel.

58 1803 91 1833 ii.
110 1804 139 1840 3,
157 1804 186 1834 9.
230 1803 279 1834 lta
288 1803 435 1844 plerique
446 1814 544 1833 omnes
557 1813 610 1834 su-

58 1856 130 1876 mus
146 1845 286 1886 ingenio.
302 1846 431 1876 Phorm.
450 1845 470 1876 i.
489 1845 518 1882 7,
536 1846 586 1875 20.

104 1887 265 1928 Omphale]
291 1888 451 1919 Hercules
481 1887 614 1919 servivit

62 1932 225 1970 Omphalae.
245 1931 328 1961 Eun.
348 1941 376 1961 v.
395 1931 424 1966 7,
439 1932 467 1961 3.

101 1973 206 2013 onero]
225 1973 385 2004 Remittas
396 1974 464 2012 jam
481 1983 531 2003 me
543 1984 612 2004 one-

58 2027 129 2046 rare
145 2015 280 2055 injuriis.
300 2016 384 2046 And.
401 2026 430 2047 v.
447 2017 474 2052 1,
486 2017 515 2046 8.
541 2016 610 2046 An·

59 2058 150 2089 cillas
166 2064 307 2089 oneratas
318 2065 406 2089 veste
418 2065 514 2098 atque
524 2068 611 2088 auro.

61 2101 181 2131 Heaut.
198 2101 244 2131 iii.
265 2102 291 2138 l,
304 2102 356 2131 43.
394 2102 424 2132 O
441 2101 578 2137 fortuna,
594 2111 614 2131 o

59 2144 124 2174 fors
142 2143 278 2180 fortuna,
292 2143 421 2183 quantis
436 2143 611 2174 commodi-

59 2186 179 2216 tatibus
190 2186 268 2217 hero
282 2185 464 2226 Antiphoni
481 2186 566 2216 bunc
581 2197 612 2216 o-

59 2231 191 2259 nerastis
207 2228 315 2259 diem?
342 2229 470 2259 Phorm.
487 2239 517 2259 v.
535 2228 565 2265 6,
583 2229 612 2258 2.

61 2271 245 2302 Humerum
274 2272 360 2302 hunc
388 2282 476 2302 onero
504 2270 613 2312 pallio.

60 2314 190 2344 Phorm.
209 2324 236 2344 v.
255 2314 285 2350 6,
302 2316 332 2344 4.
484 2355 491 2362 .

61 2356 193 2429 Αέἕῗῗ
206 2357 304 2436 {²3¹3
308 2365 613 2438 ”2⁸12’5.⁶.2¹5.¹:.¹1’‚-‘:.¹::;

0 2471 1 2475 ,
62 2442 144 2471 Hec.
159 2441 204 2472 iii.
217 2444 246 2479 2,
264 2443 313 2472 24.
346 2442 524 2481 Paupertas
536 2440 615 2471 mihi

58 2495 132 2515 onus
141 2485 209 2516 visa
214 2491 263 2516 est
269 2490 303 2515 et
309 2484 461 2515 miserum
469 2490 501 2514 et
506 2493 614 2524 grave.

62 2528 191 2559 Phorm.
209 2527 229 2558 i.
247 2528 277 2564 2,
291 2528 342 2557 44.
382 2526 615 2557 Audacissume

58 2574 158 2601 oneris
172 2569 300 2610 quidvis
318 2568 459 2610 impone,
476 2574 509 2599 et
523 2567 613 2599 feret.

61 2614 190 2644 Phorm.
204 2612 250 2643 iii.
268 2613 297 2648 3,
315 2612 366 2642 28.

1752 116 1796 152 73

1411 190 1589 222 Hominem
1619 191 1660 222 ad
1690 191 1796 224 tonna

651 229 706 260 dat
721 240 789 261 suo.
808 230 928 262 Heaut.
947 241 975 262 v.
996 232 1024 268 1,
1038 232 1089 264 37.
1113 232 1207 264 Illius
1235 232 1318 273 jussi
1331 235 1474 273 opperiri.
1500 233 1629 265 Phorm.
1645 234 1687 265 iv.
1706 236 1735 272 2,
1753 236 1783 266 9.

649 283 740 312 opera
755 282 841 304 nunc
857 273 940 304 vivo.
966 273 1105 315 Adelph.
1124 274 1158 305 ii.
1175 276 1205 312 3,

1281 275 1407 316 oppido]
1434 276 1475 307 In
1495 283 1669 317 ang-ustum
1685 279 1795 317 oppido

650 315 679 345 8.
705 315 779 346 Non
790 315 921 346 fratrem
930 315 1018 347 videt
1030 316 1076 348 rei
1086 328 1205 357 operam
1238 327 1325 349 nune
1361 329 1442 350 meae
1477 325 1638 360 coguntur
1681 319 1794 362 copiae.

649 358 749 388 dare?
774 358 913 399 Adelph.
938 359 957 389 i.
983 360 1013 396 2,
1040 360 1088 390 15.
1128 360 1203 391 Non

650 401 1034 480 3222.?¹⁹1².'.·.2.¹33³J³¹1¹5¹33’3
1052 402 1205 476 “ittig

648 495 738 523 opera
752 485 884 516 luditur.
911 486 1039 518 Phorm.
1057 486 1089 517 ii.
1108 489 1137 525 2,
1153 489 1202 519 18.

649 527 795 558 Tradunt
803 539 909 568 operas
922 535 1058 561 mutuas.
1072 530 1202 561 Phorm.

648 569 679 600 ii.
701 571 727 607 l,
742 570 793 603 37.

695 612 811 653 operio]
873 615 1025 652 Operuere
1074 614 1204 646 ostium.

651 655 769 686 Heaut.
788 666 815 686 v.
837 657 863 693 1,
881 657 931 687 33.
963 657 1073 697 Usque
1089 657 1130 688 ad
1146 667 1203 688 ne-

647 707 716 728 cem
738 701 871 738 operiere
895 698 974 730 loris
1007 699 1146 740 Adelph.
1169 699 1202 730 ii.

651 741 677 776 1,
696 741 745 770 28.
780 741 854 776 Quo
864 748 957 782 pacto
972 742 1032 772 hoo
1048 745 1203 781 operiam?

651 783 731 813 Hec.
750 783 791 814 iv.
805 785 835 820 4,
854 784 883 814 6.
901 783 975 815 vide
989 784 1101 815 Notas.

690 825 806 866 opinio]
832 827 968 857 Prorsus
982 837 1002 857 a
1016 837 1068 858 me
1087 829 1202 867 opinio-

648 879 712 898 nem
719 868 803 899 hane
816 875 903 899 tuam
914 879 984 900 esse
993 879 1053 910 ego
1063 876 1202 900 amotam

648 910 730 941 volo.
749 911 834 942 And.
849 911 895 942 iii.
913 913 942 949 2,
961 913 1011 942 30.
1056 913 1200 943 Concur-

648 959 726 983 runt
737 953 847 990 multa‚
862 956 1028 993 opinionem
1037 954 1121 985 hanc
1132 965 1203 995 quae

648 994 728 1026 mihi
744 995 852 1027 animo
868 1002 1058 1037 exaugeam.
1082 997 1200 1028 Heaut.

649 1037 681 1068 ii.
704 1039 734 1074 2,
758 1039 787 1069 3.
812 1038 886 1069 vide
910 1039 1023 1070 Notas.
1069 1039 1117 1070 Te
1132 1049 1203 1071 esse

648 1086 766 1120 praeter
781 1087 923 1112 nostram
938 1083 1105 1121 opinionem
1113 1092 1200 1113 com-

649 1123 728 1164 peri.
748 1123 829 1154 Hec.
847 1134 876 1154 v.
897 1124 924 1160 1,
942 1124 993 1154 36.

691 1165 812 1206 opinor]
825 1166 949 1206 Neque,
961 1172 999 1197 ut
1009 1169 1122 1206 opinor,
1132 1167 1202 1197 sine

650 1214 705 1238 tuo
720 1218 838 1249 magno
860 1209 953 1240 malo.
978 1209 1063 1240 And.
1081 1210 1102 1240 i.
1127 1210 1157 1246 2,
1170 1211 1201 1240 8.

651 1250 720 1281 Nos
736 1251 782 1281 sic
794 1261 854 1282 nec
863 1254 1020 1291 opinantes
1032 1251 1105 1282 duci
1123 1251 1203 1283 falso

648 1293 775 1333 gaudio.
798 1294 884 1324 And.
904 1293 924 1324 i.
945 1295 975 1330 2,
993 1295 1022 1324 9.
1061 1294 1135 1325 Hoc
1157 1294 1203 1325 sic

649 1345 718 1366 esse
733 1338 846 1376 opinor.
863 1336 948 1366 And.
960 1336 992 1367 ii.
1004 1338 1033 1373 3,
1054 1337 1102 1367 13.
1127 1337 1204 1367 Sine

648 1377 746 1408 dubio
758 1381 870 1418 opinor.
885 1378 969 1410 Eun.
983 1389 1012 1409 v.
1027 1381 1055 1415 8,
1076 1380 1125 1409 14.
1158 1379 1204 1410 Ut

647 1420 730 1451 hanc
746 1421 891 1452 laetitiam
908 1431 968 1452 nec
983 1423 1122 1461 opinanti
1136 1422 1202 1462 pri-

648 1473 719 1494 mus
735 1463 907 1503 objicerem
924 1463 953 1494 ei
966 1463 1062 1494 domi.
1081 1464 1202 1495 Heaut.

647 1505 668 1536 i.
686 1507 715 1543 2,
732 1506 780 1536 12.
812 1506 945 1537 Frustra
957 1516 1088 1547 operam
1099 1509 1204 1546 opinor

648 1558 749 1579 sumo.
776 1549 896 1580 Heaut.
912 1548 955 1579 iv.
969 1550 998 1586 3,
1016 1550 1064 1579 15.

690 1590 770 1631 opis]
797 1591 963 1626 Quantum
978 1587 1045 1622 'tibi
1072 1593 1136 1631 opis
1160 1591 1204 1623 Di

653 1633 742 1664 dant.
768 1634 887 1665 Heaut.
905 1634 950 1664 iii.
968 1635 998 1670 3,
1023 1635 1075 1664 31.
1118 1634 1206 1665 Juno

651 1676 777 1707 Lucina
787 1676 835 1707 fer
849 1688 940 1716 opem.
960 1676 1098 1717 Adelph.
1114 1676 1160 1707 iii.
1174 1678 1204 1714 4,

649 1720 700 1749 41.
746 1719 848 1759 Cujus
873 1729 958 1750 nunc
982 1719 1108 1750 miserae
1131 1729 1205 1760 spes

647 1772 779 1834 ιίζὶέεςυε
792 1761 834 1809 in-
852 1767 884 1834 tei
909 1771 973 1834 υὲιο
995 1771 1108 1844 (Ξὲἑιεε
1123 1761 1203 1792 sitae.

700 1814 778 1834 orm.
800 1814 845 1834 m.
890 1826 898 1840 ,
945 1826 954 1834 .
1086 1811 1202 1835 vestra.

650 1846 778 1877 Phorm.
797 1856 824 1877 v.
841 1847 870 1883 6,
888 1847 917 1876 2.

691 1887 838 1929 opitulor]
873 1888 908 1919 Si
931 1888 1022 1919 illum
1045 1887 1203 1929 relinquo,

649 1932 719 1971 ejus
743 1931 817 1962 vitae
845 1930 962 1962 timeo=
994 1931 1045 1962 sin
1063 1933 1202 1970 opitulor,

649 1973 744 2014 hujus
761 1973 874 2004 minas.
893 1973 978 2004 And.
990 1973 1010 2004 i.
1029 1974 1059 2010 3,
1076 1975 1106 2003 5.

691 2015 822 2056 oportet]
840 2016 958 2047 Nonne
971 2018 1102 2056 oportuit
1119 2026 1201 2057 prae-

649 2058 747 2090 scisse
775 2069 827 2089 me
850 2060 950 2089 ante?
983 2068 1091 2089 nonne
1113 2058 1204 2099 prius

648 2101 919 2132 communicatum
935 2103 1092 2140 oportuit?
1114 2101 1201 2132 And.

649 2144 668 2174 i.
688 2145 717 2180 5,
734 2145 763 2174 4.
799 2144 881 2179 Quae
897 2143 1052 2180 adsolent,
1069 2153 1204 2183 quaeque

648 2191 763 2226 oportet
784 2186 877 2226 signa
898 2196 968 2217 esse
990 2185 1031 2216 ad
1057 2185 1202 2217 salutem.

650 2229 734 2259 And.
751 2228 797 2259 iii.
815 2230 844 2265 2,
864 2229 891 2259 1.
928 2228 1023 2258 Hanc
1035 2229 1102 2268 jam
1118 2239 1203 2267 opor-

650 2276 693 2302 tet
722 2271 755 2302 in
786 2271 963 2302 cruciatum
989 2270 1066 2301 hinc
1088 2270 1202 2312 abripi.

650 2314 735 2344 And.
750 2313 791 2344 iv.
809 2315 839 2350 4,
862 2313 913 2346 47.
952 2313 1047 2348 Quod
1070 2323 1128 2344 nos
1150 2324 1203 2344 ca-

649 2366 727 2397 pere
764 2361 889 2396 oportet,
921 2355 989 2386 haec
1027 2354 1203 2396 intercipit.

650 2399 735 2429 Eun.
754 2398 774 2429 i.
795 2400 822 2436 1,
835 2399 886 2429 35.
928 2398 1021 2428 Itane
1035 2397 1105 2428 fieri
1117 2409 1204 2437 opor-

650 2444 721 2472 tet?
749 2441 871 2471 Heaut.
893 2440 939 2471 iii.
965 2441 994 2477 3,
1021 2440 1048 2470 l.
1096 2440 1203 2471 Inter·

650 2489 791 2525 emptam
806 2485 949 2523 oportuit.
974 2482 1095 2513 Heaut.
1111 2482 1154 2513 iv.
1174 2484 1201 2519 1,

650 2527 700 2556 22.
735 2525 877 2557 Istocine
893 2531 988 2566 pacto
999 2527 1138 2564 oportet?
1154 2525 1202 2556 A·

649 2568 756 2609 delph.
773 2567 815 2599 iv.
834 2567 863 2604 7,
884 2569 931 2598 14.
976 2567 1036 2598 Est
1049 2567 1135 2607 quod
1151 2577 1203 2598 me

650 2610 787 2641 transire
803 2610 844 2641 ad
861 2609 965 2640 forum
983 2611 1051 2649 jam
1077 2615 1201 2649 oportet.

104 2654 210 2695 opera]
231 2653 425 2702 Inprologis
433 2652 615 2684 scribundis
630 2671 633 2697 ἱ
651 2653 733 2684 Hec.
750 2652 782 2683 ii.
798 2653 827 2689 2,
845 2653 896 2683 31.
931 2652 1054 2692 Regem
1070 2661 1122 2682 me
1133 2662 1204 2683 esse

59 2709 178 2737 operam
194 2698 347 2727 abutitur.
371 2696 456 2726 And.
482 2695 566 2726 Prol.
584 2696 612 2725 5.
630 2707 633 2741 ἶ

61 2741 106 2771 Et
122 2750 207 2770 nunc
223 2739 256 2770 id
278 2749 397 2778 operam
420 2738 472 2768 do.
491 2737 575 2768 And.
592 2737 613 2768 i.

62 2785 89 2819 1,
104 2784 173 2813 130.
213 2782 306 2812 Itane
321 2780 481 2812 obstinate
495 2790 615 2819 operam

58 2825 133 2856 dat?
150 2824 235 2855 And.
243 2824 263 2854 i.
278 2825 308 2860 5,
319 2825 348 2854 8.
378 2822 506 2853 Faciam
517 2822 612 2853 sedu-
629 2815 632 2835 ¹

222 2877 350 2906 operam.
369 2865 453 2896 Eun.
466 2864 500 2895 ii.
518 2866 547 2902 3,
562 2864 612 2897 72.
630 2865 631 2868 ’

60 2910 155 2945 Quod
178 2909 211 2939 in
235 2919 332 2950 opere
352 2907 502 2938 faciundo
516 2918 614 2947 operae
630 2944 632 2947 Υ

59 2951 223 2983 consumis
239 2957 311 2982 tuae.
337 2950 457 2981 Heaut.
475 2949 496 2980 i.
518 2950 546 2986 I,
562 2951 613 2981 21.
632 2984 633 2992 ἵ

61 2995 195 3025 Frustra
223 3005 343 3034 operam
376 2992 492 3034 opinor
512 3002 613 3024 sumo.

648 2697 790 2735 oportuit.
818 2694 947 2726 Phorm.
964 2694 985 2724 i.
1000 2695 1029 2730 2,
1043 2695 1085 2724 20

691 2736 846 2777 opperior]
886 2736 1065 2778 Parumper
1086 2738 1204 2775 operire

648 2779 711 2810 hic.
731 2779 817 2810 And.
834 2779 876 2827 iy.
894 2780 924 2827 2,
941 2779 992 2809 31.
1031 2778 1203 2810 Paululum

647 2831 857 2901 trizen?
862 2831 939 2895 5:21.
949 2821 1087 2912 §.igis
1101 2821 1201 2895 3:3¹.-

649 2917 687 2938 ea
711 2908 894 2947 opperibere.
930 2906 1048 2937 Heaut.
1066 2916 1108 2937 iv.
1125 2905 1155 2943 7,
1172 2907 1201 2936 5.

651 2951 801 2989 Opperiar
814 2948 978 2980 hominem
992 2947 1056 2986 hic,
1069 2954 1106 2979 ut
1117 2948 1202 2980 salu-

650 2998 714 3023 tem
738 2998 770 3028 et
791 2991 974 3064 conloquiar.
997 2990 1137 3032 Adelph.
1157 2990 1202 3022 iii.

1240 360 1360 392 Heaut.
1378 360 1420 392 iv.
1447 363 1476 398 2,
1500 363 1529 393 2.
1575 361 1639 392 Dic
1661 372 1714 393 me
1740 362 1794 394 hie

1238 405 1346 443 oppido
1361 413 1431 435 esse
1444 403 1590 435 invitam.
1616 404 1735 436 Heaut.
1749 405 1794 436 iv.

1239 447 1269 483 4,
1289 447 1337 477 12.
1372 448 1490 487 Oppido
1500 453 1683 489 opportune
1693 454 1724 478 te
1736 448 1794 479 ob-

1239 487 1342 519 tulisti
1358 488 1401 520 mi
1415 489 1553 520 obviam.
1586 490 1725 531 Adelph.
1746 490 1793 521 iii.

1239 532 1268 567 2,
1286 532 1337 562 24.
1363 531 1460 562 Enim
1477 532 1593 563 lassam
1607 534 1795 572 oppidotum

1238 583 1309 604 esse
1338 573 1457 605 aibant.
1501 574 1584 605 Hec.
1616 575 1648 605 ii.
1681 576 1710 612 1,
1741 576 1794 606 41.

1240 615 1389 656 Eumque
1414 615 1524 648 animo
1553 616 1665 658 iniquo
1686 620 1796 658 oppido

1238 658 1299 689 hoc
1308 658 1392 689 ferre
1400 659 1501 690 aiunt.
1518 659 1648 690 Phorm.
1659 671 1688 691 v.
1703 661 1730 697 l,
1741 661 1794 692 36.

1281 700 1439 742 oppidum]
1448 702 1554 737 Quem
1561 711 1622 743 ego
1627 712 1714 734 nunc
1721 713 1792 734 cre-

1238 742 1280 774 do
1296 750 1364 775 toto
1381 754 1432 774 me
1447 746 1555 784 oppido
1571 745 1792 777 exanimatum

1237 796 1391 826 quaerere.
1416 787 1503 818 And.
1527 786 1560 818 ii.
1586 788 1616 824 2,
1631 789 1661 818 5.
1709 788 1791 819 Eam

1237 830 1346 868 oppido
1374 828 1490 868 ejiciat.
1527 829 1612 860 And.
1636 829 1670 860 ii.
1702 831 1732 867 3,
1762 832 1792 862 8.

1238 871 1792 913 Perreptaviusqueomneoppidum.

1238 913 1377 955 Adelph.
1394 913 1435 945 iv.
1453 915 1482 951 6,
1503 915 1533 945 3.

1279 955 1458 997 oppignero]
1476 957 1565 988 Num
1581 956 1636 988 illa
1647 960 1791 999 oppigne-

1236 1009 1307 1029 rare
1336 999 1436 1030 filiam
1467 1009 1572 1030 meam
1607 1010 1660 1030 me
1689 1000 1794 1032 invito

1236 1040 1361 1081 potuit?
1388 1041 1507 1072 Heaut.
1524 1041 1566 1072 iv.
1580 1043 1610 1079 5,
1626 1043 1678 1073 46.

1279 1082 1399 1123 oppleo]
1411 1084 1580 1115 Lacrumis
1589 1087 1688 1124 opplet
1697 1096 1733 1117 os
1742 1091 1792 1117 to-

1237 1132 1305 1156 tum
1321 1125 1392 1163 sibi.
1412 1126 1532 1157 Heaut.
1548 1126 1583 1157 ii.
1596 1128 1626 1164 3,
1643 1127 1695 1158 65.

1278 1167 1461 1210 opportune]
1484 1169 1592 1200 Ambo
1606 1175 1771 1210 opportune
1782 1183 1792 1202 .·

1238 1220 1294 1241 vos
1308 1211 1390 1242 volo.
1408 1211 1495 1242 And.
1511 1211 1544 1242 ii.
1559 1213 1588 1248 2,
1607 1213 1635 1242 8.
1677 1214 1793 1253 Oppor—

1238 1257 1308 1283 tune
1317 1252 1370 1284 hic
1381 1254 1417 1284 fit
1427 1253 1472 1284 mi
1482 1253 1618 1285 obviam.
1645 1255 1729 1286 And.
1746 1255 1792 1287 iii.

1238 1296 1268 1332 4,
1279 1296 1290 1325 1
1301 1296 1326 1326 1.
1342 1297 1513 1336 Opportune
1519 1296 1662 1328 advenis.
1671 1298 1705 1328 H
1708 1304 1793 1329 eant.

1237 1337 1258 1368 i.
1283 1338 1313 1374 2,
1330 1339 1359 1369 5.
1405 1338 1520 1376 Ehem,
1541 1345 1729 1379 opportunae:
1760 1346 1794 1371 te

1237 1379 1344 1420 ipsum
1359 1380 1504 1421 quaerito.
1521 1381 1660 1423 Adelph.
1677 1382 1698 1413 i.
1716 1384 1746 1419 2,
1767 1383 1793 1415 1.

1240 1423 1413 1462 Opportune
1430 1429 1463 1454 te
1485 1423 1589 1454 offers.
1618 1425 1698 1455 Hec.
1715 1435 1748 1456 v.
1761 1426 1794 1463 4,

1242 1465 1290 1495 10.
1338 1467 1510 1505 Opportune
1525 1466 1606 1497 adeo
1623 1475 1794 1507 argentum

1238 1517 1326 1582 {up}
1337 1517 1463 1539 mecum
1478 1508 1583 1540 attuli.
1604 1509 1733 1540 Phorm.
1751 1510 1794 1543 iv.

1259 1572 1268 1586 ‚
1328 1573 1336 1580 .

1281 1591 1593 1641 opportunus]Mag·is
1601 1599 1795 1634 opportunus,

1241 1643 1300 1665 nec
1312 1645 1414 1675 magis
1424 1645 1465 1666 ex
1476 1646 1538 1667 usu
1548 1642 1613 1674 tuo,
1627 1646 1723 1667 nemo
1734 1643 1794 1669 est.

1241 1677 1324 1708 Eun.
1339 1677 1382 1708 iv.
1396 1678 1426 1714 8,
1439 1677 1492 1710 47.

1282 1719 1451 1760 oppositus]
1492 1720 1582 1761 Ager
1616 1723 1795 1761 oppositu'st

1238 1761 1367 1810 pignori
1382 1762 1423 1793 ob
1438 1762 1550 1793 decem
1565 1763 1679 1794 minas.
1698 1764 1793 1796 Phor.

1238 1805 1448 1887 1v.om('5;i⁰]
1458 1847 1522 1878 Per
1530 1850 1748 1887 oppressionem
1758 1854 1795 1880 ut

1238 1888 1321 1937 hanc
1333 1889 1377 1920 mi
1388 1889 1514 1930 eripere
1522 1889 1685 1931 postulet?
1699 1891 1793 1923 Adel.
1805 1912 1818 1919 ι

1238 1941 1270 1961 u·
1281 1932 1430 2014 o2pfpiiiiim]
1466 1973 1598 2005 Interea
1626 1974 1795 2008 oscitantia

1238 2018 1376 2056 opprimi.
1400 2015 1486 2047 And.
1503 2016 1524 2047 i.
1542 2017 1573 2054 2,
1592 2017 1640 2047 10.
1686 2018 1738 2049 Ne
1753 2018 1795 2050 de

1238 2058 1298 2089 hac
1317 2068 1352 2089 re
1373 2064 1468 2100 pater
1488 2058 1719 2100 inprudentem

1236 2103 1360 2140 primat.
1383 2101 1469 2132 And.
1485 2100 1507 2131 i.
1525 2102 1556 2138 3,
1572 2102 1623 2132 22.
1664 2102 1797 2135 Interea

1238 2153 1371 2174 somnus
1423 2143 1584 2183 virg-inem
1640 2147 1793 2184 opprimit.

1241 2185 1324 2216 Eun.
1335 2185 1380 2216 iii.
1396 2187 1426 2223 5,
1438 2187 1489 2216 53.
1515 2186 1556 2216 In
1571 2185 1643 2234 ipso
1658 2187 1795 2220 articulo

1239 2231 1395 2268 oppressit.
1413 2228 1552 2269 Adelph.
1568 2238 1603 2259 11.
1622 2229 1651 2265 2,
1665 2230 1716 2260 21.
1742 2230 1796 2262 Ita

1239 2270 1684 2353 ,mmm
1696 2272 1794 2347 Ἢ

1240 2365 1268 2386 v
1279 2355 1400 2438 311336]
1426 2399 1538 2437 Optato
1549 2397 1692 2429 advenis.
1707 2399 1792 2431 And.

1237 2440 1418 2522 moabitis]
1443 2482 1498 2514 An
1517 2492 1578 2523 ego
1592 2482 1793 2516 occasionem

1238 2531 1303 2556 tam
1318 2530 1452 2565 optatam
1473 2525 1654 2556 amitterem
1668 2527 1680 2556 2
1706 2525 1792 2559 Eun.

1237 2566 1283 2598 iii.
1322 2568 1352 2604 5,
1391 2566 1442 2600 57.
1498 2569 1613 2607 Optato
1648 2567 1790 2608 loquere.

1241 2609 1360 2640 Heaut.
1376 2609 1422 2640 iii.
1439 2610 1470 2646 3,
1487 2611 1538 2641 50.
1584 2609 1630 2641 Di
1647 2610 1707 2641 tibi
1721 2621 1791 2642 om·

1238 2651 1292 2683 nia
1311 2662 1424 2683 omnes
1444 2661 1574 2693 semper
1594 2657 1700 2692 optato
1713 2653 1790 2685 offe·

1237 2701 1319 2726 rant.
1335 2694 1474 2745 Adelph.
1491 2705 1522 2726 v.
1539 2695 1570 2731 9,
1583 2695 1639 2744 21..

1236 2735 1791 2819 1..⁰.’‡.‘:.5:⁰.³.Y.;“.5.⁰.5.⁰ssi.⁰.:f¹.·ff‚⁸‘t

1237 2821 1325 2857 Quid
1332 2823 1509 2861 optionisti?
1526 2821 1647 2853 Heaut.
1659 2833 1690 2854 v.
1702 2823 1789 2861 1‚65.

1280 2863 1364 2904 opto]
1387 2863 1457 2895 Sibi
1478 2863 1649 2896 inhoneste
1676 2868 1792 2906 optwtt

1237 2916 1351 2947 parere
1365 2905 1419 2938 bic
1437 2905 1577 2938 divitias.
1598 2908 1686 2939 And.
1702 2908 1744 2938 iv.
1760 2909 1790 2946 5,

1238 2950 1267 2980 2.
1303 2949 1409 2984 Quem
1421 2958 1481 2990 ego
1490 2949 1571 2981 mihi
1585 2950 1789 2991 potissimum

1236 2996 1333 3031 optent
1341 2990 1432 3023 dari?
1450 2991 1535 3023 And.
1546 3002 1575 3024 v.
1587 2994 1616 3030 5,
1627 2993 1656 3023 6.
1677 2993 1789 3028 Quod-
