1910 3216
423 84 609 121 INDEX
641 85 968 124 VERBORUM
1000 87 1071 123 ET
1098 88 1424 125 PHRASIUM.

58 169 228 206 argentum
243 164 395 207 repperit,
408 175 487 197 cura
502 176 536 198 se
553 177 607 198 ex—

57 207 190 248 pedivit.
216 208 345 239 Phorm.
363 219 392 239 v.
410 211 440 246 4,
458 210 488 240 4.

98 250 269 291 simulatio]
295 251 372 282 Non
394 252 546 283 menm’st
566 253 608 284 si-

56 293 190 324 mulatio.
217 293 335 324 Heaut.
351 293 393 325 iv.
410 295 440 332 5,
458 295 509 326 34.

98 335 222 376 simulo]
255 336 305 367 Ea
331 336 436 378 gratia
462 339 611 374 simulavi,

55 387 114 408 vos
129 384 166 409 ut
180 385 441 420 pei-temptarem.
465 379 552 411 And.
565 379 610 410 iii.

57 421 87 456 4,
105 421 135 451 9.
173 423 323 452 Simulare
342 427 479 453 mortem
493 422 610 460 verbis,

55 462 163 504 reipsa
178 473 269 504 spem
286 463 361 495 vitae
375 464 462 495 dare.
489 464 609 496 Heaut.
626 472 629 486 1

55 504 98 536 iv.
118 506 145 542 1,
164 507 214 536 23.
255 505 342 541 Quid
363 513 413 538 est
434 507 519 547 quod
542 517 609 538 am-

55 547 142 621 gum
150 550 332 580 simuletur?
346 549 466 580 Heaut.
474 560 504 581 v.
519 551 546 587 1,
558 551 608 581 28.

79 590 90 620 i
106 599 172 621 non
188 601 257 632 ipsa
274 601 310 622 re
325 591 383 623 tibi
406 591 490 623 istuc
511 592 609 630 dolet,

54 634 199 664 simulare
234 640 323 665 certe
365 640 416 665 est.
457 635 607 666 hominis.

54 675 195 716 Adelph.
208 675 249 707 iv.
266 677 294 713 7,
308 677 357 707 16.
391 676 452 708 llle
463 677 542 709 alias
557 687 610 709 res

53 719 608 801 ‘gili35153“²⁰1<12„¹³35.23;.{?;

52 811 157 834 meam
167 804 310 835 revereri
318 804 454 836 saltem?
475 805 606 836 Phorm.

52 844 86 875 ii.
106 846 133 882 1,
151 847 180 876 2.

94 888 160 929 sin]
183 888 218 919 Si
240 888 332 920 illum
354 889 512 930 relinquo,
537 891 606 930 ejus

50 929 128 961 vitae
143 931 259 962 timeo:
283 934 331 962 sin
347 932 498 974 opitulor,
510 933 606 973 hujus

51 972 167 1004 minas.
191 973 277 1004 And.
295 974 316 1005 i.
333 975 364 1012 3,
381 976 410 1006 5.

48 1015 243 1090 ..111311-
259 1016 604 1048 ³⁶

92 1100 234 1141 sinister]
245 1101 305 1138 Tu,
316 1102 459 1139 Simalio,
468 1102 502 1132 in
511 1104 601 1134 sinis-

50 1148 131 1174 trum
161 1154 282 1180 σοι-11111
322 1150 367 1181 tu,
399 1145 537 1186 Syrisce,
570 1145 604 1176 in

49 1185 229 1218 dexterum.
255 1187 340 1218 Eun.
351 1186 393 1218 iv.
407 1186 437 1224 7,
451 1188 480 1218 5.
518 1188 604 1219 Hem

49 1229 90 1259 ad
109 1231 292 1261 sinister-om.
327 1229 413 1261 Eun.
438 1240 468 1261 v.
497 1231 524 1267 1,
555 1231 604 1262 19.

51 1271 104 1302 Ad
118 1274 275 1303 sinistram
296 1271 356 1304 hac
377 1278 466 1303 recta
486 1272 603 1315 platea.

49 1313 189 1355 Adelph.
206 1314 248 1345 iv.
266 1316 296 1353 2,
313 1316 365 1345 43.

91 1355 173 1396 sino]
190 1358 262 1388 Sine
284 1367 370 1389 nunc
393 1367 466 1388 meo
487 1367 540 1389 me
556 1357 604 1389 vi-

48 1408 125 1429 vere
145 1399 271 1431 interea
288 1400 394 1431 modo.
422 1400 509 1431 And.
529 1400 550 1431 i.
577 1401 603 1438 1,

52 1441 122 1472 126.
160 1443 232 1473 Sine
247 1442 415 1484 paululum
430 1443 472 1473 ad
488 1452 539 1473 me
551 1453 602 1475 re·

47 1483 151 1515 deam.
186 1485 271 1515 And.
301 1485 346 1515 iii.
372 1486 403 1521 5,
437 1485 485 1516 16.
532 1487 605 1517 Sine

46 1526 152 1557 modo.
177 1527 262 1558 Eun.
278 1527 299 1558 i.
319 1528 346 1564 l,
363 1528 414 1558 20.
453 1529 525 1559 Sine
547 1538 601 1559 ve-

48 1568 128 1600 niat.
160 1569 246 1600 Eun.
263 1569 306 1601 iv.
330 1570 360 1607 6,
387 1571 413 1600 1.
460 1570 495 1601 Si
517 1572 602 1608 sinis,

46 1610 130 1642 dico.
155 1612 276 1643 Heaut.
291 1611 329 1643 ii.
342 1614 372 1650 3,
386 1612 436 1646 76.
473 1613 555 1644 Falli
571 1619 604 1644 te

45 1656 130 1685 sinos
167 1654 293 1686 technis
328 1665 388 1696 per
428 1655 601 1686 servolum.

49 1696 171 1727 Heaut.
195 1697 241 1728 iii.
273 1698 301 1734 l,
329 1698 381 1728 61.
428 1697 481 1728 Tu
509 1697 601 1729 illum

47 1739 211 1780 corrumpi
237 1742 323 1771 sinis.
358 1739 498 1782 Adelph.
523 1740 544 1771 i.
571 1742 600 1776 2,

50 1782 100 1814 17.
133 1782 179 1813 At
191 1782 279 1813 enim
293 1792 359 1813 non
374 1784 481 1814 sinam.
505 1782 599 1813 Adel.

46 1823 79 1854 ii.
112 1825 139 1861 l,
168 1825 216 1855 14.
265 1826 363 1856 Sinite
389 1831 540 1856 exorator
566 1831 602 1856 ut

45 1866 117 1897 sim.
151 1867 234 1898 Hec.
258 1867 326 1899 Alt.
353 1867 436 1898 Prol.
460 1869 490 1898 2.
530 1869 602 1899 Sine

46 1919 98 1939 me
114 1909 247 1940 obsecro
262 1910 323 1941 hoc
342 1909 492 1951 effugere.
518 1910 600 1941 Hec.

44 1951 86 1982 iv.
116 1953 145 1989 2,
174 1953 225 1982 24.
273 1952 408 1983 Servom
437 1952 602 1984 hominem

44 2004 174 2025 causam
190 2004 282 2026 orare
297 1994 386 2036 leges
400 2005 467 2026 non
487 1998 600 2026 sinunt.

45 2036 175 2068 Phorm.
190 2036 225 2067 ii.
246 2038 274 2073 1,
290 2037 342 2068 62.
382 2037 506 2068 Exoret
525 2040 600 2069 sine.

45 2079 175 2110 Phorm.
192 2078 238 2110 iii.
256 2081 286 2116 2,
303 2081 355 2110 30.

85 2121 189 2162 sinus]
217 2121 327 2153 Vidin'
356 2131 416 2163 ego
442 2127 475 2153 te
505 2122 602 2153 modo

43 2173 176 2195 manum
188 2163 223 2195 in
237 2166 336 2195 sinum
349 2164 426 2195 huic
438 2164 601 2195 meretrici

44 2205 210 2238 inserere?
258 2207 379 2238 Heaut.
418 2206 465 2237 iii.
504 2208 535 2243 3,
570 2208 599 2238 2.

45 2248 168 2280 Hicine
190 2259 256 2280 non
276 2249 453 2290 gestandus
474 2248 510 2280 in
530 2251 600 2280 sinu

44 2292 118 2322 est?
143 2291 284 2332 Adelph.
300 2292 343 2322 iv.
361 2292 391 2328 5,
408 2291 460 2324 75.

86 2332 250 2374 slqmndo]
290 2333 412 2375 Negoti
450 2335 599 2374 siquando

43 2374 155 2406 odium
178 2381 319 2416 ceperat.
363 2377 519 2417 Siquando
542 2375 599 2406 illa

43 2417 242 2449 mentionem
250 2417 408 2449 Phaedriae
414 2417 499 2449 facit.
511 2417 597 2449 Eun.

43 2459 91 2490 iii.
118 2461 145 2497 1,
177 2460 216 2490 14
236 2465 270 2491 et
290 2460 343 2493 47.
383 2461 538 2501 Siquando
556 2460 598 2491 ad

45 2512 117 2533 eam
130 2509 319 2534 accesserat.
344 2502 427 2534 nec.
440 2502 462 2533 i.
480 2504 510 2539 2,
525 2502 595 2533 106.

85 2543 250 2585 siquidem]
263 2545 436 2582 Actum’st,
451 2546 598 2584 siquidem

43 2587 111 2618 haec
137 2596 214 2618 vera
239 2586 404 2628 praedicat.
435 2586 522 2618 And.
550 2585 596 2617 iii.

45 2630 72 2666 l,
87 2629 117 2661 7.
151 2630 305 2668 Siquidem
317 2638 370 2661 me
380 2634 514 2666 amaret,
529 2634 597 2659 tum

41 2670 124 2702 istuc
139 2671 318 2712 prodesset.
342 2670 427 2702 Eun.
440 2670 486 2702 iii.
504 2671 531 2707 1,
544 2670 596 2701 56.

42 2715 197 2753 Siquidem
221 2713 254 2743 id
275 2714 442 2754 sapere'st.
476 2713 595 2743 Heaut.

41 2755 75 2786 ii.
101 2757 131 2791 3,
159 2756 209 2786 83.
260 2756 413 2795 Siquidem
437 2765 534 2797 porro
561 2760 597 2785 tu

681 170 742 215 μὴ,
756 167 785 199 si
798 167 863 209 vis]
880 168 943 200 Fac
958 171 1002 201 sis
1017 179 1104 201 nunc
1125 180 1200 212 pro-

647 212 1077 286 ῐῖῐῧῗβαῦέεέΐωὲυηιῧῗὲ
1096 214 1202 292 ⁷u.2g,

649 294 732 325 Vide
753 298 805 326 sis.
831 296 951 327 Heaut.
968 296 989 328 i.
1010 298 1040 335 2,
1063 299 1114 329 38.
1154 297 1199 329 11-

646 337 698 368 luc
712 339 756 368 sis
771 337 854 369 vide.
879 339 1018 380 Adelph.
1035 349 1065 371 v.
1086 341 1113 378 1,
1129 341 1160 371 4.

689 379 784 422 situs]
802 381 892 416 Quas
906 392 1036 423 semper
1050 382 1084 413 in
1102 389 1133 414 te
1148 382 1199 414 in·

648 422 761 454 tellexi
783 425 870 460 sitas,
890 423 954 455 fide
977 429 1010 455 et
1032 425 1200 457 taciturni-

647 470 722 496 tate.
746 465 832 496 And.
849 466 871 497 i.
893 467 921 503 l,
938 466 967 497 6.
1007 467 1042 498 Si
1058 467 1092 498 in
1109 474 1141 499 te
1158 467 1202 499 sit

646 507 715 538 solo
735 510 837 539 situm.
862 509 947 539 And.
964 509 985 540 i.
1009 510 1038 546 5,
1062 511 1114 541 41.
1152 510 1199 541 A-

645 550 815 582 dulescens
830 561 926 591 quam
942 551 977 582 in
993 551 1127 583 minima
1142 563 1200 594 spe

644 594 722 623 situs
737 593 808 624 erit.
835 593 955 624 Heaut.
972 604 1002 625 v.
1020 595 1049 632 2,
1065 596 1118 626 44.
1161 596 1199 626 [n

644 645 707 675 quo
726 642 845 667 nostrae
865 646 941 677 spes
963 646 1106 677 opesque
1129 648 1197 669 om-

644 686 702 708 nes
717 680 795 709 sitoe.
835 678 950 718 Pejore
966 688 1018 710 res
1040 679 1111 710 loco
1133 690 1199 711 non

643 720 729 760 potis
759 726 808 751 est
838 731 919 758 esse,
944 731 1040 761 quam
1070 721 1106 753 in
1136 733 1199 763 quo

643 772 730 793 nunc
745 764 859 794 sito’st.
883 763 1023 805 Adelph.
1046 764 1091 795 iii.
1110 766 1139 803 2,
1157 766 1197 797 33

643 810 676 835 et
691 805 743 836 46.

684 847 840 888 sobrinus]
858 848 960 880 Estne
974 848 1026 880 hic
1042 849 1134 881 Crito
1148 861 1195 881 so-

642 891 747 922 brinus
768 891 958 932 Chrysidis?
990 892 1075 923 And.
1100 893 1142 923 iv.
1166 894 1196 930 5,

642 932 671 962 6.
711 932 783 964 Eho
799 939 835 964 tu
849 936 1001 965 sobrinum
1017 940 1109 965 tuum
1131 945 1196 966 non

641 976 760 1006 noras?
785 975 914 1007 Phorm.
931 976 966 1007 ii.
983 977 1013 1013 3,
1027 976 1078 1009 37.

682 1017 817 1058 sobrius]
835 1018 887 1049 Tu
899 1018 954 1066 pol
967 1019 1064 1050 homo
1080 1029 1145 1050 non
1161 1029 1196 1050 es

639 1061 766 1091 sobrius.
791 1060 877 1091 And.
900 1071 943 1091 iv.
961 1062 991 1099 4,
1015 1062 1066 1092 39.
1108 1062 1195 1092 Dum

639 1103 843 1140 accubabam,
860 1113 955 1144 quam
968 1103 1100 1134 videbar
1115 1104 1195 1135 mihi

641 1154 711 1175 esse
729 1145 864 1186 pulchre
885 1147 1027 1177 sobrius!
1049 1146 1134 1177 Eun.
1150 1146 1193 1178 iv.

641 1188 670 1224 5,
689 1188 718 1217 2.
760 1187 863 1218 Satin'
879 1198 979 1219 sanus
1000 1198 1045 1225 es,
1069 1194 1126 1220 aut
1146 1200 1193 1220 so-

642 1231 751 1260 brius?
775 1230 896 1261 Heaut.
913 1230 956 1261 iv.
974 1232 1003 1267 3,
1021 1232 1072 1262 29.
1112 1231 1194 1262 Ruri

641 1281 712 1303 esse
734 1282 868 1312 parcum
895 1282 932 1303 ac
959 1275 1118 1304 sobrium?
1147 1274 1195 1305 A·

639 1314 748 1355 delph.
764 1314 785 1345 i.
804 1316 833 1352 2,
853 1316 903 1346 15.

639 1356 1062 1431 socfficdlggrahldtffguffldldt.
1072 1367 1193 1438 :ff-7¹2.

682 1441 782 1482 socer]
797 1442 863 1473 Hic
874 1453 957 1473 socer
968 1449 1026 1474 est.
1051 1443 1137 1474 And.
1150 1443 1192 1474 iv.

641 1484 670 1520 5,
688 1485 739 1515 53.
775 1485 897 1516 Noster
911 1495 1003 1523 socer,
1016 1485 1120 1523 video,
1137 1496 1192 1517 ve-

640 1525 697 1557 nit.
724 1527 806 1558 Hec.
822 1537 851 1558 v.
870 1529 899 1564 2,
917 1529 947 1558 4.

680 1569 795 1610 socius]
814 1571 932 1601 Socium
947 1579 1018 1601 esse
1035 1569 1070 1600 ln
1092 1579 1191 1611 nego-

638 1610 701 1642 tiis.
728 1612 848 1644 Heaut.
865 1612 912 1643 iii.
933 1613 960 1650 1,
977 1613 1006 1643 9.

678 1654 833 1695 socordia]
852 1654 909 1685 Nil
924 1654 1030 1685 loci’st
1045 1654 1192 1695 segnitiae

637 1705 742 1737 neque
757 1699 911 1728 socordia.
935 1697 1020 1727 And.
1038 1697 1058 1727 i.
1076 1699 1106 1734 3,
1127 1698 1154 1728 l.

678 1738 793 1780 socors]
812 1739 923 1770 Nolim
939 1746 1119 1770 ceterarum
1138 1749 1190 1770 re-

636 1792 708 1813 rum
724 1787 756 1812 te
778 1784 928 1813 socordem
950 1781 1064 1813 eodem
1085 1782 1189 1813 modo.

637 1824 776 1866 Adelph.
792 1824 835 1855 iv.
853 1826 883 1861 5,
900 1824 951 1855 61.

678 1865 796 1906 socrus]
830 1866 906 1897 Uno
935 1866 1044 1897 animo
1078 1875 1191 1897 omnes

635 1920 738 1940 socrus
759 1909 898 1940 oderunt
920 1918 1030 1940 nurus.
1057 1908 1138 1939 Hec.
1155 1908 1189 1939 ii.

640 1953 667 1989 1,
684 1953 713 1982 4.
754 1951 807 1982 Ita
820 1951 964 1982 animum
980 1950 1189 1987 induxerunt,

635 2005 738 2025 socrus
749 1994 854 2025 omnis
865 2003 937 2025 esse
948 1993 1086 2033 iniquas.
1106 1993 1188 2024 Hec.

636 2036 669 2067 ii.
686 2038 717 2073 3,
731 2038 761 2067 4.

678 2078 808 2119 sodalis]
829 2078 865 2109 Si
887 2077 986 2109 frater
1001 2083 1058 2108 aut
1077 2078 1190 2109 sodalis

636 2127 730 2158 esset,
747 2121 801 2162 qui
824 2120 927 2161 magis
950 2129 1072 2151 morem
1094 2129 1188 2161 gere-

635 2165 707 2195 ret?
731 2163 871 2204 Adelph.
887 2163 929 2193 iv.
947 2163 977 2199 5,
992 2162 1043 2194 74.

676 2205 779 2246 sodes]
807 2205 870 2236 Dic
890 2206 985 2236 sodes.
1014 2204 1099 2236 And.
1116 2204 1137 2235 i.
1160 2205 1187 2242 l,

635 2249 686 2279 58.
724 2248 810 2279 Tace
825 2249 918 2278 sodes.
946 2247 1066 2278 Heaut.
1086 2246 1132 2277 iii.
1156 2248 1187 2284 3,

637 2291 685 2322 19.
724 2291 740 2321 1
763 2292 849 2321 sodes
870 2290 966 2320 intro.
993 2289 1075 2320 Hec.
1091 2288 1137 2319 iii.
1157 2290 1187 2326 2,

634 2334 685 2364 23.
724 2332 903 2364 Manedum
925 2333 1020 2363 sodes.
1051 2331 1132 2362 Hec.
1155 2341 1186 2362 v.

633 2377 663 2412 4,
687 2376 717 2405 4.
757 2375 858 2406 Parce
879 2375 974 2405 sodes.
1002 2373 1132 2405 Phorm.
1156 2383 1185 2405 v.

633 2418 663 2455 3,
683 2418 731 2448 10.

674 2458 736 2500 sol]
760 2457 913 2490 Lectulos
935 2457 969 2489 in
992 2459 1054 2489 sols
1076 2457 1186 2499 ilignis

632 2501 769 2542 pedibus
797 2500 965 2532 faciundos
1001 2499 1100 2531 dedit.
1138 2500 1184 2531 A·

631 2543 739 2584 delph.
756 2543 798 2574 iv.
816 2545 845 2580 2,
862 2543 914 2573 46.

674 2584 769 2625 soleo]
787 2585 892 2626 Volgo
906 2584 991 2625 quod
1014 2583 1079 2615 diei
1100 2586 1184 2616 solet.

632 2627 718 2659 And.
735 2627 768 2658 ii.
785 2628 815 2664 5,
842 2628 891 2658 15.
929 2626 984 2658 Sic
1005 2628 1083 2658 soleo
1103 2626 1184 2658 ami-

631 2679 695 2701 cos.
720 2669 804 2701 Eun.
816 2669 849 2700 ii.
868 2670 898 2706 2,
911 2669 964 2700 48.
1002 2668 1076 2704 Quo
1153 2674 1186 2699 to

631 2711 665 2742 id
691 2711 761 2743 fieri
786 2713 892 2748 soleat,
915 2710 1027 2742 calleo.
1099 2717 1183 2742 eaut.

631 2753 677 2784 iii.
696 2755 725 2791 2,
742 2753 793 2786 37.
832 2753 938 2785 eredo
948 2754 1027 2793 jam,
1043 2758 1081 2784 ut
1098 2754 1183 2790 solet,

1747 94 1792 132 97

1279 169 1390 211 solers]
1423 169 1504 206 Quae
1534 169 1672 202 liberum
1709 170 1794 202 sciro

1235 218 1439 287 samm
1459 212 1791 294 ‘⁸05¹‘

1439 277 1449 286 .
1505 265 1559 287 un.
1573 265 1619 286 111.
1728 278 1736 287 .

1277 296 1388 339 solide]
1407 298 1506 329 Hunc
1521 297 1589 329 scio
1604 308 1677 329 mea
1698 299 1792 330 solide

1235 340 1340 372 solum
1350 340 1536 382 gavisurum
1552 340 1680 382 gaudia.
1703 340 1790 372 And.

1236 393 1266 414 v.
1283 384 1312 420 5,
1332 384 1362 414 8.

1277 424 1410 466 solidus]
1435 425 1512 457 Non
1535 425 1614 457 satis
1636 424 1695 457 tibi
1719 435 1791 457 esse

1235 467 1295 499 hoc
1309 470 1438 499 solidum
1450 467 1598 499 visum’st
1611 468 1789 509 gaudium?

1236 510 1320 541 And.
1334 510 1376 542 iv.
1394 512 1421 548 l,
1436 511 1487 541 23.
1522 510 1588 542 Cor
1611 520 1651 542 us
1662 512 1790 542 solidum

1234 558 1268 584 et
1295 553 1383 584 succi
1411 553 1555 595 plenum.
1619 563 1674 584 un.
1699 553 1732 584 ii.
1759 554 1790 591 3,

1235 595 1285 628 27.
1330 595 1377 626 Ut.
1401 597 1531 626 solidum
1554 605 1703 636 parerem
1727 595 1789 627 hoe

1234 637 1314 668 mihi
1328 637 1530 669 beneficium.
1553 638 1637 669 Eun.
1647 647 1678 668 v.
1693 639 1724 675 2,
1737 639 1789 669 32.

1275 679 1422 720 solitudo]
1460 680 1524 712 Per
1554 686 1643 711 tuam
1680 680 1789 719 fldem,

1233 732 1355 763 perque
1366 723 1463 763 hujus
1474 724 1675 760 solitudinem,
1686 728 1719 754 te
1731 723 1788 754 ob·

1234 771 1343 796 testor.
1373 765 1459 796 And.
1476 765 1497 796 i.
1515 766 1545 802 5,
1563 766 1614 796 55.
1652 767 1790 797 Solitudo

1232 813 1308 838 ante
1335 808 1464 839 ostium.
1502 807 1587 838 And.
1613 807 1647 839 ii.
1677 808 1707 845 2,
1735 809 1787 839 25.

1233 849 1301 887 Vis,
1315 856 1450 891 egestas,
1462 849 1631 890 injustitia,
1647 851 1788 888 solitudo,

1231 891 1373 923 infamia.
1418 892 1559 934 Adelph.
1597 892 1645 923 iii.
1684 893 1714 930 2,
1755 894 1786 924 5.

1232 934 1434 975 Ubicumque
1442 935 1554 966 datum
1566 940 1637 966 erat
1645 935 1789 977 spatium

1230 978 1412 1008 solitudinis.
1438 977 1520 1008 Hec.
1537 977 1559 1008 i.
1576 978 1606 1014 2,
1621 978 1672 1008 55.

1272 1019 1464 1060 sollicitatio]
1482 1019 1680 1060 Nuptiarum
1699 1021 1786 1052 oolli-

1229 1063 1345 1093 Citatioo
1370 1062 1455 1092 Anda
1471 1061 1493 1092 i·
1511 1063 1541 1099 5,
1558 1062 1609 1093 26.

1266 1103 1411 1144 sollicito]
1420 1103 1529 1135 Sicine
1535 1114 1587 1135 me
1593 1110 1688 1145 atque
1695 1103 1786 1136 illam

1229 1156 1328 1187 opera
1355 1153 1411 1178 tua
1435 1156 1521 1178 nunc
1542 1146 1678 1178 miseros
1697 1148 1783 1178 solli-

1229 1191 1347 1220 citari?
1382 1189 1469 1220 And.
1501 1189 1544 1221 iv.
1577 1190 1607 1226 2,
1639 1189 1669 1220 6.
1717 1190 1786 1221 Cur

1230 1241 1333 1262 meam
1343 1236 1544 1262 senectutem
1552 1231 1650 1271 hujus
1657 1233 1788 1263 sollicito

1229 1273 1393 1304 amentia?
1426 1273 1512 1305 And.
1535 1284 1566 1305 v.
1590 1275 1621 1311 8,
1646 1274 1695 1304 16.
1744 1274 1785 1305 111

1228 1315 1375 1347 fraudem
1405 1317 1605 1347 sollicitando.
1639 1316 1726 1347 And.
1753 1326 1787 1348 v.

1229 1359 1258 1395 4,
1276 1358 1306 1389 9.
1344 1357 1432 1393 Quid
1448 1363 1480 1389 te
1497 1368 1574 1399 ergo
1589 1357 1678 1389 aliud
1698 1359 1783 1389 solli-

1228 1402 1305 1431 citat
1316 1403 1332 1431 ?
1355 1400 1440 1431 Eun.
1455 1400 1477 1431 i.
1495 1401 1524 1437 2,
1542 1401 1593 1432 82.
1632 1400 1715 1436 Quae
1730 1410 1785 1432 res

1230 1448 1261 1473 te
1282 1444 1430 1474 sollicitat
1450 1443 1581 1474 autem?
1607 1443 1729 1474 Heaut.
1748 1442 1783 1474 ii.

1228 1486 1258 1521 3,
1285 1486 1334 1515 10.
1380 1484 1508 1520 Quibus
1528 1495 1616 1516 nunc
1637 1486 1786 1516 sollicitor

1227 1527 1345 1558 rebus?
1370 1527 1509 1569 Adelph.
1522 1527 1544 1558 i.
1560 1528 1588 1564 1,
1608 1528 1657 1558 11.
1695 1527 1785 1563 Quid

1227 1569 1270 1600 sit
1282 1569 1353 1606 hoc,
1366 1570 1452 1610 quod
1463 1571 1626 1601 sollicitere
1637 1569 1681 1602 ad
1695 1569 1783 1601 hunc

1226 1612 1367 1643 modum.
1393 1612 1476 1643 Hec.
1491 1611 1535 1643 iv.
1551 1613 1582 1649 4,
1600 1613 1651 1643 54.

1268 1653 1457 1695 sollicitudo]
1475 1654 1574 1685 Bidui
1584 1660 1635 1686 est
1649 1659 1706 1685 aut
1722 1653 1780 1685 tri·

1225 1696 1282 1728 dui
1300 1697 1369 1727 haec
1390 1698 1572 1728 sollicitudo.
1596 1696 1683 1728 And.
1699 1696 1732 1727 ii.
1749 1698 1783 1734 4,

1229 1740 1276 1770 10.
1315 1739 1525 1780 Quantasque
1537 1738 1591 1770 hic
1613 1738 1681 1770 suis
1702 1748 1781 1769 eon-

1225 1781 1306 1812 siliis
1356 1781 1497 1812 confecit
1550 1782 1781 1812 sollicitudines.

1226 1823 1311 1854 And.
1334 1822 1378 1855 iv.
1398 1825 1426 1861 1,
1449 1823 1501 1854 26.
1540 1824 1783 1854 Sollicitudinem

1224 1865 1319 1897 istam
1335 1865 1457 1903 falsam,
1470 1875 1542 1906 quae
1558 1871 1590 1896 te
1605 1865 1780 1903 excruciat,

1225 1908 1343 1939 mittas.
1363 1908 1482 1939 Heaut.
1495 1907 1516 1939 i.
1534 1909 1564 1945 2,
1581 1909 1611 1939 3.
1649 1908 1781 1944 Quanta

1225 1961 1277 1982 me
1291 1960 1369 1982 cura
1388 1956 1422 1982 et
1442 1952 1646 1982 sollicitudine
1667 1949 1781 1982 adficit

1222 1998 1350 2033 gnatus.
1375 1993 1504 2024 Phorm.
1521 1992 1556 2024 ii.
1576 1994 1608 2030 4,
1632 1994 1663 2023 2.
1700 1991 1781 2024 Alia

1223 2045 1302 2109 2:³⁰².
1321 2035 1779 2114 ‘'rffixffiif{,⁸²{⁷f⁶¹²i:'m“·

1222 2119 1303 2150 mihi
1311 2129 1365 2151 res
1374 2121 1626 2151 sollicitudini'st.
1646 2119 1778 2151 Phorm.

1222 2161 1264 2194 iv.
1285 2163 1312 2199 l,
1329 2163 1380 2193 22.

1264 2203 1428 2244 sollicitus]
1446 2204 1499 2235 Ex
1510 2203 1572 2235 hoc
1583 2203 1702 2235 misera
1716 2205 1779 2236 sol-

1222 2248 1310 2278 licita
1322 2252 1380 2278 est.
1405 2246 1491 2278 And.
1503 2246 1525 2277 i.
1540 2247 1570 2283 5,
1584 2247 1636 2277 33.
1677 2246 1776 2284 Hem,

1222 2294 1270 2320 tot
1281 2298 1352 2320 mea
1363 2288 1464 2320 solius
1474 2290 1602 2320 solliciti
1616 2288 1685 2320 sint
1698 2298 1775 2320 cnu-

1221 2341 1266 2362 sn.
1303 2331 1423 2362 Heaut.
1451 2330 1473 2362 i.
1502 2331 1531 2367 1,
1559 2329 1611 2363 77.
1659 2331 1778 2363 Omnis

1220 2372 1490 2405 sollicitoshabuit.
1503 2372 1624 2404 Heaut.
1630 2372 1676 2404 iii.
1687 2374 1714 2410 1,
1722 2374 1776 2404 52.

1263 2414 1374 2456 solum]
1390 2415 1430 2447 Id
1442 2414 1505 2447 sibi
1518 2414 1628 2456 negoti
1637 2414 1777 2447 credidit

1219 2459 1313 2489 solum
1327 2457 1407 2489 dari.
1431 2457 1517 2489 And.
1534 2456 1620 2488 Prol.
1637 2458 1667 2489 2.

1262 2498 1358 2539 solvo]
1387 2501 1512 2531 Solvisti
1537 2499 1645 2531 fidem.
1684 2499 1775 2532 And.

1220 2541 1262 2573 iv.
1282 2543 1310 2579 1,
1328 2542 1377 2574 19.
1416 2542 1532 2582 Neque
1547 2541 1775 2590 tuverbiseol-

1219 2583 1557 2667 fsfflzmfflasssff
1578 2593 1625 2656 '2².-¹¹
1646 2593 1683 2664 ¹1⁶,
1703 2593 1777 2659 ’1ῧῖ

1221 2669 1298 2710 Ipse
1329 2674 1459 2709 egomet
1486 2669 1562 2700 solvi
1693 2673 1773 2701 tum.

1219 2710 1358 2752 Adelph.
1385 2710 1428 2742 iv.
1455 2711 1487 2748 4,
1514 2711 1566 2742 20.
1713 2721 1774 2743 vos

1217 2753 1305 2784 curis
1325 2754 1400 2784 solvi
1420 2751 1547 2784 ceteris.
1576 2752 1660 2784 Hec-
1682 2751 1718 2784 ii.
1743 2754 1772 2791 1,

42 2803 135 2828 tuum
157 2796 298 2828 officium
319 2797 427 2828 facies.
456 2796 595 2838 Adelph.
626 2795 779 2844 jnrgsbit.
804 2837 811 2844 ι
825 2795 964 2836 Adelph.
1001 2794 1024 2826 i.
1062 2796 1090 2832 l,
1130 2795 1182 2826 54.
1218 2796 1270 2827 33.
1308 2795 1453 2844 Vol-sura
1470 2796 1570 2826 solvis.
1593 2794 1725 2827 Phorm.
1740 2805 1772 2828 v.

631 2838 716 2873 Qula
745 2847 813 2869 run
843 2847 914 2869 esse
947 2838 1061 2869 crebro
1096 2838 1182 2869 soleo.
1218 2838 1316 2876 5,15.
1332 2837 1408 2869 vide
1423 2837 1543 2869 Notas..

42 2850 72 2871 v.
86 2841 117 2876 9,
130 2841 181 2870 22.
216 2841 370 2879 Siquidem
382 2838 437 2870 ille
447 2838 519 2880 ipse
531 2848 596 2870 non
612 2862 615 2895 Ι

43 2882 119 2930 volt.
145 2881 228 2913 Hec.
244 2881 287 2912 iv.
308 2882 337 2919 1,
353 2882 405 2912 45.
443 2883 615 2934 Siquidem¹

42 2933 213 3003 (111117331111111
234 2923 390 2956 crederet.
415 2923 544 2955 Phorm.
562 2932 595 2954 ιι.
612 2948 615 2996 ἒ

634 2880 715 2911 Hec.
739 2880 774 2911 ii.
808 2880 835 2917 l,
865 2881 914 2911 18.
962 2880 990 2911 Α

629 2924 716 2996 gaes,
745 2921 958 2954 Nausistratn.

653 2987 661 3002 ,
701 2987 709 2995 .

1057 2889 1123 2916 um,
1147 2884 1185 2910 ut

899 3017 919 3037 n

1259 2878 1355 2920 solus]
1373 2879 1442 2911 Vos
1455 2883 1606 2911 semote:
1630 2889 1689 2911 nos
1703 2881 1769 2911 soli.

1020 2921 1123 2954 horm.
1154 2932 1182 2954 v.
1219 2921 1304 2953 And.
1320 2922 1343 2953 i.
1360 2922 1391 2959 5,
1415 2922 1468 2953 50.
1506 2921 1608 2953 Venit
1632 2921 1769 2953 medita-

1216 2970 1270 2996 tus
1281 2963 1431 2996 alicunde
1446 2973 1489 2996 ex
1502 2966 1563 2997 solo
1576 2963 1657 2996 loco.
1682 2964 1768 2996 And.
