1852 3216
98 145 239 175 semu
260 131 347 187 111.]

700 131 1018 175 HECYRA.

1538 133 1627 176 503-

153 222 283 265 Unde
303 222 505 264 exordiar
523 236 714 273 narrare,
734 237 832 278 quae
852 237 930 264 nec
951 222 1142 278 opinanti
1163 222 1387 273 accidunt;

153 288 316 330 Partim
337 302 434 343 quae
453 288 658 343 perspexi
677 287 744 329 his
765 287 914 337 oculis,
935 287 1091 342 partim
1111 302 1209 343 quae
1229 287 1376 343 accepi
1395 286 1571 330 auribus
1588 304 1598 330 ι

100 375 107 385 1
155 353 255 406 Qua
274 368 340 395 me
361 361 542 408 propter
561 353 846 396 exanimatum
865 353 989 395 citius
1011 353 1145 396 eduxi
1163 353 1294 396 foras.
1569 351 1571 353 ’

118 428 138 457 5
156 418 270 460 Nam
290 419 418 460 modo
438 434 504 460 me
524 420 637 461 intro
656 426 705 461 ut
724 419 912 474 corripui
932 419 1120 469 timidus,
1141 418 1223 461 alio
1244 419 1466 475 suspicans

153 484 315 526 Morbo
330 498 397 525 me
414 484 602 526 visurum
622 483 833 534 affectam,
847 498 896 526 ac
915 485 1029 526 sensi
1044 499 1154 534 esse,
1173 498 1373 526 uxorem:
1405 484 1477 526 hei
1492 483 1620 526 mihi!

153 549 388 604 Postquam
409 564 475 591 me
496 564 703 605 aspexere
724 548 886 591 ancillae
908 550 1147 600 advenisse,
1169 548 1266 592 ilico
1288 564 1433 592 omnes
1454 549 1577 592 simul

153 614 287 656 Laetae
307 614 560 665 exclamant,
583 615 739 658 Venit:
770 615 816 656 id
836 614 953 670 quod
973 629 1039 656 me
1059 622 1237 670 repente
1258 623 1533 670 aspexerant.

152 681 241 722 Sed
263 681 463 722 continuo
484 680 642 721 voltum
663 695 809 722 earum
830 680 943 722 sensi
960 680 1172 721 immutari
1191 681 1391 731 omnium,

97 753 136 784 10
154 745 269 794 Quia
290 754 375 787 tam
397 745 659 788 incommode
676 745 756 787 illis
778 745 864 787 fors
886 744 1100 787 obtulerat
1117 745 1347 787 adventum
1367 760 1521 788 meum.

154 811 253 853 Una
272 811 436 852 illarum
457 812 619 852 interea
639 826 824 866 propere
844 811 1140 865 praecucurrit,
1163 811 1368 852 nuncians

150 877 229 919 Me
250 878 439 919 venisse:
472 892 553 932 ego
573 877 667 932 ejus
688 877 861 918 videndi
881 877 1080 932 cupidus,
1102 884 1221 919 recta
1240 892 1494 933 consequor.

152 943 388 998 Postquam
406 942 561 992 introii,
583 941 799 997 extemplo
820 943 913 998 ejus
931 943 1127 984 morbum
1147 943 1328 998 cognovi
1343 944 1484 985 miser.

92 1082 251 1118 spectans,
268 1075 422 1107 amatoria
437 1073 548 1116 magis,
565 1085 660 1115 quam
677 1074 832 1105 maritalis

93 1126 150 1151 est.
190 1120 275 1150 Nam
290 1118 384 1149 aliter
399 1128 463 1149 non
479 1118 703 1160 perveniretur
721 1118 761 1148 ad
781 1118 830 1148 ul-

92 1162 203 1194 timam
226 1162 441 1203 cognitionem
465 1160 607 1192 omnium
630 1171 748 1198 rerum,
769 1161 830 1192 nisi

92 1205 278 1237 adolescens
294 1205 446 1236 furtivum
462 1213 653 1245 conceptum
667 1204 786 1242 uxoris,
801 1210 834 1236 et

91 1256 231 1291 partum,
247 1249 409 1289 aliquanto
421 1248 535 1284 lenius,
548 1258 642 1288 quam
655 1247 832 1288 conjugalis

92 1292 184 1323 dolor
206 1292 340 1333 expetit,
361 1291 570 1322 toleravisset.
610 1292 732 1331 Nequeo
750 1302 830 1322 mea-

91 1335 175 1376 rum]
201 1335 282 1366 Haec
304 1342 353 1366 est
377 1334 551 1365 Homerica
572 1333 627 1364 illa
643 1333 831 1375 διαπόρησις,

93 1378 155 1409 od.
178 1378 221 1409 ix.
249 1380 295 1408 14.
319 1376 352 1408 τί
373 1379 504 1418 πρῶτον,
520 1376 552 1408 τί
573 1377 599 1407 δ’
623 1376 739 1413 ἔπειτα,
756 1376 830 1408 τίδ’

93 1420 243 1452 ὑστάτιον
258 1419 436 1460 καταλέξως
457 1422 580 1461 Nequeo
591 1431 721 1451 mearum
733 1431 833 1451 rerum

91 1464 230 1505 initium]
250 1465 322 1495 Hoc
337 1463 533 1506 principium
556 1473 671 1504 magna
687 1462 830 1502 διαπορή-

93 1519 143 1539 σει
164 1515 334 1538 oneratur:
360 1514 395 1538 ut
411 1507 620 1538 ostendantur
635 1517 786 1537 aerumnae
802 1513 834 1537 et

91 1550 201 1582 multae
211 1559 242 1582 et
254 1560 376 1589 graves.
399 1549 556 1590 Idoneum]
571 1551 702 1591 Aptum,
715 1560 833 1580 conve-

92 1594 194 1625 niens.
226 1595 435 1634 D.·-Nequeo
451 1604 580 1624 mearum
596 1604 695 1623 rerum
712 1595 834 1623 initium

90 1639 184 1669 ullum
210 1640 342 1668 invenire
374 1636 523 1677 idoneum]
556 1636 751 1677 Conquestio
773 1642 831 1673 est,

91 1681 176 1721 quod
188 1680 227 1711 de
237 1690 344 1711 amore
354 1680 453 1711 multa
463 1680 506 1710 sit
510 1690 633 1722 passus,
642 1679 726 1720 quod
733 1679 834 1710 multa

91 1723 219 1761 viderit,
230 1724 329 1755 multa
345 1723 492 1754 audierit.
522 1724 607 1754 Cum
622 1723 726 1754 dixit:
751 1724 831 1754 Par-

92 1769 154 1803 tim,
168 1778 234 1808 quae
246 1769 386 1807 perspexi
401 1768 447 1797 his
456 1768 558 1802 oculis,
572 1769 687 1805 partim
700 1777 766 1806 quae
781 1777 834 1797 ac-

91 1812 157 1850 cepi
172 1812 306 1841 auribus.
338 1809 415 1840 ‘Hoc
432 1815 534 1840 totum
550 1809 583 1839 in
599 1808 759 1851 principio
775 1815 832 1839 est.

92 1853 305 1894 Subjungitur
320 1852 477 1883 narratio:
502 1853 583 1883 Nam
598 1854 682 1883 modo
696 1863 740 1883 me
755 1854 835 1882 intro

89 1902 125 1927 ut
133 1899 273 1937 corripui.
299 1896 392 1931 Quod
403 1895 526 1936 accepit
536 1894 675 1932 auribus,
686 1895 764 1926 illud
775 1901 833 1931 est,

91 1940 175 1981 quod
200 1940 254 1971 ubi
270 1950 343 1970 eum
359 1946 433 1969 ante
455 1938 679 1980 perspexerint
700 1938 833 1975 ancillae,

91 1993 203 2014 omnes
227 1982 323 2014 simul
344 1982 573 2018 exclamavere,
600 1982 707 2013 Venit!
737 1982 834 2017 Quod

90 2026 268 2068 perspexit,
279 2025 358 2056 illud
369 2032 426 2062 est,
437 2025 520 2066 quod
532 2026 645 2056 vultum
654 2036 755 2056 earum
764 2036 833 2055 con-

90 2072 175 2101 tinuo
183 2071 335 2100 immutari
346 2069 440 2099 videt.
460 2069 540 2099 Haec
550 2067 636 2099 enim
646 2074 835 2109 argumenta

90 2112 265 2155 proficiunt
285 2112 324 2143 ad
345 2111 388 2149 id,
412 2112 496 2152 quod
519 2118 630 2152 partus
651 2111 831 2146 celabatur;

90 2156 175 2197 quod
201 2156 286 2187 intro
312 2156 443 2187 veniens
469 2154 702 2196 parturientem
725 2154 831 2190 videt3

91 2199 207 2230 deinde
232 2198 316 2240 quod
343 2209 407 2230 vox
427 2197 636 2240 parturientis
659 2197 768 2239 prodit
786 2197 833 2228 vi—

91 2242 182 2279 tium,
199 2253 271 2274 cum
295 2242 394 2273 dixit:
420 2243 526 2282 Neque
548 2252 615 2272 voce
637 2243 710 2278 alia,
727 2252 764 2272 ac
784 2251 834 2272 res

89 2288 235 2322 monebat,
252 2288 318 2326 ipsa
330 2290 451 2325 poterat
465 2287 614 2325 conqueri.
645 2284 684 2315 E.

134 2330 163 2360 2.
187 2328 289 2370 Unde]
306 2330 334 2359 A
352 2339 423 2369 quo.
457 2328 498 2359 D.

134 2374 163 2403 3.
187 2373 306 2403 Partim
328 2383 393 2413 quoe
413 2373 554 2411 perspexi
570 2373 618 2402 his
633 2370 742 2411 oeulis]
760 2372 831 2408 His,

90 2415 182 2455 quasi
203 2415 339 2451 miseris,
363 2414 431 2446 vult
452 2414 600 2455 intelligi,
619 2414 734 2455 quibus
756 2424 829 2455 per-

91 2458 195 2499 spexi,
218 2458 269 2489 vel
290 2458 399 2489 audivi
422 2457 515 2488 mala.
560 2459 613 2488 An
640 2457 687 2488 sic
711 2457 833 2488 dictum

92 2507 152 2538 est,
169 2508 205 2531 ut
221 2502 308 2542 apud
325 2501 413 2542 Virg.
432 2501 507 2531 AEn.
525 2500 566 2531 iv.
584 2501 656 2532 359.
680 2511 833 2541 vocemque

93 2546 140 2574 his
154 2545 280 2574 auribus
291 2546 379 2575 hausi
392 2547 408 2574 ?
440 2544 480 2574 D.

134 2588 164 2617 4.
185 2586 252 2620 Qua
264 2598 309 2617 me
317 2592 440 2627 propter
450 2585 667 2627 exanimatum]
682 2587 772 2617 Inter
781 2598 833 2618 ea:-

92 2632 256 2661 animatum
280 2636 312 2660 et
334 2632 499 2660 exanimum
520 2630 578 2661 hoc
596 2629 751 2660 interest:
783 2640 832 2660 ez·-

91 2675 252 2710 animatus,
292 2679 340 2703 est
376 2672 578 2709 conterritus,
615 2674 832 2703 conturbatus.

94 2716 150 2753 Ut,
174 2718 234 2747 Sed
255 2717 397 2756 quidnam
419 2717 610 2755 Pamphilum
632 2718 835 2746 exanimatum

90 2761 204 2791 video?
237 2759 279 2789 Et
296 2758 386 2799 Virg.
411 2758 482 2789 AEn.
501 2768 530 2789 v.
554 2759 626 2789 805.
650 2760 835 2789 Exanimem

89 2813 213 2843 sequens
235 2804 413 2842 impingeret
434 2804 555 2842 agmina
574 2803 676 2832 muris.
715 2803 831 2832 Exani-

90 2857 156 2877 mus
171 2855 256 2882 vero,
274 2852 322 2876 est
337 2844 470 2876 occisus.
510 2843 599 2885 Virg.
620 2844 694 2874 AEn.
715 2844 759 2875 xi.
780 2845 831 2875 30.

875 1084 930 1105 sus
951 1084 1030 1105 sum.
1080 1074 1233 1115 Timidus]
1258 1075 1322 1106 Pro
1349 1075 1475 1113 timens,
1502 1086 1620 1107 nomen

874 1117 945 1148 loco
961 1116 1133 1159 participii.
1167 1118 1342 1158 D.-—-Lege
1359 1128 1400 1149 ex
1416 1118 1534 1150 nostris
1549 1129 1619 1150 om-

876 1161 980 1198 nibus,
998 1162 1079 1192 Nam
1094 1163 1178 1192 modo
1190 1163 1270 1192 intro
1284 1167 1319 1192 ut
1334 1173 1378 1192 me
1393 1164 1535 1202 corripui.
1562 1162 1599 1193 B.

920 1205 948 1235 6.
973 1206 1079 1235 Morbo
1100 1216 1146 1235 me
1167 1206 1299 1235 visurum
1315 1204 1468 1246 affectam]
1487 1205 1572 1241 Quia
1587 1211 1620 1236 et

875 1246 928 1278 hic
941 1248 1071 1278 morbus
1086 1254 1135 1278 est
1151 1247 1243 1287 (Hoc
1258 1248 1408 1279 Scholion
1422 1248 1507 1280 haud
1523 1248 1621 1280 dubie

875 1290 1018 1331 pertinet
1034 1291 1074 1321 ad
1091 1301 1172 1322 vers.
1195 1291 1240 1321 13.
1257 1291 1298 1321 ad
1315 1301 1424 1322 vocem
1439 1289 1525 1333 alio).
1557 1293 1620 1323 Hei

875 1336 949 1364 mihi
962 1333 992 1373 l]
1030 1333 1216 1374 Interjectio
1251 1333 1390 1366 dolentis
1421 1342 1478 1366 est.
1527 1335 1618 1376 Virg.

877 1377 952 1407 AEn.
977 1376 1022 1407 iii.
1046 1378 1096 1407 39.
1122 1379 1266 1417 Eloquar,
1283 1389 1323 1407 an
1341 1379 1444 1408 sileam
1458 1381 1474 1409 ?
1513 1378 1556 1409 Et
1570 1378 1620 1409 di-

875 1420 960 1450 citur
983 1420 1051 1451 haec
1082 1420 1186 1461 figura
1216 1418 1354 1458 ἐπιμονή.
1407 1422 1470 1452 Hei
1499 1423 1573 1452 mihi
1586 1421 1617 1462 J]

878 1463 964 1494 Mire
980 1463 1174 1505 interposuit
1188 1462 1412 1502 σκετλιασμόν.
1442 1464 1618 1495 D.—-Prae-

877 1512 926 1537 ter
948 1516 1048 1537 unum
1071 1516 1183 1537 omnes
1205 1506 1308 1538 nostri
1329 1506 1458 1545 habent,
1482 1519 1519 1539 ac
1540 1510 1620 1539 sensi

877 1561 996 1580 uxorem
1010 1561 1082 1581 esse.
1116 1550 1152 1580 B.

920 1594 949 1623 8.
976 1594 1013 1623 Id
1033 1594 1112 1633 quod
1133 1604 1178 1624 me
1201 1591 1337 1633 repente]
1357 1593 1457 1624 Deest
1468 1599 1622 1634 propter.-

877 1642 913 1667 ut
935 1635 986 1673 sit,
1009 1643 1141 1678 propter
1163 1635 1217 1666 id:
1246 1646 1282 1666 ac
1300 1646 1359 1677 per
1374 1637 1444 1674 hoc,
1461 1637 1544 1668 ideo.
1579 1639 1621 1668 Id

876 1681 955 1720 quod
968 1691 1013 1710 me
1027 1685 1148 1719 repente
1160 1679 1357 1720 aspexerant]
1373 1680 1478 1711 Causa
1493 1691 1550 1711 cur
1563 1680 1620 1711 lae-

878 1729 918 1753 tae
941 1722 1200 1754 exclamaverint.
1247 1724 1286 1753 Id
1307 1732 1393 1764 ergo,
1410 1725 1445 1754 ob
1461 1725 1502 1754 id.
1532 1724 1620 1755 D.—-

879 1765 1001 1802 Nostri‚
1018 1777 1062 1797 me
1078 1768 1245 1806 derepente.
1284 1766 1348 1797 Sed
1371 1766 1486 1797 melius
1509 1773 1557 1798 est
1573 1778 1619 1798 me

879 1809 993 1849 ejicere
1009 1819 1082 1840 cum
1098 1809 1228 1850 egregio
1242 1808 1381 1839 Fabricii
1397 1809 1516 1840 codice.
1548 1810 1587 1842 Β.

922 1852 950 1882 9.
970 1854 1031 1883 Sed
1051 1854 1190 1883 continuo
1210 1853 1320 1882 voltum
1342 1863 1444 1882 earum
1467 1855 1547 1884 sensi
1561 1855 1619 1884 im-

878 1898 990 1926 mutari
1010 1894 1155 1935 omnium]
1186 1895 1271 1925 Mire
1303 1894 1492 1935 Pamphilus
1521 1895 1620 1927 etiam

877 1937 1064 1969 ancillarum
1094 1945 1183 1969 metu
1209 1937 1394 1979 impellitur,
1418 1945 1455 1969 ut
1477 1938 1619 1970 alienum

877 1981 965 2012 nasci
981 1991 1116 2023 puerum
1134 1980 1336 2022 suspicetur:
1361 1990 1420 2012 nec
1438 1981 1504 2012 ullo
1524 1982 1620 2014 modo

876 2023 911 2054 in
934 2024 1119 2055 memoriam
1146 2024 1266 2061 redeat,
1289 2023 1371 2055 hanc
1402 2034 1437 2055 se
1466 2024 1618 2066 puellam,

877 2066 927 2098 vel
951 2067 1133 2107 hujusmodi
1149 2066 1256 2108 (forte,
1272 2078 1338 2107 quae
1360 2078 1438 2098 nunc
1452 2073 1529 2099 esset
1544 2080 1619 2100 utor

880 2110 932 2149 Z.)
956 2110 1096 2141 vitiasse.
1142 2112 1258 2142 Voltum
1280 2109 1400 2151 earum]
1425 2110 1506 2146 Quae
1528 2111 1623 2146 vide-¹

877 2154 952 2184 rint.
987 2154 1026 2184 D.

924 2197 971 2227 10.
990 2198 1065 2227 Fors
1076 2195 1243 2237 obtulerat]
1260 2197 1371 2235 Offerri
1387 2196 1538 2230 dicuntur
1553 2204 1618 2231 tam

877 2240 961 2271 bona
977 2250 1072 2280 quam
1087 2239 1181 2276 mala,
1200 2239 1226 2270 si
1247 2239 1410 2280 insperata
1426 2240 1623 2281 objiciantur

875 2283 1066 2324 aspectibus.
1115 2282 1291 2323 Obtulerat]
1328 2284 1470 2314 Oblatum
1499 2284 1618 2317 dicitur

876 2326 909 2357 in
931 2333 1098 2367 utramque
1122 2333 1256 2367 partem,
1277 2325 1429 2366 quicquid
1450 2334 1618 2369 exspecta-

876 2369 996 2400 tionem
1009 2370 1174 2411 praevenit.
1201 2369 1353 2400 D.——Pro
1366 2371 1429 2400 iuis
1441 2370 1505 2401 duo
1517 2371 1619 2403 nostri

877 2412 1040 2443 veterrimi
1057 2415 1138 2443 illue.
1173 2413 1209 2443 B.

923 2457 971 2487 11.
989 2457 1196 2487 Praecucurrit
1210 2454 1374 2496 nunciam]
1390 2455 1544 2489 Priscian.
1560 2457 1621 2489 lib.

877 2509 908 2530 x.
942 2499 977 2530 L.
1621 2513 1624 2515 “

924 2543 971 2573 12.
992 2545 1059 2583 Ego
1074 2542 1139 2583 qius
1153 2543 1275 2573 videndi
1289 2541 1432 2583 cupidus]
1458 2542 1534 2574 Non
1556 2543 1621 2576 erit

877 2585 973 2627 plena
986 2586 1034 2617 vis
1045 2584 1207 2627 repentini
1220 2584 1346 2621 doloris,
1360 2585 1388 2616 si
1397 2585 1518 2627 aliquid
1532 2597 1615 2628 prae-

877 2629 1021 2660 sentiens
1041 2628 1244 2670 suspicatum
1269 2634 1302 2659 et
1323 2627 1396 2659 ideo
1417 2629 1550 2668 addidit,
1564 2641 1621 2672 ego

878 2672 943 2712 ejus
969 2673 1104 2703 videndae
1134 2673 1269 2711 cupidus.
1315 2672 1411 2702 Recta
1440 2672 1616 2715 consequor]

878 2715 1045 2751 Absolute,
1069 2721 1101 2745 et
1125 2715 1195 2745 sine
1218 2713 1417 2755 adjectione:
1442 2725 1507 2747 non
1529 2716 1620 2748 enim

878 2757 1002 2789 addidit
1017 2760 1075 2789 via.
1109 2757 1151 2788 D.

922 2802 969 2831 13.
1007 2802 1167 2841 Extemplo
1195 2800 1262 2841 ejus
1298 2800 1447 2843 morbum]
1478 2803 1617 2835 Morbum

875 2843 1003 2875 mitiore
1032 2843 1150 2880 animo,
1181 2853 1277 2884 quam
1306 2846 1413 2875 vitium
1438 2844 1530 2884 dixit,
1558 2853 1614 2878 aut

94 2890 207 2929 eorpus
223 2890 275 2919 ubi
290 2890 420 2919 exanimi
431 2889 562 2928 positum
579 2888 733 2918 Pallantis
751 2889 830 2918 Ace·
872 2888 1023 2927 probrum.
1071 2886 1115 2918 Et
1136 2893 1242 2918 recte:
1276 2886 1352 2927 quia
1373 2887 1466 2927 dixit,
1487 2891 1549 2921 alio
1569 2901 1615 2921 me

93 2937 138 2964 tes
152 2933 299 2963 Seroabat
313 2933 420 2962 senior.
454 2931 495 2962 D.

874 2932 1031 2970 suspicans
1051 2931 1151 2961 morbo
1171 2933 1303 2962 &surum
1317 2931 1464 2970 affectam,
1480 2943 1517 2964 oc
1533 2936 1615 2964 sensi

96 2999 102 3007 .
133 2976 162 3006 5.
180 2976 233 3006 Me
246 2978 327 3006 intro
342 2980 376 3006 ut
388 2973 537 3015 corripui]
555 2973 689 3015 Raptim
703 2972 826 3015 ingres-
872 2984 944 3012 esse,
961 2984 1090 3005 uxoren.
1122 2973 1366 3012 D.—1²·aernus‚
1381 2981 1418 3007 ut
1431 2975 1614 3014 wochaicus
