1852 3216
133 141 274 170 semu
295 127 383 182 111.]
442 125 1373 170 HEAUTONTIMORUMENOS.

1574 128 1656 170 321

190 217 270 259 C1..
288 215 517 272 Loquere;
547 216 692 259 audio.
743 215 822 258 SY.
840 214 905 258 At
917 216 1008 272 jam
1028 216 1111 260 hoc
1131 231 1217 260 non
1236 231 1355 274 ages.
1403 216 1483 260 C1..
1501 217 1657 273 Agam.

273 282 351 324 SY.
370 281 619 324 Videndum
639 289 722 333 est,
742 282 931 338 inquam,

187 348 330 391 Amici
350 363 522 405 quoque
542 363 627 399 reS,
651 347 804 399 Clinia,
828 348 892 390 tui
910 349 954 391 in
973 355 1067 391 tuto
1088 356 1136 391 ut
1156 348 1404 392 collocetur.

187 413 303 456 Nam
324 414 360 456 si
380 429 493 456 nunc
514 429 539 456 a
559 414 684 456 nobis
705 414 813 465 abis,
833 421 878 456 et
898 413 1162 457 Bacchidem
1182 414 1252 458 hic
1271 414 1491 471 relinquis,

187 479 332 522 Senex
351 480 556 522 resciscet
574 479 685 530 ilico,
706 493 802 522 esse
822 480 999 522 amicam
1017 479 1129 523 hanc
1149 480 1431 536 Clitiphonis:

131 554 173 584 20
190 546 238 587 Si
257 545 508 596 abduxeris,
529 544 739 588 celabitur
757 545 919 597 itidem,
940 553 989 588 ut
1008 545 1145 588 celata
1161 545 1305 589 adhuc
1324 554 1404 589 est.

188 611 268 653 CL.
283 612 347 653 At
359 611 471 653 enim
484 612 592 653 istoc
605 609 711 653 nihil
723 618 789 653 est
801 611 950 667 magis,
968 611 1092 667 Syre,
1108 612 1214 654 meis
1230 612 1390 668 nuptiis
1408 612 1635 654 advorsum
1650 628 1659 654 :

187 678 303 720 Nam
334 693 421 734 quo
452 692 526 720 ore
557 677 786 734 appellabo
816 679 1012 733 patrem?
1052 684 1189 729 tenes,
1223 678 1329 733 quid
1363 678 1530 721 dicam?
1580 677 1659 719 Sv.

275 743 441 792 Quidni
451 745 469 786 ’ἒ

189 809 269 852 C1..
303 810 424 857 Quid
456 810 623 852 dicam?
672 824 801 865 quam
830 824 1004 852 causam
1036 809 1243 852 afferam?
1294 809 1373 852 SY.
1412 809 1531 858 Quin
1564 808 1663 851 nolo

274 875 479 917 mentiare
495 890 506 917 ε

189 939 372 996 Aperte,
394 940 454 982 ita
483 947 532 982 ut
560 955 631 982 res
662 954 758 982 sese
786 939 935 992 habet,
957 946 1145 983 narrato.
1196 940 1275 982 Cr..
1299 940 1420 989 Quid
1450 941 1542 984 ais?
1582 941 1660 984 SY.

273 1005 305 1048 J
306 1006 419 1048 ubeo

132 1078 174 1110 25
190 1069 310 1113 Illam
330 1078 373 1113 te
394 1085 552 1121 amare,
573 1077 618 1113 et
638 1070 746 1113 velle
766 1085 971 1114 uxorem:
1002 1070 1115 1114 hanc
1134 1084 1230 1114 esse
1252 1069 1523 1127 Clitiphonis.

187 1136 268 1179 C1..
283 1136 451 1179 Bonam
466 1144 596 1193 atque
608 1138 771 1193 justam
786 1152 877 1179 rem
892 1137 1055 1193 oppido
1073 1137 1275 1193 imperas,
1288 1144 1334 1180 et
1348 1137 1467 1180 factu
1481 1136 1661 1180 facilem.

190 1202 252 1244 Et
274 1202 435 1246 scilicet
449 1203 540 1259 jam
559 1218 627 1246 me
648 1203 732 1246 hoc
751 1202 868 1247 voles
889 1210 1057 1259 patrem
1076 1218 1272 1254 exorare,
1294 1210 1343 1245 ut
1362 1202 1473 1265 celet

133 1335 198 1361 tem
210 1329 329 1362 dicitur
340 1332 483 1371 operatio,
494 1332 588 1368 labor,
599 1332 761 1361 industria.
794 1330 874 1361 Ideo

132 1373 180 1404 sic
207 1373 362 1414 intellige,
388 1375 520 1405 Frustra
546 1375 688 1405 laborabo
715 1384 875 1404 sermonem

133 1419 217 1457 apud
228 1422 257 1447 te
263 1416 381 1457 facere,
393 1428 459 1447 cum
477 1422 511 1448 tu
522 1419 637 1458 gaudio
652 1418 803 1456 desipiens
817 1427 874 1447 au·

133 1471 182 1490 res
205 1462 279 1490 mihi
306 1471 363 1490 non
381 1461 509 1499 praebes.
546 1460 762 1491 C.——-Deorum
783 1462 876 1490 vitam

133 1501 220 1552 apli]
246 1500 384 1542 Πάμισον
406 1502 475 1534 sive
501 1502 678 1544 παραβολὴ,
701 1513 773 1543 quae
799 1508 877 1534 sunt

134 1545 260 1595 species
284 1545 475 1584 ὁμοιώσεως
498 1556 533 1577 se
557 1546 649 1587 quasi
673 1546 781 1577 Deum
805 1556 875 1577 esse

134 1588 258 1626 asserit,
273 1595 310 1620 ut
330 1588 366 1620 in
382 1589 518 1627 Andria,
531 1591 664 1621 Deorum
678 1591 771 1620 meam
782 1600 875 1629 prop-

135 1637 219 1664 terea
233 1643 296 1663 este
310 1634 520 1672 sempiternam
536 1634 680 1664 arbitror.
714 1631 794 1674 Apti
810 1632 875 1673 sig-

135 1675 246 1706 nificat
275 1674 356 1717 adep
359 1675 392 1706 ti.
431 1675 648 1707 Ee—Deorum
670 1677 764 1707 vitam
790 1674 873 1716 apti]

136 1718 218 1750 Euri
242 1718 284 1749 id.
299 1718 385 1759 apud
401 1718 573 1756 Stobaeum,
588 1718 689 1750 Serm.
704 1720 776 1750 254.
795 1719 876 1750 Θεοῦ

135 1760 208 1797 βίον
241 1773 281 1799 ην
301 1760 395 1801 ἀξιοῖς
418 1761 575 1803 ἄνθρωπος
595 1763 646 1793 ὧν.
678 1761 876 1793 L.—Nostri

135 1814 306 1847 perperam
336 1806 449 1845 adepti.
493 1805 655 1836 Caeterum
683 1807 751 1845 apti
780 1811 830 1836 est
858 1815 878 1836 a

136 1849 234 1879 verbo
249 1850 376 1888 api-«cor,
392 1847 423 1879 h.
441 1858 469 1879 e.
485 1847 656 1890 adipiscor.
688 1848 726 1879 Β.

185 1892 234 1922 16.
250 1892 318 1923 Hoc
338 1902 397 1922 non
418 1890 506 1932 ages]
533 1891 572 1922 ld
594 1897 653 1929 est,
675 1892 790 1922 audies.
837 1890 878 1922 In

137 1933 263 1966 Andria
288 1936 408 1965 hoccine
431 1936 526 1975 agis?
562 1933 707 1975 Inquam]
733 1934 878 1965 Verbum

135 1977 196 2009 hoc
209 1977 274 2008 vim
288 1977 451 2008 interdum
466 1977 640 2008 maximam
654 1977 753 2008 habet
764 1976 805 2008 ad
820 1977 877 2008 ad-

136 2020 362 2052 hortationem.
405 2020 451 2052 Et
475 2022 635 2052 videndum
657 2025 712 2057 est,
741 2026 774 2052 et
799 2022 876 2058 vide,

136 2074 254 2106 magna
272 2063 472 2105 aggressuris
493 2063 654 2095 dicuntur.
694 2064 737 2095 Et
756 2066 878 2104 inquam

136 2107 259 2139 utimur
274 2117 505 2148 nonnunquam
520 2107 554 2138 in
570 2106 765 2149 repetitione
780 2116 879 2148 supra

136 2150 306 2182 dictorum.
322 2150 404 2182 0.-
410 2151 576 2182 Videndum
585 2155 639 2188 est,
649 2149 788 2191 inquam]
799 2150 877 2181 Per-

137 2194 252 2225 suadet
277 2204 390 2225 servus
415 2193 541 2231 Cliniae,
568 2193 617 2225 uti
643 2203 753 2225 secum
781 2193 878 2225 ducat

137 2236 340 2268 meretricem
363 2236 404 2268 ad
425 2237 556 2268 domum
578 2236 689 2279 patris,
703 2246 754 2274 ne,
772 2236 800 2268 si
825 2246 876 2267 re-

138 2279 293 2312 manserit
307 2279 342 2312 in
360 2280 465 2318 domo,
482 2280 575 2311 facile
596 2290 697 2311 senex
717 2279 777 2311 filii
796 2279 873 2311 ami-

138 2330 363 2398 caqa9poffoztm
403 2323 685 2398 &diii-estofiiachm
715 2366 877 2397 c.-0m-

139 2418 198 2440 nes
208 2409 291 2447 libri,
305 2416 423 2450 praeter
437 2409 640 2446 Bembinum,
656 2410 777 2441 habent
790 2416 878 2440 recte

141 2453 263 2489 Noeter,
272 2462 331 2494 pro
340 2454 444 2491 Senex,
454 2453 539 2494 quod
551 2460 601 2485 est
615 2452 703 2485 illius
717 2452 877 2495 interpre-

141 2500 328 2526 tamentum.
360 2496 398 2527 B.

185 2538 236 2568 20.
255 2539 290 2568 Sa'
299 2537 477 2580 abduxerit]
490 2539 592 2571 Recte
600 2541 782 2571 abduxerit.-
804 2548 880 2570 nam

141 2581 304 2611 abducitur
317 2580 447 2622 proprie
463 2582 547 2622 quod
560 2582 710 2614 alienum.
741 2583 778 2613 C.

185 2623 236 2654 21.
261 2625 304 2654 Ae
317 2626 395 2654 enim
409 2623 500 2665 istoc]
518 2625 599 2656 Haec
621 2636 673 2657 res
694 2624 774 2656 mihi
790 2624 880 2656 vide-

142 2672 195 2697 tur
206 2666 491 2698 essevehementer
498 2667 668 2699 conmria.
703 2668 787 2699 Nam
801 2678 879 2709 quo-

141 2710 238 2740 modo
252 2709 371 2750 rogabo
385 2716 509 2758 patrem
522 2717 559 2742 ut
573 2710 653 2742 mihi
664 2710 764 2743 filiam
775 2711 840 2749 det,
852 2711 880 2742 si

141 2752 222 2784 sciat
237 2762 342 2783 meam
357 2751 491 2783 amicam
507 2762 577 2784 esse
591 2753 815 2785 meretricem?
840 2754 879 2785 Ε.

186 2797 237 2827 22.
265 2797 329 2829 Quo
350 2794 416 2836 ore]
435 2795 487 2826 Sic
509 2795 654 2834 dicimus,
673 2796 800 2838 quando
821 2796 880 2828 ali-

142 2838 218 2880 quid
242 2838 428 2881 pudendum
452 2839 691 2870 committimus.
736 2841 882 2879 Appella-

144 2881 222 2923 bo?]
247 2881 282 2913 Si
297 2881 420 2913 duxero
436 2881 638 2914 Bacchidem.
669 2882 706 2913 C.

135 2943 137 2946 -
187 2926 238 2957 23.
258 2924 355 2966 Quin]
372 2926 473 2956 Immo.
509 2925 631 2957 Cautus
646 2935 758 2957 servus
772 2935 812 2957 ea
825 2925 881 2957 ad-

143 2974 262 3007 monet,
286 2978 359 3009 quae
383 2978 448 3000 non
474 2974 570 3000 erunt
591 2968 726 3001 adversa
750 2968 882 3010 nuptiis.

917 1330 995 1361 C.—
1004 1329 1084 1364 Quin
1102 1331 1169 1361 nolo
1189 1328 1352 1370 mentiare]
1371 1329 1444 1361 Hoc
1466 1340 1508 1361 ex
1529 1330 1664 1362 consilio

917 1372 997 1404 dicit
1016 1383 1139 1410 servus,
1155 1372 1203 1404 uti
1217 1382 1283 1403 non
1305 1372 1490 1410 mentiatur,
1506 1373 1564 1404 sed
1584 1385 1662 1405 con-

919 1415 1011 1447 tinuo
1024 1415 1119 1454 dicat,
1130 1395 1221 1446 illam
1237 1415 1337 1447 filiam
1353 1416 1535 1448 Chremetis
1549 1427 1585 1448 se
1600 1427 1662 1448 ux-

919 1469 1009 1490 orem
1020 1458 1112 1497 velle,
1125 1465 1158 1490 et
1170 1469 1241 1490 esse
1255 1459 1339 1490 hanc
1351 1459 1487 1491 amicam
1502 1459 1662 1502 Clitipho-

919 1502 980 1533 nis.
1034 1501 1086 1533 Sic
1117 1501 1204 1533 enim
1232 1512 1444 1552 persuasurus
1473 1508 1523 1535 est
1551 1509 1665 1545 postea

919 1544 1050 1576 domino
1072 1555 1194 1582 servus,
1210 1545 1274 1576 tale
1295 1555 1353 1587 rep
1395 1545 1477 1578 risse
1498 1556 1534 1578 se
1555 1547 1662 1578 consi·

918 1588 1009 1626 lium,
1025 1588 1073 1620 uti
1088 1598 1108 1620 a
1128 1568 1324 1619 Menedemo
1370 1588 1432 1621 lius
1452 1595 1545 1631 petat
1563 1600 1663 1631 pecu-

919 1631 1018 1669 niam,
1048 1642 1111 1672 quo
1140 1631 1232 1672 quasi
1261 1630 1356 1670 dicat,
1387 1641 1423 1663 se
1451 1632 1535 1664 velle
1562 1632 1664 1664 filiam

918 1654 1100 1706 Chremetis
1115 1684 1250 1706 uxorem
1266 1674 1395 1713 ducere,
1410 1674 1460 1707 uti
1473 1675 1515 1707 ad
1533 1675 1665 1718 nuptias

918 1718 1036 1750 habeat
1057 1717 1254 1749 necessaria:
1289 1724 1322 1749 et
1343 1718 1405 1750 hoc
1428 1718 1539 1751 credat
1562 1729 1665 1751 senex

919 1767 1091 1810 propterea
1105 1761 1380 1793 adolescentulum
1392 1768 1515 1804 petere,
1526 1773 1590 1803 quo
1605 1773 1665 1804 per

920 1803 1078 1836 fallaciam
1092 1804 1163 1835 dari
1176 1804 1296 1846 possin
1320 1803 1367 1836 ita
1380 1811 1426 1843 ut,
1442 1815 1516 1837 cum
1536 1812 1662 1837 utrum-

920 1857 983 1888 que
1000 1846 1120 1878 dixerit
1140 1847 1336 1885 adolescens,
1357 1857 1419 1897 per
1431 1847 1590 1880 fallaciam
1612 1848 1662 1880 di-

920 1900 994 1922 cere
1027 1889 1186 1921 credatur.
1235 1890 1274 1921 E.
1276 1890 1520 1923 -Concinnius
1555 1891 1663 1930 fuerit,

924 1935 1007 1968 Quid
1021 1935 1145 1964 dicam?
1173 1935 1249 1974 quid
1262 1944 1361 1965 caasae
1375 1935 1527 1974 afferam?
1557 1934 1596 1966 Β.

965 1977 1016 2007 24.
1040 1975 1238 2007 Concinnius
1260 1982 1318 2014 est,
1340 1986 1400 2018 pro
1420 1982 1547 2009 narrum
1566 1987 1662 2020 repo-

920 2029 998 2051 nere
1011 2030 1148 2050 παπ-ονε.
1187 2019 1344 2051 Dicturus
1362 2019 1450 2051 enim
1472 2026 1541 2052 erat
1562 2021 1663 2063 Syrus

912 2062 1027 2103 5.·αόεο
1050 2062 1107 2094 sed
1130 2061 1238 2094 Clinia
1259 2062 1471 2094 admiratione
1491 2073 1663 2105 percussus

921 2105 1148 2148 interpellavit,
1164 2105 1301 2137 dicendo
1315 2108 1398 2140 Quid
1410 2108 1483 2138 ais?
1514 2106 1552 2138 B.

974 2150 1024 2180 25.
1060 2149 1112 2180 Ne
1145 2159 1220 2180 utor
1249 2148 1302 2180 hic
1330 2148 1469 2190 primam
1497 2149 1662 2192 corripiat,

918 2191 1002 2223 forte
1025 2191 1089 2233 legi
1108 2191 1214 2230 debet,
1237 2193 1336 2223 illanc
1357 2203 1459 2224 amare
1481 2198 1513 2224 et
1534 2195 1609 2226 velle
1632 2198 1663 2225 te

919 2246 1061 2267 uaeorem:
1083 2246 1145 2266 esee
1160 2237 1237 2266 hane
1254 2237 1443 2275 Clitiphonis.
1475 2235 1512 2266 Β.

964 2279 1015 2310 26.
1038 2280 1155 2310 Bonam
1169 2283 1258 2319 alque
1270 2277 1407 2319 justam]
1425 2278 1593 2318 Εἰρωνικῶς
1613 2278 1661 2311 le-

920 2322 1071 2364 gendum.
1102 2322 1139 2353 C.

964 2365 1016 2398 27.
1039 2364 1179 2406 Scilicet]
1201 2365 1282 2396 Haec
1303 2364 1460 2407 particula
1482 2364 1535 2396 hic
1555 2364 1663 2407 indig-

920 2414 1038 2440 nanter
1058 2407 1136 2450 poni
1158 2414 1274 2450 potest,
1296 2414 1334 2439 ut
1355 2407 1384 2439 si
1407 2408 1480 2450 quis
1502 2407 1597 2447 dicat,
1620 2410 1665 2440 Et

920 2453 989 2493 quie
1003 2456 1050 2483 est
1064 2453 1167 2493 quide
1180 2462 1226 2483 me
1240 2453 1317 2483 male
1339 2452 1419 2493 loqui
1437 2454 1559 2492 pouit?
1594 2454 1662 2484 Sci-

921 2497 993 2526 licet
1012 2494 1066 2526 hic
1087 2494 1220 2536 ponitur
1233 2494 1365 2532 ironice,
1381 2494 1471 2536 quasi
1493 2494 1578 2536 quod
1599 2494 1665 2528 diei

922 2538 1013 2576 solet,
1038 2539 1122 2569 Deus
1148 2540 1236 2569 sciat.
1280 2537 1327 2568 Ut
1349 2537 1444 2569 alibi:
1474 2539 1515 2569 Id

922 2586 1021 2619 curat,
1047 2580 1179 2612 scilicet.
1227 2581 1273 2612 Et
1297 2580 1389 2622 Virg.
1417 2580 1492 2612 AEn.
1519 2580 1563 2613 iv.
1590 2581 1664 2615 379.

924 2624 1055 2656 Scilicet
1076 2626 1103 2655 is
1124 2626 1241 2664 superis
1262 2625 1347 2655 labor
1359 2628 1414 2655 est.
1458 2625 1500 2655 Ue
1520 2626 1596 2656 colet
1614 2635 1663 2657 se-

923 2679 990 2699 nem
1000 2666 1147 2708 vostrum]
1161 2666 1309 2698 Dicimus
1322 2666 1420 2704 enim,
1431 2669 1493 2698 celo
1514 2669 1573 2699 tibi
1585 2669 1665 2700 hane

922 2722 994 2748 rem,
1010 2717 1044 2742 et
1057 2712 1119 2741 celo
1134 2715 1163 2741 te
1184 2712 1221 2741 de
1243 2712 1300 2740 hac
1320 2721 1362 2741 re.
1402 2709 1664 2752 Intelligendum,

923 2756 999 2786 celet
1010 2763 1120 2785 senem
1132 2753 1173 2784 de
1188 2752 1359 2784 Bacchide.
1385 2753 1467 2785 C.-
1473 2755 1515 2786 Ut
1525 2756 1602 2786 celet
1614 2763 1663 2786 se-

923 2808 990 2828 nem
1010 2795 1157 2836 vostrum]
1175 2795 1333 2828 Nesciens
1353 2796 1539 2829 adolescens
1559 2796 1664 2838 (exci-

926 2840 975 2871 dit
999 2850 1054 2870 cur
1082 2838 1135 2878 Z.)
1162 2839 1222 2870 hoc
1250 2838 1420 2871 consilium
1445 2839 1570 2881 adiecit.
1619 2841 1665 2872 Et

926 2881 1067 2923 (adiecit,
1090 2883 1168 2913 dicit
1191 2881 1246 2922 Z.)
1273 2881 1407 2915 fortasse
1428 2883 1490 2916 hoc
1511 2883 1601 2922 velis,
1626 2891 1665 2916 ut

926 2926 1009 2957 celet
1038 2930 1162 2967 patrem
1191 2924 1387 2974 Clitiphonis
1414 2932 1526 2959 noster
1553 2937 1665 2967 senex,

926 2968 1011 3010 quod
1024 2967 1126 3010 ipsius
1141 2968 1244 3001 amica
1258 2975 1301 3001 sit
1311 2969 1474 3003 meretrix.
1506 2970 1544 3002 E.

1103 3020 1124 3043 τ
1140 3018 1154 3043 t
