1852 3216
201 112 298 152 xxvi
720 101 1200 152 DAN.H131NSIUS

206 197 328 262 eujus
338 206 466 238 tamen
484 210 618 238 vernn
634 197 773 238 melius
790 197 839 238 de
858 197 999 238 Plauto
1012 197 1256 251 judicabant,
1275 210 1391 250 quam
1409 196 1478 250 qui
1496 209 1598 237 nunc
1618 196 1731 236 fami-

206 252 328 293 liam
316 265 356 292 ιιι
376 252 515 292 litteris
534 253 634 292 tueri
651 252 723 292 hac
741 261 857 292 aetate
874 252 1109 292 creduntur·
1133 253 1200 304 qui
1218 265 1291 291 nec
1310 250 1442 297 seculi,
1462 265 1541 303 quo
1559 251 1671 297 vixit,
1690 258 1732 290 et

209 320 303 359 quo,
332 320 420 346 curn
447 307 589 359 poesis,
617 315 696 346 tam
725 305 863 346 Latina
888 306 1032 358 lingua,
1061 305 1111 345 ad
1138 319 1360 359 supremum
1386 305 1538 344 culmen
1557 318 1602 344 ac
1622 305 1731 344 fasti-

211 361 318 413 gium
345 371 480 400 evecta
507 361 591 406 suit,
621 361 797 412 ignorare
824 360 952 412 potuit
972 360 1187 412 3ιιάἰοίιιιιις
1219 360 1277 399 vir
1306 369 1448 405 tantus,
1476 369 1515 398 et
1542 359 1647 411 quod
1675 358 1731 397 rei

209 424 328 468 caput
363 415 542 460 arbitror,
578 415 832 467 principibus,
872 414 937 465 qui
984 414 1082 453 inter
1118 427 1160 452 se
1197 414 1371 465 quotidie
1408 413 1457 452 de
1492 413 1539 452 iis
1579 413 1733 465 judica—

211 470 319 515 bant,
347 469 480 508 intime
508 468 704 507 familiaris
732 482 776 507 ac
803 468 962 507 amicus.
1018 468 1197 519 Augusto
1224 477 1365 513 autem,
1385 467 1533 519 optimo
1561 467 1733 518 ingenio-

210 536 297 562 rum
319 522 443 576 judici
471 532 550 561 tarn
577 531 711 574 gratus
738 531 854 573 atque
882 532 1076 583 acceptus,
1106 530 1149 560 ut
1176 535 1252 559 non
1279 535 1367 560 raro
1385 521 1646 573 lepidissimus
1664 521 1735 559 ho-

211 577 368 617 muncio
397 578 446 616 ab
477 590 526 616 eo
555 576 762 621 diceretur,
792 585 833 614 et
862 589 991 627 quem,
1021 576 1052 613 si
1086 576 1306 626 antiquitati
1334 575 1511 614 habenda
1536 575 1598 614 hic
1624 574 1734 620 fides,

213 631 328 671 etiarn
360 632 502 670 habere
530 632 579 669 ab
611 629 783 682 epistolis
814 629 977 681 optavit.
1033 629 1115 672 Qui
1148 642 1236 668 cum
1269 638 1406 668 contra
1437 629 1534 668 tanti
1562 603 1735 667 Terentii

214 685 351 725 fecerit
368 684 540 729 fabellas,
560 694 604 723 ut
622 693 660 723 et
680 685 847 735 integras
864 697 914 722 ex
937 683 982 721 iis
1008 684 1125 732 ῥήσεις
1146 679 1406 734 descripserit,
1435 692 1475 722 et
1501 683 1645 734 ubique
1670 696 1736 721 ac-

215 739 446 783 commodet,
466 738 537 777 soli
562 738 728 789 denique
753 747 875 775 artem
905 737 1074 782 tribuat3
1105 737 1269 775 hominis
1287 739 1455 776 αυθόδους
1471 737 1602 788 potius
1620 749 1738 787 quam

216 793 358 832 eruditi
391 802 506 837 esset,
532 792 585 830 ita
614 791 818 830 dissentire
850 805 873 829 a
904 799 1011 829 tanto
1043 791 1138 835 viro,
1173 799 1217 828 ut
1246 803 1293 829 ne
1322 803 1477 830 causam
1505 790 1612 842 prius
1645 803 1739 842 cog-

215 846 449 886 noscendam
468 845 655 885 crederet.
711 846 845 889 Quare
865 844 1064 883 videamus
1083 844 1231 889 saltem,
1251 843 1346 896 quid
1371 844 1501 883 afferri
1528 857 1599 896 pro
1629 854 1739 883 utro-

217 914 293 963 que
312 901 447 952 possit.
498 900 558 938 Ne
578 899 639 938 vel
661 898 786 938 Flacci
799 898 1022 950 judicium
1012 912 1049 936 ιιι
1068 907 1280 960 posterum,
1295 907 1339 937 ut
1355 898 1491 943 solent,
1507 907 1574 937 aut
1591 897 1739 937 Teren-

217 955 314 994 tium
343 967 477 994 secure
504 954 663 992 nimium
691 953 872 992 damnare
892 952 1049 1003 quidam
1077 962 1240 1004 pergant
1271 952 1309 990 in
1338 952 1542 991 comoedia.
1598 950 1742 991 Omnia

218 1018 349 1047 autem
367 1022 440 1061 pro
460 1007 613 1046 Horatii
627 1007 789 1059 judicio,
810 1007 877 1058 qui
898 1006 1079 1045 Plautum
1098 1007 1153 1045 sic
1173 1019 1359 1052 amamus,
1379 1015 1424 1045 ut
1441 1019 1462 1044 e
1483 1006 1658 1045 manibus
1678 1019 1740 1045 ra-

218 1062 370 1101 rissime
397 1071 577 1115 putemus
604 1061 889 1114 deponendum,
914 1060 1090 1099 dicentur
1119 1061 1248 1112 potius
1266 1074 1381 1122 quam
1409 1070 1556 1099 nostro.
1613 1060 1672 1099 Ac
1691 1060 1742 1099 de

218 1117 390 1155 numeris
408 1115 563 1168 quidem
586 1115 768 1155 nonnulla
798 1115 1002 1153 Donatus.
1032 1128 1109 1166 qua
1127 1115 1242 1153 etiam
1271 1115 1309 1153 in
1337 1123 1446 1166 parte
1474 1114 1577 1153 haud
1604 1127 1742 1166 parurn

218 1170 416 1209 veteribus
443 1168 635 1209 nonnullis
662 1169 807 1222 placuit
835 1168 1056 1207 Terentius.
1122 1168 1264 1207 Rufino
1292 1168 1449 1220 quidem
1477 1169 1741 1220 grammatico,

221 1238 309 1264 cum
328 1224 475 1276 inquit·
466 1253 474 1263 .

496 1275 657 1322 Agnovit
673 1281 839 1317 metrum,
858 1280 975 1310 servat
1000 1287 1045 1311 ue
1061 1274 1250 1311 Terentius
1266 1280 1399 1311 artem:

498 1322 593 1359 Nam
608 1323 777 1369 prologos
793 1323 954 1358 trimetro
996 1322 1094 1358 idicit
1111 1333 1324 1369 componere
1341 1334 1460 1365 versu,

498 1369 761 1417 Scenarumque
776 1375 877 1406 actus
894 1370 1028 1416 primos
1045 1369 1134 1416 pede
1150 1369 1283 1405 claudit
1299 1369 1437 1406 eodem.

220 1429 467 1481 Quamquam
493 1438 599 1468 certe
628 1428 782 1475 Fabius,
802 1442 878 1468 non
905 1429 1059 1468 stetisse
1088 1430 1188 1468 intra
1216 1429 1409 1468 trimetros
1436 1427 1625 1480 deplorat.
1683 1427 1746 1467 De

220 1498 298 1536 quo
327 1484 427 1523 forte
461 1483 554 1523 alias
586 1483 727 1523 dicturi
762 1497 910 1522 sumus.
979 1483 1044 1522 Ad
1076 1482 1240 1522 alterum
1271 1484 1497 1534 priusquam
1531 1483 1744 1528 veniamus,

220 1538 400 1590 quaedam
429 1537 700 1590 praemittenda
732 1547 859 1576 erunt.
916 1535 1016 1576 Cum
1049 1537 1198 1576 eaedem
1228 1537 1431 1575 comoediae
1464 1536 1746 1588 propemodum

221 1601 312 1631 sunt
338 1601 469 1644 partes
496 1604 541 1630 ac
570 1591 785 1653 tragoediae,
816 1591 903 1629 finis
930 1604 1085 1652 quoque
1113 1604 1164 1629 ex
1193 1600 1300 1643 parte
1330 1591 1445 1634 idem.
1474 1604 1525 1629 ex
1553 1600 1663 1642 parte
1684 1590 1745 1629 di-

221 1659 371 1691 versus,
389 1645 511 1685 multa
529 1659 613 1684 esse
634 1646 787 1696 utrique
806 1646 1024 1684 communia
1052 1658 1208 1684 necesse
1228 1654 1300 1683 est.
1356 1644 1562 1683 Delectare
1580 1645 1683 1683 enim
1702 1658 1747 1684 ac

221 1699 362 1739 docere
380 1709 440 1739 est
458 1699 685 1739 comoediae:
717 1713 840 1751 neque
859 1700 985 1738 minus
1005 1700 1141 1739 comici
1162 1702 1362 1738 διδασκαλω
1378 1708 1418 1737 et
1431 1702 1747 1750 κωμφδιδασκαλοι,

222 1767 338 1806 quam
367 1754 513 1805 tragici,
533 1767 557 1792 a
575 1753 727 1793 Graecis
745 1753 938 1792 dicuntur.
997 1753 1080 1792 Nec
1109 1767 1266 1792 movere
1285 1754 1405 1791 risum
1433 1766 1525 1792 sane
1544 1753 1748 1792 constituit

224 1808 468 1852 comoediam,
488 1807 558 1846 sed
585 1807 708 1859 plebis
727 1808 936 1859 aucupium
963 1816 1023 1846 est
1049 1815 1089 1846 et
1115 1808 1272 1846 abusus.
1330 1806 1431 1846 Nam
1459 1805 1677 1852 ridiculum,
1706 1815 1751 1846 ut

224 1871 330 1901 recte
348 1861 590 1907 Aristoteles,
610 1861 735 1900 vitium
752 1868 806 1900 est
824 1868 859 1899 et
875 1860 1052 1912 fredicus,
1070 1860 1207 1899 doloris
1234 1874 1395 1912 expers,-
1425 1874 1512 1914 quae
1534 1866 1683 1913 partem
1710 1861 1751 1899 in

225 1915 367 1955 homine
384 1915 547 1968 aliquam
566 1915 769 1968 corrumpit
786 1915 924 1968 absque
942 1915 1080 1954 morbo.
1136 1915 1245 1954 Sicut
1262 1914 1369 1954 sceda
1386 1924 1426 1954 et
1445 1915 1599 1954 detorta
1618 1915 1749 1960 facies,

226 1969 259 2009 si
275 1969 381 2009 nullo
395 1983 483 2009 cum
499 1969 632 2008 dolore
647 1969 721 2008 hoc
740 1968 819 2015 fiat,
839 1969 960 2008 risum
979 1977 1121 2008 movet.
1172 1968 1286 2008 Unde
1302 1969 1429 2021 ipsum
1444 1982 1599 2021 quoque
1614 1969 1748 2015 risum,

227 2037 360 2063 omnes
395 2023 475 2062 fere
513 2023 768 2075 antiquissimi
805 2023 1024 2075 philosophi
1062 2023 1260 2075 indignum
1297 2024 1470 2075 sapiente
1509 2022 1748 2073 judicarunt.

229 2077 342 2117 Adeo
362 2086 404 2116 ut
424 2076 547 2123 Plato,
568 2087 750 2129 tanquam
769 2077 1011 2130 sacrilegum,
1033 2077 1234 2116 traducere
1253 2091 1329 2117 non
1346 2077 1498 2117 dubitet
1517 2076 1748 2123 Homerum,

230 2132 295 2183 qui
329 2131 498 2171 ridentes
530 2131 747 2170 introduxit
778 2131 872 2170 deos
888 2146 896 2170 :
940 2131 1046 2183 quod
1075 2132 1112 2170 in
1144 2131 1298 2170 homine
1327 2145 1403 2171 non
1433 2135 1493 2179 τῆς
1519 2135 1602 2169 κατὰ
1629 2135 1748 2182 λόγου,

228 2199 363 2224 verum
382 2190 440 2234 τῆς
458 2188 528 2224 κατ’
548 2187 721 2234 αἴσθησιν,
743 2185 1070 2237 quemadmodum
1088 2185 1308 2238 philosophi
1327 2185 1549 2238 loquuntur,
1565 2188 1749 2225 διαθέσεως

231 2239 280 2278 sit
300 2240 476 2291 signum3
506 2253 529 2278 a
548 2253 624 2291 qua
651 2239 766 2291 longe
785 2241 895 2279 abest
923 2239 1048 2279 deus:
1077 2242 1198 2288 αὐτὴῆ
1226 2243 1327 2279 οὐσία
1353 2244 1474 2291 λόγου,
1502 2243 1554 2278 καὶ
1574 2243 1748 2279 aurumve.

231 2292 347 2333 Unde
366 2293 554 2346 Thespis:

492 2349 597 2398 Ὀρᾷς
614 2350 667 2386 ὅτι
686 2351 767 2388 Ζιὺς
782 2351 868 2400 τῷδε
886 2349 1049 2398 πρωτεύει
1067 2351 1164 2394 θεῶν,

498 2405 547 2440 Οὐ
564 2405 707 2451 ψεῦδος,
725 2405 803 2441 obba·
822 2406 964 2451 κόμπον,
984 2405 1025 2441 οὗ
1041 2407 1155 2453 μωρὸν
1171 2406 1287 2454 γέλων

496 2457 642 2502 Ἀσκῶν,
661 2459 701 2495 τὸ
719 2458 749 2494 δ’
766 2458 827 2504 ἡδὺ
845 2461 968 2505 μοῦνος
985 2459 1046 2495 οὐκ
1064 2460 1256 2497 ‘'vrb-mm·

234 2518 367 2563 Quare
385 2519 570 2559 divinitus
590 2521 638 2559 ab
661 2520 869 2560 Aristotele
889 2520 1035 2560 dictum
1055 2530 1126 2568 est,
1155 2530 1304 2573 partem
1323 2519 1574 2573 turpitudinis
1593 2533 1691 2566 esse,
1712 2519 1752 2559 id

233 2573 338 2625 quod
356 2583 416 2612 est
434 2573 650 2613 ridiculum.
708 2573 864 2613 Diserte
883 2575 986 2613 enim
1005 2575 1071 2621 ait,
1091 2577 1145 2614 ὅτι
1161 2580 1201 2615 τὸ
1217 2580 1366 2626 γελοῖον,
1389 2579 1509 2625 μόριον
1524 2579 1586 2613 τοῦ
1604 2578 1753 2625 αἰσχροῦ

233 2629 340 2666 ἐστιν.
398 2627 458 2667 Ita
476 2642 565 2679 quae
593 2627 655 2666 vel
683 2627 722 2666 in
749 2629 877 2667 verbis
896 2637 1097 2668 auctorum
1118 2629 1182 2669 vel
1210 2629 1400 2676 sensibus,
1420 2627 1520 2667 vel
1510 2642 1549 2667 ιιι
1575 2642 1753 2667 sermone

232 2680 431 2720 hominum
459 2691 498 2720 et
526 2682 649 2727 sactis,
678 2690 745 2721 aut
773 2682 927 2722 detorta
952 2692 1044 2722 sunt
1068 2692 1135 2722 aut
1161 2683 1385 2736 depravata,
1404 2683 1551 2722 animos
1580 2682 1753 2735 plebeios

234 2734 479 2774 vehementer
498 2745 666 2781 movent,
685 2744 725 2775 et
742 2736 845 2775 hoc
836 2750 921 2788 ipso
940 2737 1059 2776 risum
1078 2746 1120 2776 ut
1141 2737 1348 2790 plurimum
1367 2737 1583 2776 excutiunt.
1639 2735 1754 2775 Ideo-

235 2802 312 2840 que
340 2788 522 2827 inusitata
549 2789 653 2829 dicta
677 2799 717 2829 et
735 2791 931 2835 obscoens,
955 2791 1191 2842 optimorum
1215 2790 1490 2836 cavillationes,
1514 2789 1754 2853 singulorum

235 2842 497 2888 contumelias,
526 2844 734 2882 sententias
762 2857 977 2896 perversas,
1008 2844 1172 2897 ideoque
1210 2845 1508 2907 inexspectata,
1536 2843 1686 2895 altaque
1715 2843 1756 2882 id

234 2908 356 2949 genus
374 2871 517 2948 (qualis
536 2897 698 2935 imitatio
716 2897 909 2937 dictorum
923 2897 985 2937 vel
1004 2898 1208 2946 factorum,
1222 2909 1263 2938 et
1280 2898 1454 2952 inprimis
1471 2897 1756 2951 improborum)

234 2950 353 2991 risum
381 2950 549 2991 maxime
577 2951 615 2991 iu
633 2951 836 3001 comoedis,
855 2964 972 3004 quam
990 2960 1164 2994 veterem
1190 2952 1385 3002 dicebaut,
1401 2952 1641 3006 expressisse
1661 2965 1755 2992 cou-
