1852 3216
96 173 236 202 scENA
260 161 339 215 vn]

707 158 1014 202 ANDRIA.

1574 167 1624 207 61

116 255 134 283 3
153 248 273 291 DAv.
298 247 465 290 Praeter
484 261 604 302 spem
625 247 791 289 evenit:
824 249 985 291 sentio:
1018 248 1101 292 hoc
1122 250 1230 292 male
1247 251 1379 293 habet
1400 252 1550 294 virum.

151 313 215 355 St.
238 312 379 354 Potin'
399 327 448 354 es
466 312 570 354 mihi
590 327 739 354 verum
759 313 933 355 dicere?

985 313 1106 355 Dav.
1129 314 1253 356 Nihil
1274 315 1453 358 facilius.

150 377 214 419 Sl.
238 377 357 419 Num
378 376 437 418 illi
457 376 650 419 molestae
672 378 892 433 quippiam
911 377 982 420 hae
1002 387 1104 421 sunt
1123 380 1302 435 nuptiae,

150 441 339 497 Propter
358 442 541 497 hujusce
562 442 751 498 hospitae
770 444 1157 486 consuetudinem?

150 505 271 548 DAv.
295 506 419 548 Nihil
438 506 609 549 hercle:
642 515 731 558 aut,
754 508 789 549 si
810 508 936 558 adeo,
958 509 1081 551 bidui
1101 516 1182 560 est,
1203 517 1277 552 aut
1298 510 1430 551 tridui

96 579 134 609 ιο
151 570 262 613 Haec
283 570 551 613 sollicitudo:
584 573 720 613 nosti:
753 572 911 614 deinde
932 573 1116 615 desinet.

151 635 327 677 Etenim
347 637 468 691 ipsus
491 651 636 690 secum
656 651 751 678 eam
771 651 862 678 rem
881 639 1098 693 reputavit
1117 638 1199 679 via.

149 699 213 741 St.
236 700 406 742 Laudo.
459 700 579 742 DAv.
603 701 722 743 Dum
743 701 905 744 licitum
924 709 994 744 est
1011 703 1066 752 ei,
1089 702 1278 757 dumque
1299 710 1405 745 aetas
1426 701 1539 753 tulit,

147 763 344 806 Amavit:
377 772 468 807 tum
488 766 533 807 id
553 765 686 808 clam:
718 767 848 817 cavit,
870 781 925 809 ne
947 781 1139 821 unquam
1159 766 1345 809 infamiae

147 828 217 869 Ea
236 843 305 870 res
328 830 409 870 sibi
429 836 561 880 esset,
582 837 630 871 ut
651 831 787 872 virum
808 831 964 873 fortem
984 831 1134 873 decet:

93 899 131 929 15
148 892 279 935 Nunc
300 908 436 935 uxore
457 908 567 949 opus
588 902 679 936 est:
711 895 899 937 animum
917 895 975 937 ad
995 910 1175 937 uxorem
1195 895 1375 951 appulit.

149 956 213 999 Si.
237 957 467 999 Subtristis
488 959 605 1000 visus
626 966 694 1001 est
714 974 811 1002 esse
832 959 1145 1015 aliquantulum
1164 961 1283 1002 mihi.

89 1090 164 1125 dem,
187 1098 288 1119 senex
309 1088 460 1130 explicat,
484 1098 558 1119 eum
581 1088 635 1127 ait,
653 1090 770 1120 Nihil?
793 1089 837 1120 Et
880 1099 952 1130 quae
967 1089 1159 1131 compendio
1170 1088 1306 1121 facimus
1321 1089 1446 1130 (malim
1462 1094 1631 1131 compendi-

90 1136 140 1161 est
169 1131 364 1170 εὖφημισμὸς
393 1131 609 1172 antiquorum,
646 1142 706 1173 pro
744 1132 835 1163 nihil.
870 1131 1034 1172 facimus),
1050 1133 1172 1163 Nostin’
1189 1132 1336 1164 dicimus.
1373 1133 1633 1166 D.—Bentleius

90 1174 182 1204 Nihil
193 1173 334 1214 prorsus]
361 1173 400 1205 Id
415 1180 474 1210 est,
488 1184 594 1215 neque
608 1184 751 1216 prorsus.
775 1176 836 1206 Νι·-

89 1218 134 1246 lu'l
143 1227 270 1255 prorsus
283 1216 413 1254 dicitur,
428 1216 464 1248 in
479 1227 544 1257 quo
562 1217 653 1248 nulla
668 1223 717 1248 est
734 1217 836 1249 ambi-

89 1258 215 1299 guitas3
239 1265 273 1290 et
287 1265 337 1290 est
350 1259 554 1290 confirmatio
565 1260 724 1301 negantis.
740 1262 839 1300 Atqui

89 1303 297 1341 exspectabam
307 1301 445 1343 quiden]
468 1304 688 1342 Exspeelamus
702 1309 768 1334 tam
779 1303 836 1334 bo-

90 1354 142 1381 na,
169 1354 264 1384 quam
291 1344 393 1375 mela:
427 1355 583 1384 speramus
612 1346 706 1376 bona.
752 1345 840 1376 D.—

92 1386 260 1418 Bentleius
280 1396 410 1428 semper
433 1387 500 1418 fere
522 1397 583 1428 pro
606 1390 686 1418 nihil
708 1393 741 1418 et
765 1390 840 1419 mihi

91 1428 194 1459 edidit
228 1431 283 1466 nil,
319 1431 370 1460 mi.
431 1429 539 1460 Semel
581 1429 746 1461 monuisse
789 1436 840 1461 sat

93 1471 164 1502 erit.
191 1471 227 1502 Ζ.

134 1515 163 1544 5.
187 1515 308 1545 Praeter
320 1525 400 1554 spem
415 1513 530 1554 evenit]
548 1513 676 1552 Praeter,
685 1524 745 1555 pro
759 1525 837 1545 con-

90 1562 159 1586 tra:
183 1562 229 1593 ut,
246 1558 366 1587 Praeter
391 1561 512 1587 atatem
539 1562 631 1587 tuam.
670 1558 739 1587 Hoc
761 1559 839 1588 male

89 1600 179 1628 habet
193 1598 307 1639 ω’νωκ]
334 1597 504 1638 Ripa-mx&
516 1601 614 1630 virum
633 1598 718 1630 dixit
733 1599 838 1630 defes-

89 1650 160 1671 sum
176 1650 305 1676 senem3
327 1641 425 1672 modo
438 1641 526 1672 enim
541 1643 639 1672 virum
649 1641 839 1682 joculariter

89 1683 182 1714 dixit.
224 1682 346 1724 Virum]
378 1683 430 1714 Ad
460 1684 733 1725 vituperationem
762 1695 838 1716 cum

89 1725 211 1756 ironia:
235 1726 276 1757 ad
288 1725 417 1757 laudem
430 1736 506 1758 vero
521 1726 592 1758 sine
606 1726 721 1758 ironia.
751 1727 794 1758 D.

133 1768 163 1799 6.
186 1770 288 1799 Potin’
305 1779 337 1800 ee
356 1768 475 1809 verum]
509 1769 687 1810 Integrum,
710 1772 838 1809 petisne,

90 1810 123 1841 id
139 1817 198 1848 est,
215 1817 317 1852 potes.
342 1811 389 1842 Ut
403 1811 517 1852 Virgil.
529 1811 605 1842 AEn.
619 1811 664 1842 iii.
682 1812 754 1845 671.
772 1814 839 1844 Nee

85 1856 168 1893 potis
192 1855 292 1885 Ionios
311 1855 427 1893 fluctu
450 1865 572 1895 aquare
597 1857 754 1894 sequendo.
793 1855 839 1886 Et

90 1896 182 1927 deest
206 1896 255 1927 illi
278 1907 318 1928 ee.
355 1896 417 1927 Est
432 1896 520 1927 enim
540 1906 659 1927 nomen
681 1899 782 1936 potis.-
805 1903 839 1928 et

89 1938 176 1976 facit,
187 1941 280 1979 potis,
298 1941 408 1979 potior,
427 1941 611 1978 potissimus.
647 1939 837 1971 D.--Potin’

89 1992 122 2012 es
132 1983 206 2012 mihi
218 1993 318 2012 verum
330 1983 431 2013 dicere
438 1981 472 2022 ?]
487 1981 685 2013 Menander:
703 1981 753 2013 ἀεί
764 1994 837 2022 κρα-

90 2023 201 2056 τιστόν
216 2025 286 2056 ἐστι
296 2025 327 2055 τ’
345 2024 448 2061 ἀληθῆ
464 2023 583 2063 λέγειν.
613 2025 837 2056 L—Concin-

89 2066 202 2098 nitatis
229 2066 334 2108 gratia
358 2073 434 2098 ante
465 2069 545 2098 nihil
573 2077 658 2108 pone
685 2070 765 2107 ego?
802 2074 839 2099 ut

91 2109 175 2141 Eun.
191 2109 213 2140 i.
231 2111 261 2140 2.
278 2111 329 2140 21.
366 2110 404 2140 Β.

133 2152 163 2185 7.
187 2153 271 2183 Num
295 2154 343 2183 illi
372 2154 503 2184 molesta
528 2152 701 2193 quippiam]
740 2152 836 2193 Quip-

86 2197 180 2234 pian,
200 2194 472 2236 significationem
491 2195 635 2226 minimae
658 2195 706 2226 rei
731 2195 837 2227 habet.

91 2237 257 2268 D.—-Cod.
274 2247 359 2269 unus
374 2248 392 2268 e
410 2237 523 2279 Regiis
542 2238 640 2269 habet
662 2240 734 2269 haec.
771 2239 837 2269 Ve-

91 2285 176 2311 tnste
192 2286 225 2311 et
239 2290 325 2311 vere.
359 2280 397 2311 B.

133 2323 163 2353 8.
187 2324 318 2362 Propter
343 2325 468 2363 hospitae
491 2323 616 2364 hujusce
645 2325 837 2354 eonsuetudi-

90 2365 174 2406 παπ]
214 2365 296 2397 Haec
333 2365 442 2396 omnia
477 2365 724 2407 pronominibus
757 2367 840 2397 bene

90 2407 215 2439 mollita
228 2414 321 2439 sunt:
346 2408 467 2439 etenim
485 2408 606 2440 atrocia
621 2415 707 2445 sunt,
722 2408 751 2439 si
765 2419 840 2440 cum

90 2450 159 2481 suis
173 2450 359 2482 nominibus
369 2450 456 2482 nuda
468 2457 640 2492 ponantur.
666 2451 709 2481 Et
718 2451 842 2492 hujusce

92 2494 227 2532 hospite,
240 2503 306 2524 non
321 2493 519 2525 meretricis:
544 2499 577 2524 et
588 2495 840 2531 consuetudinem,

92 2545 158 2566 non
180 2545 322 2567 amorem
345 2535 446 2572 dixin
470 2536 518 2567 ita
539 2535 649 2567 omnia
673 2542 838 2574 extenuat,

92 2583 130 2608 ut
143 2578 257 2609 Davus
270 2578 387 2610 audeat
400 2578 558 2610 confiteri.
592 2578 753 2610 D.—Etsi
769 2589 838 2610 om-

94 2629 152 2651 nes
167 2620 257 2650 codd.
275 2630 355 2661 quos
369 2620 451 2653 vidit
467 2621 622 2659 Faernus,
644 2621 766 2652 habent
785 2631 838 2653 or-

94 2662 205 2693 dinem
236 2663 368 2700 Donati,
398 2663 514 2695 melior
539 2670 650 2695 tamen
676 2670 727 2695 est
749 2664 839 2701 ordo,

95 2706 225 2745 Propter
247 2707 372 2745 hoaepitae
395 2705 527 2746 hujusce.
564 2706 728 2738 Ceterum
754 2706 839 2738 anti—

93 2747 189 2788 quius
203 2753 254 2778 est
268 2749 409 2788 hoepntai'.
448 2748 487 2779 B.

138 2791 168 2821 9.
192 2792 267 2828 Aac,
294 2792 323 2821 n·
348 2792 432 2828 adeo,
460 2792 545 2823 maai
570 2795 616 2822 est
641 2796 697 2822 mu
723 2790 840 2833 triani]

97 2832 197 2869 Bene,
213 2838 268 2864 aut
282 2835 310 2864 ει·
324 2834 418 2864 adeo.-
440 2842 482 2864 ne
499 2832 528 2864 si
549 2833 683 2865 omnino
696 2841 840 2875 negaret,

96 2885 150 2906 m
163 2877 262 2916 igilur
276 2877 375 2906 tri-rtis
390 2881 436 2907 est
450 2877 502 2907 ille
512 2878 529 2906 P
550 2875 682 2908 diceret.
721 2877 764 2908 D.

142 2918 189 2948 10.
214 2917 408 2958 Sollicitudo]
447 2917 585 2959 Propter
614 2918 840 2951 turbationem.

99 2960 261 3001 Nostis-¹2]
297 2961 336 2992 In
360 2960 630 3002 significationem
655 2961 840 2999 multorum,

881 1181 955 1216 post
969 1177 1049 1206 noeti
1071 1175 1182 1216 posuit
1204 1174 1334 1216 signum
1357 1175 1632 1217 interrogationis,

881 1217 967 1258 quod
983 1227 1048 1248 non
1062 1224 1111 1249 est
1126 1228 1218 1259 opus·
1258 1218 1295 1249 Z.

927 1261 976 1291 ll.
999 1262 1098 1292 Recta
1120 1263 1272 1300 reputavit
1294 1259 1361 1301 via]
1385 1262 1561 1301 Reputam't,
1579 1272 1631 1293 re-

881 1303 1049 1333 tractavit:
1073 1303 1149 1344 quia
1161 1308 1283 1342 putare,
1298 1313 1439 1344 purgare
1454 1311 1521 1340 est:
1546 1305 1633 1336 unde

883 1351 917 1376 et
934 1347 1065 1382 arbores,
1082 1351 1116 1376 et
1136 1348 1212 1376 vites
1231 1351 1343 1385 putare
1366 1345 1513 1378 dicimus.
1556 1346 1631 1388 Via]

883 1387 1038 1425 Consilio,
1061 1387 1195 1419 ratione.
1236 1388 1403 1419 D.—Eam
1422 1399 1484 1419 rem
1506 1395 1631 1429 reputa-

882 1429 944 1470 vit]
969 1430 1009 1460 V.
1026 1430 1063 1461 C.
1086 1441 1152 1461 eam
1171 1441 1270 1461 secum
1284 1433 1349 1470 ipse
1364 1441 1426 1461 rem
1441 1436 1526 1462 reeta
1540 1443 1631 1472 repu-

884 1475 963 1503 tavit
984 1475 1043 1503 via.
1082 1472 1221 1503 L.--Sic
1245 1483 1375 1504 versum
1395 1473 1476 1514 leg-it
1500 1473 1535 1504 in
1560 1475 1631 1506 cod.

883 1514 1043 1546 Vaticano
1064 1515 1220 1552 Faernus,
1243 1515 1295 1546 cui
1319 1516 1481 1547 consentit
1504 1526 1588 1548 unus
1614 1527 1633 1548 e

882 1557 1002 1588 nostris
1025 1557 1272 1588 vetustissimus.
1319 1558 1384 1588 Sed
1407 1568 1466 1589 nos
1486 1558 1633 1591 delemus

880 1610 979 1630 seeum
991 1606 1144 1640 tanquam
1159 1599 1312 1637 alienum,
1325 1606 1359 1631 et
1372 1606 1448 1641 post
1461 1612 1523 1632 rem
1536 1611 1631 1642 repo-

881 1641 990 1673 nimus
1004 1648 1098 1680 recta,
1115 1642 1202 1682 quod
1217 1642 1363 1673 Faernus
1377 1642 1460 1674 vidit
1481 1643 1516 1674 in
1538 1644 1630 1675 codd.

882 1690 915 1715 et
937 1685 1138 1716 consuetudo
1161 1685 1308 1716 Terentii
1330 1691 1363 1716 et
1386 1685 1493 1717 Plauti
1517 1693 1631 1727 postu-

880 1727 935 1758 lat.
975 1727 1013 1758 B.

927 1771 976 1800 12.
1000 1769 1126 1811 Laudo]
1151 1770 1260 1801 Senex
1277 1770 1452 1808 inducitur,
1470 1777 1504 1802 et
1517 1771 1631 1803 eredit.

881 1813 964 1843 Dum
979 1814 1096 1850 lit-,itum
1110 1812 1175 1853 eet]
1199 1813 1312 1850 Deest,
1332 1825 1390 1853 per
1412 1819 1441 1844 te
1454 1826 1465 1844 .-
1488 1814 1550 1845 hoc
1572 1821 1632 1852 est,

881 1854 959 1885 dum
986 1860 1023 1885 tu
1051 1855 1239 1895 permisisti.
1278 1856 1324 1886 Et
1346 1856 1428 1886 mire
1449 1856 1502 1887 hic
1530 1857 1634 1888 utitur

883 1896 989 1928 verbis
1004 1897 1100 1928 senis.
1132 1898 1209 1938 Ipse
1225 1897 1312 1928 enim
1328 1908 1427 1940 supra
1441 1898 1534 1936 dixit,
1550 1901 1633 1930 Dum

883 1945 998 1979 tempus
1020 1941 1063 1970 ad
1084 1951 1149 1979 eum
1171 1951 1235 1971 rem
1258 1942 1340 1978 tulit,
1363 1943 1434 1978 sini,
1450 1944 1583 1973 animum
1598 1947 1633 1973 ut

882 1984 1015 2022 expleret
1037 1993 1132 2013 suum.
1170 1984 1252 2013 Dum
1273 1984 1389 2014 licitum
1409 1989 1455 2015 est
1475 1984 1542 2026 illi]
1578 1984 1632 2016 Sic

882 2031 1010 2055 veteres
1029 2031 1063 2055 et
1083 2026 1240 2064 placitum,
1256 2033 1289 2056 et
1304 2028 1447 2066 puditum
1462 2026 1630 2058 dicebant:

882 2077 954 2107 quae
970 2077 1038 2104 nos,
1050 2070 1177 2107 placuit,
1189 2070 1310 2108 puduit.
1334 2070 1474 2110 Dumque
1489 2075 1566 2101 σίας
1581 2075 1630 2101 tu-

882 2109 937 2150 lit]
971 2110 1060 2141 Dum
1086 2116 1172 2141 esset
1194 2117 1273 2142 aetas
1299 2111 1473 2143 immatura
1497 2112 1632 2153 nuptiis.

885 2154 981 2190 Tulit,
998 2153 1063 2184 duo
1085 2153 1264 2194 significat:
1288 2153 1407 2190 attulit,
1423 2161 1457 2186 et
1478 2154 1630 2191 abstulit3

882 2205 998 2236 passus
1028 2202 1087 2233 est,
1118 2201 1152 2227 et
1180 2195 1325 2237 pertulit.
1372 2196 1633 2229 D.—Bentleius'

882 2238 978 2268 metri
994 2248 1090 2269 causa
1105 2238 1236 2279 scripsit
1250 2240 1300 2269 eii.
1334 2238 1371 2269 Z.

928 2281 977 2311 13.
1005 2282 1080 2311 Tum
1094 2282 1130 2311 id
1143 2280 1237 2321 clam]
1256 2281 1346 2312 Bene
1358 2283 1445 2319 clam,
1455 2281 1531 2322 quia
1545 2292 1632 2314 nime

882 2322 1006 2363 liquido
1027 2329 1173 2364 apparet,
1198 2323 1405 2364 Pamphilum
1432 2324 1633 2357 voluntatem

883 2365 1150 2407 propositumque
1166 2373 1316 2397 mutasse.
1343 2368 1441 2403 Cavit,
1450 2377 1487 2397 ne
1502 2378 1634 2408 unqua-r

883 2407 1018 2448 infamiae
1030 2419 1067 2439 ea
1077 2419 1126 2439 res
1136 2408 1302 2449 sibimet]
1327 2408 1414 2440 Mire
1428 2409 1532 2440 utitur
1545 2410 1634 2442 senis

883 2451 1001 2482 verbis.
1027 2450 1103 2492 Ipse
1116 2450 1204 2482 enim
1219 2451 1356 2488 dixerat,
1371 2453 1453 2482 Dum
1469 2455 1635 2492 tempus&

884 2504 950 2524 eam
979 2504 1042 2524 rem
1069 2496 1149 2531 tulit,
1174 2496 1245 2531 cini,
1276 2496 1407 2524 animum
1437 2499 1472 2525 ut
1499 2495 1634 2534 expleret

882 2547 977 2567 suum.
1002 2535 1128 2576 (Verba
1137 2537 1219 2567 Mire
1231 2538 1331 2567 utitur
1344 2539 1434 2574 renis,
1443 2542 1500 2568 ete.
1516 2536 1633 2569 inscite

884 2588 926 2609 ex
941 2588 1037 2609 versu
1055 2580 1104 2609 12.
1120 2578 1174 2609 hic
1189 2584 1266 2609 sunt
1279 2578 1446 2620 repetita.)
1478 2579 1520 2611 D.

930 2622 979 2652 15.
1004 2623 1097 2652 Nune
1111 2632 1202 2651 uxore
1216 2632 1290 2660 opus
1304 2620 1366 2662 est]
1389 2621 1492 2657 Quasi
1506 2622 1632 2653 demm-

883 2663 981 2695 ciatio
996 2670 1046 2695 est
1063 2663 1210 2704 quaedam
1225 2663 1427 2695 necessitatis
1441 2664 1513 2696 seni
1526 2664 1571 2696 im

883 2706 964 2738 sitae.
988 2708 1131 2737 Animum
1145 2707 1189 2736 ad
1197 2716 1318 2737 uxorem
1330 2706 1469 2748 appulit]
1490 2707 1536 2738 Et
1548 2707 1633 2739 bene

883 2751 1013 2789 appulit,
1032 2748 1124 2788 quasi
1148 2749 1189 2779 ab
1208 2747 1384 2788 jactatione
1407 2748 1574 2787 fluctuum,
1599 2756 1633 2781 et

883 2791 1002 2823 marini
1024 2798 1139 2826 aestus3
1162 2790 1222 2821 has
1244 2791 1332 2822 enim
1347 2795 1556 2833 tempestates
1572 2792 1631 2823 ha-

884 2834 940 2865 bet
954 2843 1053 2865 amor.
1078 2833 1123 2864 Et
1134 2832 1180 2864 sic
1195 2832 1290 2870 dixit,
1299 2834 1354 2865 Aa
1365 2845 1486 2866 uxorem
1501 2837 1633 2866 aninum

885 2878 1015 2917 appulit,
1037 2881 1074 2906 ut
1097 2885 1205 2917 supra,
1220 2877 1364 2908 Anium
1382 2879 1426 2908 ad
1443 2879 1633 2909 scribendum

885 2931 904 2950 α
968 2921 1013 2949 lit.
1047 2918 1089 2950 D.

902 2930 980 2992 Ἢ.
1005 2962 1168 2992 Subtristis
1189 2963 1271 2993 visus
1293 2961 1356 3003 en]
1387 2964 1458 3001 Sub,
1472 2968 1631 3004 tempera-
