1910 3216
397 85 583 121 INDEX
614 86 941 122 VERBORUM
978 86 1047 123 ET
1082 86 1409 124 PHRASIUM.

57 167 172 199 ducam
186 167 228 199 ad
240 166 407 199 Thaidem.
426 166 511 198 Eun.
528 166 562 198 ii.
580 168 610 204 3,
644 171 742 198 mater
756 166 876 198 mortui
899 173 1016 199 essent.
1048 167 1134 199 Eun.
1157 167 1203 199 iii.

59 210 108 243 73.

646 210 745 246 3,λ2.
783 211 897 247 Mater,
914 212 1006 250 cujus
1021 211 1081 242 sub
1099 210 1203 252 impe—

1752 93 1797 127 63

1280 169 1489 210 mediocriler]
1508 170 1636 202 Horum
1649 170 1703 202 ille
1716 171 1799 203 nihil

1239 211 1368 253 egregie
1378 218 1498 253 praeter
1509 219 1626 245 caetera
1638 214 1798 251 studebat,

100 251 224 293 nando]
243 252 335 284 Bona
347 258 457 283 nostra
470 252 538 283 haec
554 250 612 283 tihi
628 259 630 269 ¹
645 252 747 289 rio’st,
774 252 867 284 mala.
905 253 1024 284 Heaut.
1052 253 1087 284 ii.
1116 254 1145 290 2,
1173 255 1203 284 4.
1239 261 1272 286 et
1281 261 1389 286 tamen
1399 255 1509 286 omnia
1519 256 1587 286 haec
1598 258 1797 288 mediocriter.

647 296 767 326 Matres
782 305 895 327 omnes
914 295 990 327 filiis
1012 295 1048 327 in
1070 302 1204 338 peccato
1240 297 1325 328 And.
1342 296 1364 328 i.
1383 298 1410 334 1,
1429 298 1479 328 82.
1512 299 1711 330 Mediocriter
1725 310 1797 331 ves-

56 295 219 336 permitto,
250 302 284 326 et
307 302 370 326 tuae
392 297 500 326 mando
524 294 610 326 fidei.

56 337 143 368 And.
158 338 178 368 i.
193 339 223 375 5,
240 338 292 369 61.
328 337 440 368 Satine
453 337 514 368 hoc
526 349 610 368 man·

56 382 205 411 datum'st
235 380 319 412 tibi?
360 380 445 411 Eun.
470 379 503 411 ii.
530 381 557 417 l,
582 381 610 410 2.

58 423 147 454 Huic
171 425 300 459 mandet,
323 423 430 463 siquid
453 429 540 454 recte
555 433 611 453 cu-

55 472 162 497 ratum
180 466 268 497 velis.
293 465 433 506 Adelph.
450 465 496 496 iii.
509 467 543 502 ·3.
562 466 610 496 18.

99 507 203 548 mane]
226 509 412 548 Numquam
437 514 503 539 tam
526 519 612 539 mane

56 551 213 591 egredior.
240 551 360 582 Heaut.
377 550 398 581 i.
419 552 446 587 1,
471 552 519 582 15.
565 550 612 582 Te

56 593 198 624 demiror
230 600 295 624 tam
325 604 422 631 mane,
453 593 506 634 qui
541 593 612 624 heri

56 643 183 667 tantum
204 636 332 667 biberis.
362 636 484 667 Heaut.
509 635 554 667 iii.
582 638 611 673 2,

58 680 87 709 8.
126 679 206 710 Cras
223 690 317 710 mane.
343 679 439 710 Phor.
457 678 502 709 iii.
517 680 546 715 2,
559 679 610 710 46.

99 721 219 762 maneo]
235 722 278 752 Ut
291 733 424 752 maneam
437 721 526 753 solus
538 732 612 752 cum

56 764 134 795 sola.
159 764 243 795 Eun.
268 763 314 795 iii.
341 766 370 802 5,
397 765 447 795 31.
494 766 612 795 Mane.-

56 807 116 838 hoc
132 807 218 848 quod
234 807 330 848 coepi,
353 807 494 848 primum
518 817 610 838 enar-

55 860 134 880 rem.
161 850 280 880 Heaut.
305 850 338 880 ii.
362 851 393 886 3,
418 851 469 880 32.
508 851 611 886 Mane,

55 903 151 923 mane.
178 892 298 923 Heaut.
314 892 359 923 iii.
378 893 408 929 3,
425 893 476 923 52.
516 892 562 922 Ut
576 898 613 923 ut

56 941 134 971 erat,
158 946 293 965 mansum
321 942 427 965 tamen
458 935 611 976 oportuit.

58 977 178 1008 Heaut.
190 978 210 1008 i.
224 979 253 1014 2,
267 978 317 1008 26.
342 977 499 1012 Quamvis
514 977 612 1008 etiam

56 1031 159 1051 maneo
175 1020 298 1051 otiosus
319 1020 381 1051 hic.
415 1020 554 1061 Adelph.
577 1019 611 1050 ii.

56 1064 86 1099 4,
105 1064 153 1093 15.
177 1065 305 1094 Manere
316 1062 518 1094 adfinitatem
530 1062 612 1093 hanc

55 1105 141 1136 inter
157 1116 216 1136 nos
229 1105 310 1136 volo.
337 1105 419 1136 Hec.
436 1105 479 1136 iv.
495 1106 526 1141 4,
541 1106 611 1135 101.

56 1191 85 1222 E
98 1147 286 1223 man-ipussusg
301 1149 480 1188 Manipulus
495 1147 612 1179 furum.

88 1201 142 1222 un.
159 1202 201 1222 iv.
240 1214 248 1228 ,
287 1214 295 1221 .

98 1233 229 1274 mansio]
265 1233 389 1264 ltiones
422 1234 544 1264 crebrae
581 1239 613 1264 et

55 1279 223 1307 mansiones
250 1276 394 1307 diutiuae.
428 1276 558 1307 Phorm.
582 1286 611 1307 v.

58 1321 91 1358 s,
109 1321 159 1349 23.

97 1360 287 1402 mansuetus]
320 1363 477 1393 Mansueti
512 1360 611 1392 animi

56 1404 170 1435 officia.
195 1404 281 1435 And.
298 1404 318 1435 i.
340 1405 367 1441 l,
381 1405 433 1437 87.

97 1447 221 1488 manus]
234 1449 390 1483 Manibus,
403 1446 539 1488 pedibus
551 1447 610 1478 ob-

55 1490 133 1521 nixe
153 1490 263 1520 omnia
284 1490 454 1520 facturum.
479 1489 565 1520 And.
590 1489 610 1519 i.

59 1534 86 1569 1,
104 1534 174 1563 134.
205 1533 302 1563 Hanc
312 1532 357 1563 mi
371 1532 404 1563 in
415 1543 535 1563 manum
547 1531 611 1562 dat.

55 1576 142 1606 And.
159 1575 182 1606 i.
200 1577 230 1612 5,
247 1576 298 1606 61.
333 1574 453 1606 Conari
464 1577 611 1611 manibus,

55 1619 201 1659 pedibus.
219 1619 304 1649 And.
315 1617 356 1648 iv.
373 1619 399 1654 l,
412 1619 463 1648 52.
488 1619 614 1648 Manum

55 1662 91 1692 in
121 1661 228 1692 sinum
262 1660 425 1691 meretrici
458 1660 611 1691 inserere.

56 1704 122 1739 Qui
128 1714 192 1734 non
200 1703 362 1734 abstineas
368 1714 496 1733 manum.
507 1703 612 1734 Heau.

56 1746 102 1777 iii.
129 1748 158 1783 3,
187 1748 206 1776 2
231 1753 264 1777 et
287 1747 317 1776 4.
367 1746 419 1776 Tu
447 1745 505 1776 tibi
536 1745 614 1776 istas

55 1789 190 1830 posthac
240 1788 446 1830 comprimito
498 1799 611 1819 manus.

58 1833 179 1863 Heaut.
196 1831 242 1862 iii.
260 1833 289 1868 3,
308 1832 358 1862 29.
398 1831 469 1872 Ego
489 1830 614 1862 liberali

56 1875 144 1906 illam
157 1874 271 1905 adsero
286 1884 383 1905 causa
395 1885 494 1904 manu.
519 1873 614 1904 Adel.

56 1918 89 1948 ii.
113 1919 140 1954 1,
165 1919 217 1948 40.
258 1917 400 1948 Puerum
424 1916 520 1947 modo
541 1923 612 1947 tan-

57 1960 163 1991 tillum
179 1960 214 1991 in
230 1962 369 1990 manibus
384 1959 507 2000 gestavi
522 1958 612 1990 meis.

57 2002 248 2034 Continebit
269 2002 415 2043 posthac,
441 2001 470 2032 si
499 2001 614 2043 sapiet,

56 2057 172 2076 manus.
206 2045 266 2076 Est
279 2045 319 2075 ad
331 2045 414 2075 hanc
426 2055 547 2075 manum
561 2054 611 2075 sa-

56 2088 184 2120 cellum.
210 2087 349 2129 Adelph.
372 2087 415 2118 iv.
440 2088 469 2124 2,
495 2088 546 2123 24,
573 2087 614 2117 26

57 2137 91 2162 et
118 2131 169 2163 37.
222 2130 310 2161 Huic
330 2129 453 2170 aliquid
479 2129 612 2171 paulum

56 2184 125 2215 prae
140 2184 231 2204 manu
253 2173 391 2204 dederis.
416 2172 557 2213 Adelph.
582 2182 612 2203 v.

58 2218 89 2253 9,
104 2218 155 2247 23.
193 2215 268 2247 Tibi
285 2215 318 2246 id
330 2215 364 2246 in
388 2226 479 2246 manu
494 2221 552 2252 est,
572 2224 614 2246 ne

58 2260 124 2290 fiat.
151 2259 232 2289 Hec.
250 2258 296 2289 iii.
314 2259 343 2295 5,
361 2259 412 2288 43.
459 2258 546 2293 Quid
565 2257 615 2289 vis

57 2302 126 2333 dari
138 2301 197 2333 tibi
210 2301 243 2332 in
256 2312 376 2332 manum
385 2303 402 2331 Ρ
425 2300 555 2332 Phorm.
570 2300 612 2331 iv.

58 2347 88 2382 3,
107 2345 157 2376 29.
190 2344 320 2375 Emissa
334 2350 384 2375 est
392 2354 493 2375 πιωιιι.
518 2343 613 2374 Phor.

58 2398 87 2419 v.
106 2389 136 2424 5,
153 2388 182 2418 2.

101 2428 201 2470 mare]
226 2430 332 2465 Quam
358 2428 455 2470 longe
479 2438 499 2459 a
525 2430 614 2459 mari.

59 2473 146 2504 Eun.
168 2472 214 2503 iii.
240 2474 270 2508 3,
296 2473 346 2502 13.
393 2472 423 2503 O
446 2471 571 2508 caelum,
596 2481 616 2502 ο

59 2522 155 2552 terra,
165 2517 293 2546 omaria
302 2513 459 2555 Neptuni.
474 2514 614 2555 Adelph.

59 2570 88 2589 v.
107 2560 137 2595 3,
153 2559 183 2588 4.
224 2557 410 2597 Numquam
433 2567 468 2588 es
489 2556 614 2598 ingres-

58 2611 114 2632 sus
129 2611 222 2631 mare.
246 2600 330 2630 Hec.
347 2599 394 2630 iii.
408 2600 439 2636 4,
456 2600 487 2630 5.

103 2641 249 2683 maritus]
265 2642 378 2673 Novus
390 2644 519 2673 maritus
530 2651 617 2672 anno

59 2687 189 2717 demum
217 2684 332 2725 quinto
355 2690 388 2715 et
414 2694 449 2716 se
551 2684 617 2715 imo

60 2730 158 2760 fiam?
184 2727 323 2768 Adelph.
340 2737 370 2758 v.
387 2728 418 2764 8,
437 2727 487 2758 15.

103 2769 264 2811 mastigia]
278 2770 309 2801 N
313 2779 355 2800 on
369 2779 501 2800 manum
516 2767 616 2800 absti-

58 2824 128 2850 nes,
143 2815 313 2854 mastigia?
336 2811 475 2853 Adelph.
493 2821 522 2842 v.
539 2812 569 2847 2,
586 2811 618 2842 6.

102 2854 216 2896 mater]
227 2855 336 2886 Samia
346 2854 427 2885 mihi
438 2859 536 2885 mater
545 2853 616 2885 fuit.

60 2899 144 2930 Eun.
162 2899 182 2929 i.
199 2900 230 2935 2,
242 2897 293 2930 27.
324 2899 441 2928 Matris
455 2906 573 2928 nomen
586 2902 620 2927 et

647 337 830 378 adjutrices.
871 338 992 369 Heaut.
1027 349 1055 369 v.
1089 340 1118 375 2,
1151 340 1203 369 38.

649 380 750 421 Virgo
764 387 815 412 est
828 391 903 412 cum
926 386 1032 412 matre.
1063 381 1203 422 Adelph.

647 423 689 454 iv.
706 424 736 460 5,
757 424 805 454 16.

691 464 940 507 materfamiliae]
980 466 1142 498 Meretrix
1172 473 1205 498 et

648 507 882 548 materfamilias
915 519 980 539 una
1013 509 1047 540 in
1081 509 1202 540 domo?

649 551 788 593 Adelph.
805 551 847 582 iv.
867 552 895 587 7,
913 552 965 582 29.

691 593 861 634 maternus]
883 594 1117 632 Misericordia,
1134 594 1203 625 ani-

649 646 720 667 mus
732 642 894 668 maternus.
915 637 1034 668 Heaut.
1048 637 1091 668 iv.
1111 638 1138 675 1,
1152 639 1203 668 24.

691 679 928 720 matrimonium]
944 679 978 710 Si
994 686 1079 711 essct
1095 687 1206 711 nostro

648 732 689 752 ex
706 732 765 753 usu
781 722 842 753 hoc
865 725 1095 754 matrimonium.
1122 723 1203 754 Hec.

648 764 690 795 iv.
711 766 739 801 l,
756 765 807 795 33.

691 806 844 847 matrona]
877 809 1051 838 Matronam
1082 807 1203 838 nullam

648 849 682 880 in
697 850 829 880 aedibus.
854 850 939 880 And.
957 849 989 880 ii.
1005 851 1034 887 2,
1048 850 1099 882 27.
1139 850 1202 880 Βο-

649 902 706 923 nas
715 898 868 923 matronas
880 892 995 923 facere.
1013 893 1099 923 Eun.
1119 893 1203 923 Prol.

692 976 827 1018 mature]
842 976 922 1008 Fiet.
935 977 1000 1008 Pu.
1016 978 1062 1008 At
1077 982 1203 1009 mature.

650 1020 734 1051 Eun.
750 1019 784 1050 ii.
804 1021 832 1056 l,
856 1021 886 1050 2.
926 1021 1054 1051 Mature
1073 1027 1110 1051 ut
1131 1031 1205 1050 cum

648 1062 805 1103 cognorit,
817 1069 977 1104 perpetuo
986 1062 1100 1094 oderit.
1120 1063 1203 1094 Eun.

651 1116 678 1136 v.
696 1106 726 1143 6,
744 1106 792 1136 11.

691 1147 828 1188 maturo]
869 1147 1011 1189 Nuptias
1047 1154 1204 1189 quantum

649 1201 763 1231 queam
778 1197 815 1222 ut
829 1196 985 1222 maturem.
1010 1191 1094 1222 And.
1110 1191 1157 1222 iii.
1174 1192 1203 1228 3,

648 1235 700 1264 45.
756 1233 796 1264 Id
833 1240 870 1264 ut
905 1239 1059 1265 maturent
1088 1233 1202 1265 facere.

652 1276 772 1307 Heaut.
788 1276 835 1307 iii.
855 1277 883 1313 1,
901 1278 952 1309 87.

691 1318 820 1359 mavolo]
833 1319 957 1350 Omnes
966 1318 1028 1350 sibi
1042 1329 1112 1350 esse
1121 1319 1204 1349 bene

648 1363 781 1398 mavelle,
797 1372 894 1402 quam
906 1361 1008 1392 alteri.
1029 1361 1115 1392 And.
1127 1361 1159 1392 ii.
1174 1363 1204 1398 5,

652 1405 700 1435 16.
725 1404 799 1435 vide
816 1405 930 1435 Notas.
953 1403 1111 1439 Quamvis
1128 1414 1203 1435 cau·

648 1457 716 1478 sam
736 1447 823 1477 hunc
845 1447 1012 1488 suspicari,
1035 1457 1130 1486 quam
1153 1446 1204 1488 ip-

648 1499 716 1520 sam
733 1500 853 1527 veram,
868 1492 990 1521 mavolo.
1016 1489 1097 1520 Hec.
1114 1489 1157 1520 iv.
1177 1491 1204 1527 1,

691 1574 844 1615 maxume]
864 1575 961 1606 Nunc
977 1585 1051 1606 cum
1071 1585 1205 1606 maxume

648 1618 705 1648 abs
722 1624 753 1648 te
768 1617 897 1658 postulo
913 1624 1009 1658 atque
1027 1627 1093 1648 oro.
1118 1617 1202 1648 And.

651 1671 678 1691 v.
698 1662 724 1697 1,
741 1662 771 1691 4.
795 1660 870 1691 vide
886 1661 998 1691 Notas.
1031 1659 1156 1695 Quibus
1172 1660 1206 1691 id

648 1713 783 1734 maxume
800 1703 931 1734 utile’st.
954 1703 1041 1734 And.
1059 1713 1087 1733 v.
1108 1704 1135 1740 1,
1155 1703 1203 1733 16.

650 1745 685 1776 Si
712 1756 772 1786 ego
797 1745 894 1787 digna
920 1746 980 1776 hac
1009 1745 1205 1776 contumelia

649 1798 721 1820 sum
745 1799 892 1820 maxume.
925 1788 1010 1818 Eun.
1035 1798 1065 1819 v.
1094 1789 1124 1825 2,
1152 1788 1203 1821 27.

648 1831 753 1866 Quam
779 1842 917 1862 maxume
941 1830 1063 1862 servire
1089 1831 1205 1862 vostris

649 1873 834 1904 commodis.
883 1874 1004 1904 Heaut.
1038 1873 1121 1904 Prol.
1152 1874 1202 1904 50.

650 1916 750 1956 Cujus
761 1927 829 1947 mos
838 1917 1017 1947 maa-ume‘st
1027 1915 1205 1947 consimilis

651 1965 803 1989 vostrum.
829 1958 949 1989 Heaut.
964 1958 997 1989 ii.
1012 1959 1043 1995 4,
1063 1959 1111 1989 13.
1155 1959 1202 1989 A·

649 2002 766 2037 mahat,
781 2007 816 2032 ut
826 2011 900 2032 cum
916 2012 1062 2032 mame.
1087 2001 1169 2032 Hec.
1182 2000 1202 2032 i.

650 2045 679 2081 2,
701 2045 753 2074 40.
800 2044 849 2074 Ea
872 2054 925 2075 res
947 2043 1049 2074 multo
1069 2055 1206 2075 maxum

648 2086 807 2127 disjunxit
822 2086 914 2117 illum
930 2087 971 2117 ab
986 2086 1051 2117 illa.
1076 2086 1159 2117 Hec.
1182 2086 1203 2117 i.

650 2131 679 2166 2,
697 2131 748 2160 85.
787 2130 870 2160 Cum
886 2129 1037 2160 secundae
1054 2139 1107 2160 res
1129 2135 1206 2160 sunt

647 2183 794 2209 maxume,
808 2178 876 2203 tum
899 2183 1035 2203 maxume
1057 2171 1207 2203 meditari

648 2225 758 2246 secum
770 2220 907 2297 opofftlelt.
925 2215 1055 2288 Phor-ml.
1066 2214 1100 2245 ii.
1114 2215 1142 2251 1,
1156 2215 1204 2245 ll.

691 2269 824 2288 maxumi
891 2268 937 2288 aec
953 2264 985 2288 te
1000 2267 1036 2288 so
1050 2267 1104 2288 um
1120 2267 1204 2288 sem-

648 2310 708 2342 per
722 2300 799 2332 fecit
812 2302 954 2331 maxumi.
979 2300 1064 2331 And.
1075 2300 1096 2331 i.
1109 2301 1139 2337 5,
1153 2301 1204 2331 58.

651 2343 772 2374 Merito
788 2349 820 2374 te
835 2353 963 2385 semper
979 2345 1113 2374 maxumi
1134 2342 1205 2374 feci.

649 2386 736 2418 And.
750 2385 797 2416 iii.
814 2386 844 2422 3,
861 2387 914 2416 42.

697 2427 860 2469 mecastor]
912 2428 1007 2459 Salve
1051 2433 1206 2466 mecastor,

651 2472 823 2503 Parmeno.
849 2471 930 2502 Hec.
946 2471 968 2501 i.
984 2472 1014 2508 2,
1031 2472 1062 2501 8.

693 2513 827 2554 medeor]
870 2513 1085 2555 Cupiditates,
1127 2523 1207 2554 quas

650 2556 748 2598 paulo
763 2558 876 2588 mederi
890 2557 1005 2598 possis.
1029 2556 1159 2587 Phorm.
1175 2566 1205 2587 v.

651 2601 682 2637 4,
700 2600 730 2630 3.

693 2640 841 2682 medicor]
857 2642 966 2672 Gnato
984 2647 1020 2673 ut
1039 2643 1208 2673 medicarer

652 2690 717 2716 tuo.
742 2684 829 2715 And.
847 2694 876 2715 v.
897 2685 924 2721 l,
943 2685 992 2715 12.
1031 2684 1114 2715 Cum
1130 2694 1206 2723 ego-

652 2733 718 2758 met
734 2726 855 2768 possim
871 2726 905 2757 in
921 2727 981 2757 hac
1003 2736 1039 2758 re
1062 2728 1209 2758 medicari

651 2769 742 2800 mihi.
766 2769 852 2800 And.
870 2779 899 2800 v.
915 2770 947 2806 4,
963 2770 1015 2800 41.

690 2810 840 2852 medicus]
851 2811 989 2843 Nemon’
999 2813 1144 2843 medicum
1151 2811 1208 2842 ad-

652 2854 768 2886 duxit?
795 2854 877 2885 Hec.
894 2853 940 2885 iii.
958 2855 989 2892 l,
1001 2855 1053 2885 43.

695 2896 871 2938 mediocris]
889 2897 965 2928 Non
978 2898 1137 2928 mediocris
1150 2897 1209 2928 ho-

59 2941 163 2983 patris
177 2940 305 2971 dicebat
319 2939 400 2981 ipsa.
433 2939 517 2970 Eun.
541 2938 563 2970 i.
587 2940 617 2976 2,
652 2939 752 2970 minis
763 2939 832 2971 haec
844 2945 921 2971 aunt
931 2939 1045 2971 officia.
1071 2939 1209 2982 Adelph.

62 2985 114 3015 31.
151 2984 257 3019 Quam
272 2982 399 3024 pridem
415 2981 460 3013 mi
475 2987 569 3023 pater
586 2987 619 3013 et
634 2987 637 2991 '
656 2992 684 3014 v.
702 2983 731 3020 9,
749 2983 778 3013 9.

1239 339 1331 371 titam
1348 347 1439 372 veste
1453 340 1602 382 lugubri.
1619 341 1739 373 Heaut.
1763 341 1797 373 ii.

1240 383 1270 420 3,
1287 383 1339 413 45.

1282 424 1427 466 meditor]
1440 425 1541 457 Venit
1554 428 1720 458 meditatus
1735 426 1796 458 ali-

1239 468 1345 499 cunde
1360 478 1402 499 ex
1417 468 1487 499 solo
1509 468 1590 500 loco.
1614 469 1699 500 And.
1716 469 1750 500 ii.
1766 471 1798 506 4,

1240 511 1269 540 3.
1309 511 1448 542 Causam
1470 513 1623 543 meditari.
1655 512 1796 553 Adelph.

1240 552 1272 584 ii.
1287 554 1314 590 1,
1324 554 1376 584 41.
1408 555 1544 585 Meditor
1557 565 1628 585 esse
1640 554 1797 586 adfabilis.

1241 595 1381 637 Adelph.
1398 606 1428 627 v.
1447 597 1477 634 6,
1503 598 1532 628 8.
1571 598 1724 628 Meditari
1745 608 1796 628 se-

1240 649 1313 669 cum
1351 645 1487 680 oportet.
1526 641 1683 671 Meditata
1717 640 1798 671 mihi

1240 687 1316 712 sunt
1343 681 1452 712 omnia
1481 692 1554 713 mea
1583 682 1796 714 incommoda.

1242 724 1371 755 Phorm.
1388 724 1421 755 ii.
1442 725 1469 761 1,
1490 725 1529 755 12
1546 731 1579 756 et
1596 726 1646 756 18.

1283 766 1415 807 medius]
1454 768 1592 799 Mediam
1627 767 1798 799 mulierem

1239 809 1474 851 complectitur.
1509 810 1595 841 And.
1621 810 1642 841 i.
1670 811 1698 847 1,
1726 811 1797 842 106.

1244 852 1282 882 In
1318 854 1447 883 mediam
1476 852 1562 883 viam
1599 852 1798 894 provolvam.

1242 894 1326 925 And.
1344 895 1387 925 iv.
1403 896 1434 932 4,
1451 895 1503 928 37.
1540 895 1579 926 In
1595 897 1724 927 mediam
1735 895 1799 926 huc

1240 947 1357 978 agmen
1372 947 1446 968 eum
1459 937 1552 968 vecti.
1573 938 1658 969 Eun.
1670 938 1713 970 iv.
1726 938 1755 976 7,
1766 939 1797 969 4.

1242 979 1418 1011 Sublimem
1446 982 1576 1011 medium
1610 980 1798 1022 arriperem.

1243 1022 1380 1063 Adelph.
1397 1022 1442 1052 iii.
1460 1024 1490 1059 2,
1513 1024 1562 1054 18.
1607 1023 1717 1054 Mater
1731 1023 1797 1054 vir-

1240 1064 1326 1105 ginis
1337 1065 1371 1096 in
1383 1067 1530 1096 medio'st.
1549 1065 1688 1107 Adelph.
1702 1065 1749 1096 iii.
1763 1067 1795 1104 4,

1242 1109 1292 1138 33.
1330 1108 1358 1138 Ε
1374 1110 1472 1138 medio
1488 1118 1613 1148 aequom
1636 1108 1798 1139 excedere

1241 1156 1299 1181 est.
1326 1150 1409 1181 Hec.
1426 1151 1467 1181 iv.
1487 1152 1516 1188 3,
1543 1151 1591 1181 14.
1639 1151 1679 1182 In
1701 1152 1799 1182 medio

1240 1193 1389 1224 omnibus
1404 1192 1545 1234 palmam
1561 1203 1632 1224 esse
1646 1193 1797 1235 positam.

1242 1235 1370 1266 Phorm.
1389 1236 1474 1266 Prol.
1495 1236 1543 1267 16.
1577 1236 1605 1266 E
1620 1238 1717 1268 medio
1738 1246 1796 1267 ex-

1239 1278 1345 1309 cessit.
1383 1278 1515 1309 Phorm.
1545 1289 1575 1309 v.
1609 1279 1638 1316 7,
1667 1278 1718 1311 74.

1239 1322 1335 1351 medio
1349 1321 1438 1351 abiit.
1463 1321 1593 1352 Phorm.
1611 1331 1640 1352 v.
1658 1323 1688 1359 8,
1704 1322 1756 1352 30.

1283 1362 1444 1403 mehercle]
1484 1363 1566 1394 Haec
1596 1364 1694 1395 verba
1731 1373 1798 1395 una

1240 1408 1383 1437 mehercle
1399 1405 1479 1436 falsa
1492 1406 1660 1437 lacrimula
1677 1406 1795 1437 restin-

1239 1455 1326 1489 guet.
1351 1449 1435 1479 Eun.
1461 1448 1482 1479 i.
1513 1449 1541 1486 1,
1567 1450 1617 1479 22.
1657 1448 1796 1480 Pulchre

1240 1493 1384 1522 mehercle
1409 1491 1532 1522 dictum
1559 1501 1596 1523 ac
1620 1491 1794 1534 sapienter.

1241 1534 1326 1565 Eun.
1342 1533 1389 1564 iii.
1409 1535 1436 1570 1,
1454 1534 1506 1564 26.

1283 1575 1404 1617 melior]
1435 1578 1549 1608 Melius
1578 1581 1648 1607 tute
1677 1576 1795 1618 reperi.

1240 1619 1325 1650 And.
1339 1619 1381 1650 iv.
1402 1620 1429 1656 l,
1443 1619 1494 1650 56.
1530 1619 1716 1660 Numquam
1730 1619 1796 1651 vidi

1240 1664 1346 1693 melius
1366 1661 1537 1693 consilium
1555 1661 1634 1693 dari.
1659 1662 1744 1693 Eun.
1761 1661 1795 1693 ii.

1240 1706 1270 1742 3,
1296 1706 1347 1736 85.
1400 1705 1492 1735 Idem
1518 1705 1581 1736 hoc
1607 1710 1664 1736 aut
1689 1707 1797 1736 melin:

1768 1279 1797 1309 E

1241 1753 1308 1778 tute
1321 1747 1511 1779 invenisses.
1535 1747 1621 1778 Eun.
1637 1747 1682 1778 iii.
1702 1749 1730 1785 1,
1744 1748 1795 1778 63.

1240 1789 1313 1820 vide
1337 1790 1451 1821 Notas.
1497 1790 1623 1830 Agrum
1646 1791 1798 1822 meliorent

1240 1843 1335 1863 nemo
1354 1832 1460 1863 habet.
1496 1832 1618 1863 Heaut.
1642 1832 1665 1863 i.
1692 1833 1720 1870 1,
1744 1833 1794 1864 12.

1243 1876 1366 1912 Melius,
1381 1875 1484 1916 pejus,
1500 1875 1614 1916 prosit,
1630 1875 1724 1912 obsit,
1747 1875 1796 1906 nil

1240 1917 1360 1948 vident.
1380 1917 1500 1948 Heaut.
1513 1917 1556 1948 iv.
1572 1918 1600 1955 1,
1613 1918 1665 1948 30.
1689 1918 1796 1949 Tanto

1240 1960 1347 1991 hercle
1363 1962 1476 1991 melior.
1502 1959 1622 1991 Heaut.
1639 1959 1686 1991 iii.
1700 1962 1730 1998 2,
1743 1961 1795 1992 38.

1241 2003 1388 2033 Mentem
1406 2002 1496 2033 vobis
1517 2004 1676 2034 meliorem.
1700 2003 1795 2035 Adel.

1239 2045 1285 2076 iii.
1300 2046 1329 2082 3,
1341 2046 1392 2078 78.
1428 2045 1481 2076 Da
1491 2044 1597 2076 locum
1610 2047 1795 2077 melioribus.

1241 2088 1372 2119 Phorm.
1396 2087 1443 2119 iii.
1469 2089 1499 2125 2,
1524 2088 1576 2120 37.
1621 2088 1667 2119 Di
1690 2090 1798 2120 melius

1239 2130 1342 2162 duint.
1367 2130 1497 2161 Phorm.
1512 2140 1542 2162 v.
1559 2131 1589 2167 8,
1609 2130 1658 2161 16.

1282 2174 1400 2210 melius,
1407 2172 1534 2204 adverb.
1541 2172 1556 2214 ]
1565 2172 1797 2215 Accipithomo

1240 2226 1336 2247 nemo
1370 2218 1476 2246 melius
1508 2225 1657 2257 prorsum
1691 2226 1797 2258 neque

1239 2258 1395 2300 prolixus.
1419 2258 1503 2289 Eun.
1521 2268 1550 2289 v.
1574 2260 1604 2296 8,
1627 2259 1679 2290 52.
1724 2259 1798 2291 Ali·

1239 2311 1302 2332 ena
1317 2307 1354 2332 ut
1366 2303 1473 2332 melius
1485 2300 1618 2332 videant
1630 2307 1665 2333 et
1677 2301 1796 2342 dijudi-

1239 2350 1324 2381 cent,
1340 2354 1436 2384 quam
1452 2354 1519 2375 sua.
1553 2344 1674 2376 Heaut.
1695 2344 1742 2376 iii.
1768 2346 1796 2382 1,

1241 2387 1292 2418 95.
1330 2388 1419 2418 Ante
1434 2386 1513 2418 aedis
1527 2396 1593 2417 non
1609 2386 1723 2419 fecisse
1735 2387 1800 2419 erit

1240 2431 1346 2460 melius
1366 2429 1419 2460 hic
1440 2428 1632 2460 convicium.
1656 2429 1797 2472 Adelph.

1241 2472 1273 2502 ii.
1294 2473 1322 2507 1,
1335 2472 1386 2502 26.
1422 2472 1522 2510 Cedo,
1531 2478 1570 2503 ut
1579 2474 1687 2504 neu-s
1697 2472 1797 2505 diens.

1242 2514 1380 2556 Adelph.
1403 2513 1450 2545 iii.
1471 2515 1501 2551 2,
1517 2515 1569 2545 52.
1592 2514 1667 2546 vide
1683 2515 1797 2547 Nota.

1243 2557 1318 2588 Non
1333 2557 1441 2599 potuit
1456 2558 1572 2589 melius.
1597 2557 1737 2600 Adelph.
1752 2557 1797 2590 iv.

1242 2601 1272 2637 2,
1286 2601 1336 2631 29.
1370 2599 1539 2631 Facilitate
1554 2599 1637 2631 nihil
1652 2610 1723 2632 esse
1737 2601 1797 2633 ho-

1242 2642 1323 2673 mini
1344 2644 1460 2679 melius,
1483 2652 1589 2683 neque
1613 2642 1796 2676 clementia.

1243 2684 1382 2726 Adelph.
1399 2695 1429 2716 v.
1446 2686 1477 2723 4,
1494 2684 1524 2717 7.
1563 2685 1672 2717 Multo
1691 2688 1799 2718 nlius

1241 2726 1318 2758 scio.
1345 2727 1426 2759 Hec.
1436 2727 1471 2758 ii.
1487 2728 1515 2765 1,
1530 2728 1582 2759 20.
1612 2728 1698 2760 Tute
1709 2728 1798 2761 idem

1242 2771 1349 2801 nelina
1363 2770 1488 2802 feceris.
1505 2770 1634 2802 Phorm.
1651 2770 1686 2802 ii.
1702 2773 1733 2809 δ,
1744 2772 1795 2805 79.

1285 2811 1494 2854 meliusculae]
1529 2812 1657 2845 Salvan'
1684 2814 1798 2847 Philu-

1243 2865 1340 2886 mena
1347 2856 1420 2887 est?
1438 2855 1529 2887 Pu.
1542 2857 1726 2888 uelim-la
1738 2863 1797 2889 est.

1246 2897 1329 2929 Hec.
1342 2897 1388 2929 iii.
1406 2898 1438 2936 2,
1457 2898 1507 2930 19.

1286 2942 1448 2973 membrum
1480 2942 1620 2973 Membra
1635 2947 1724 2973 metu
1739 2941 1793 2974 de-

1243 2982 1321 3014 bilia
1336 2988 1422 3015 sunt.
1445 3008 1457 3015 .
1476 2983 1585 3026 delph.
1601 2983 1644 3016 iv.
1658 2986 1689 3023 4,
1706 2986 1736 3016 4.
