1852 3216
638 101 720 139 DE
749 99 1101 139 TERENTIO.
1502 104 1634 142 xxxix

106 188 319 239 intelligere
344 186 530 238 paulatim
557 186 720 225 discant.
776 185 900 238 Cujus
919 185 1165 224 incredibiles
1184 176 1350 238 lepores,
1371 196 1415 226 ut
1432 188 1628 240 Josephus

106 242 276 293 Scaliger
297 241 451 279 dicebat
469 241 575 285 olim,
595 241 663 278 vix
682 241 916 279 centesimus
937 240 1180 278 eruditorum
1208 242 1373 292 quisque
1393 241 1512 280 videt.
1571 243 1632 282 Ne

105 310 192 336 cum
222 295 287 333 illo
315 294 429 333 simul
456 304 496 332 et
522 295 742 339 Afranium,
768 296 968 345 antiquum
996 295 1199 340 comicum,
1220 294 1491 341 condemnent,
1521 297 1632 348 cujus

105 350 349 389 verissimum
369 358 484 399 atque
503 348 725 387 absolutum
745 357 854 386 extat
867 348 1059 399 judicium
1077 362 1085 386 :

373 440 378 441 γ
430 411 599 446 Terentio
616 423 689 446 non
707 411 858 446 similem
875 410 971 446 dices
988 411 1202 458 quempiam.

105 472 230 511 Nobis
248 471 390 510 eruditi
410 472 621 523 ignoscent,
638 470 743 521 quod
758 471 842 508 haec
861 470 996 515 fusius,
1014 470 1045 507 si
1061 470 1232 520 cogitent
1247 471 1476 521 praesertim,
1491 485 1632 510 munus

107 527 189 565 veri
210 526 332 564 critici
352 538 437 563 esse
456 539 500 563 ac
521 526 702 569 censoris,
718 538 794 562 non
814 524 1008 562 literulam
1028 524 1167 575 ejicere
1186 524 1290 570 alibi,
1306 534 1373 562 aut
1390 525 1633 564 innocentem

105 580 292 632 syllabam
321 578 514 624 damnare,
536 593 669 617 vocem
691 578 826 616 tollere
854 578 946 616 alibi
975 587 1042 616 aut
1070 578 1286 622 emendare,
1308 578 1376 616 sed
1406 579 1554 618 sincere
1583 580 1632 618 de

104 635 328 673 auctoribus
353 647 398 671 ac
424 635 540 671 rebus
562 633 763 684 judicare:
794 632 898 682 quod
917 641 955 670 et
981 631 1116 670 solidae
1135 641 1175 670 et
1194 632 1385 670 absolutae
1405 633 1632 672 eruditionis

105 698 176 726 est.
240 688 345 731 Quo,
378 687 417 725 ni
450 687 573 731 fallor,
606 700 737 724 omnes
769 686 996 737 aspiramus.
1063 685 1202 736 Neque
1240 685 1319 724 ulla
1355 686 1393 724 in
1426 700 1468 724 re
1506 688 1630 739 magis

104 742 314 793 antiquitas
344 741 500 792 praeivit
527 741 653 778 nobis.
711 740 772 777 De
801 740 1023 778 auctoribus
1048 749 1178 777 autem
1198 740 1368 785 comicis,
1390 750 1477 778 uter
1495 741 1634 780 melius

99 795 276 848 judicare
301 796 495 847 potuerit;
526 795 607 832 isne
633 795 700 845 qui
725 803 842 832 aetate
868 794 932 831 illa
960 794 1070 839 vixit,
1088 808 1165 844 qua
1190 794 1239 832 ad
1263 808 1455 832 summum
1476 795 1630 834 culmen

102 850 231 901 poesis
259 850 446 901 pervenit,
472 849 538 900 qui
558 858 673 899 poeta
692 862 877 892 summus,
899 861 1073 886 summus
1093 848 1260 893 criticus,
1281 848 1520 887 familiariter
1543 863 1633 888 cum

105 903 260 942 Caesare
276 904 456 955 Augusto
475 917 518 940 ac
540 902 758 940 Maecenate
779 902 888 946 vixit,
910 915 1123 952 eorumque
1141 911 1257 951 atque
1277 901 1439 940 aliorum
1455 903 1630 953 quotidie

105 958 154 996 de
174 958 233 996 his
247 957 395 1009 judicia
413 957 585 1003 audivit3
615 969 663 994 an
682 956 749 1006 qui
768 955 883 993 hodie
898 955 1036 993 harum
1054 969 1184 993 rerum
1204 955 1317 1006 plane
1342 956 1511 1007 imperiti
1525 957 1633 1009 judi-

106 1021 217 1057 cant;
249 1012 320 1063 ipsi
340 1011 520 1049 viderint.

697 1193 1039 1240 PETITUS

359 1304 420 1335 DE
445 1303 627 1334 ORDINE
651 1302 990 1334 COMOEDIARUM
1014 1303 1114 1334 PUB.
1138 1302 1380 1335 TERENTII.

106 1378 256 1420 Ouum
276 1394 353 1419 non
372 1389 464 1419 sunt
482 1380 595 1431 plana
610 1389 726 1430 atque
745 1379 905 1430 liquida.
946 1379 1114 1418 Primam
1129 1380 1301 1417 omnium
1321 1380 1520 1419 Axnmsu
1533 1394 1632 1424 esse,

106 1436 229 1487 liquet
247 1449 298 1473 ex
318 1435 479 1479 Donato,
498 1434 727 1485 praefatione
752 1434 789 1471 in
812 1433 1014 1471 Andriam.
1061 1433 1162 1471 Hoec
1186 1434 1311 1484 prima
1332 1441 1422 1472 acta
1441 1441 1496 1472 est
1513 1435 1631 1473 Ludis

105 1489 400 1542 Megalensibus,
420 1495 490 1526 etc.
541 1488 736 1525 Suetonius
774 1487 1016 1539 Tranquillus
1053 1488 1091 1525 in
1129 1488 1208 1525 vita
1236 1488 1435 1527 Terentii:
1472 1489 1637 1540 Scripsit

105 1543 304 1581 comoedias
327 1557 403 1587 sex,
424 1556 470 1580 ex
491 1542 620 1594 quibus
640 1542 805 1593 primam
824 1541 1023 1587 Andriam,
1042 1555 1124 1579 cum
1142 1541 1317 1579 aedililms
1333 1542 1455 1580 daret.
1513 1543 1634 1586 Quod

107 1608 147 1636 et
166 1606 356 1636 testantur
374 1597 413 1634 hi
430 1610 566 1634 versus
582 1596 621 1634 in
643 1595 806 1633 Andn'ae
819 1596 980 1647 prologo
992 1610 1005 1633 .-

386 1659 527 1701 Favete,
546 1658 665 1694 adeste
682 1670 785 1705 aequo
802 1658 935 1700 animo,
954 1663 990 1693 et
1005 1669 1081 1692 rem
1098 1658 1318 1704 cognoscite,

388 1706 441 1741 Ut
456 1706 687 1752 pernoscatis.
706 1705 833 1751 ecquid
850 1706 925 1751 spei
941 1706 988 1740 sit
1004 1705 1201 1751 reliquum:

387 1753 541 1788 Posthac
557 1764 645 1799 quas
661 1753 767 1787 faciet
783 1752 827 1787 de
843 1753 983 1797 integro
1001 1752 1205 1794 comoedias,

389 1799 609 1846 Spectandae,
627 1812 673 1834 an
689 1799 872 1845 exigendae
887 1800 959 1834 sint
976 1799 1079 1834 vobis
1095 1800 1206 1845 prius.

110 1861 267 1900 Editam
294 1868 483 1898 testantur
509 1873 596 1898 cum
621 1858 868 1901 Didascaliae,
889 1867 972 1896 tum
1000 1858 1222 1903 Suetonius,
1253 1858 1314 1896 M.
1335 1858 1538 1902 Marcello,
1559 1859 1632 1898 Cn.

110 1915 276 1966 Sulpitio
296 1915 404 1952 Coss.
427 1914 500 1952 boc
519 1922 590 1957 est,
610 1926 709 1951 anno
728 1914 777 1950 ab
797 1911 905 1950 Urbe
925 1912 1079 1950 condita
1098 1925 1325 1950 nnxxxvm.

164 1970 338 2007 anrm
363 1967 481 2006 semel
507 1977 622 2018 atque
648 1967 787 2004 iterum
806 1977 955 2010 exacta,
984 1967 1100 2004 tertio
1128 1967 1262 2011 stetit3
1295 1966 1395 2005 unde
1415 1967 1572 2013 factum,
1591 1977 1636 2006 ut

110 2037 188 2074 quo
215 2023 301 2062 loco
329 2023 433 2060 edita
460 2022 625 2072 primum
654 2021 704 2058 sit
731 2034 754 2058 a
782 2020 980 2064 Terentio,
1007 2033 1083 2057 non
1110 2033 1161 2058 ex
1189 2034 1282 2058 vero
1309 2021 1506 2071 proditum
1535 2022 1586 2059 sit
1612 2036 1636 2060 a

110 2077 272 2121 Donato,
293 2076 521 2128 praesatione
548 2077 585 2113 in
613 2075 711 2112 hanc
731 2074 983 2112 comoediam:
1014 2073 1205 2125 Factaque
1222 2081 1258 2112 et
1275 2075 1377 2112 edita
1396 2075 1522 2126 quinto
1540 2075 1633 2121 loco,

114 2132 183 2169 Cn.
217 2131 373 2169 Octavio
405 2136 440 2167 et
478 2129 522 2167 T.
548 2128 700 2167 Manlio
734 2130 840 2165 Coss.
899 2128 1022 2178 Atqui
1059 2129 1090 2166 si
1122 2128 1224 2166 sacta
1252 2128 1433 2178 editaque
1466 2138 1526 2166 est
1559 2129 1631 2168 Cn.

112 2183 290 2229 Octavio,
317 2184 366 2222 T.
388 2183 539 2222 Manlio
559 2181 670 2221 Coss.
697 2196 774 2220 non
801 2183 919 2233 igitur
948 2182 1086 2232 quinto
1105 2181 1217 2220 loco:
1246 2195 1334 2219 narn
1354 2181 1425 2219 Cn.
1446 2181 1635 2222 Octavius

111 2247 152 2277 et
178 2238 227 2277 T.
248 2238 420 2276 Manlius
440 2236 618 2276 consules
637 2237 793 2274 fuerunt
817 2250 917 2274 anno
942 2238 991 2273 ab
1013 2235 1063 2274 U.
1086 2235 1132 2273 C.
1154 2249 1350 2273 mxxxix.
1407 2235 1514 2287 Ergo
1532 2237 1636 2276 sacta

110 2302 170 2331 est
188 2302 275 2344 post
300 2292 502 2336 Andriam,
526 2305 642 2342 quam
660 2290 782 2328 edidit
809 2290 1017 2328 Terentius
1040 2303 1140 2327 anuo
1168 2290 1346 2340 proxime
1370 2289 1632 2340 praecedenti3

110 2347 272 2398 proinde
290 2346 448 2397 Hecyra
467 2345 635 2384 secunda
653 2354 724 2390 est,
744 2344 878 2382 ordine
898 2343 1128 2387 fabularum,
1150 2357 1246 2394 quas
1266 2344 1358 2381 fecit
1376 2343 1597 2382 Terentius.

163 2401 296 2439 Tertia
312 2401 386 2438 fuit
407 2399 910 2443 Heaurommommnxos,
925 2407 969 2436 ut
988 2406 1140 2436 constat
1157 2411 1208 2435 ex
1229 2397 1471 2440 Didascaliis,
1486 2412 1576 2448 quae
1596 2399 1636 2436 in

111 2453 238 2492 fronte
266 2454 368 2492 illius
395 2454 590 2505 leguntur,
621 2453 659 2491 in
684 2453 769 2491 haec
797 2454 937 2490 verba:
973 2452 1077 2490 Acta
1104 2452 1217 2489 tertia
1242 2451 1303 2489 M.
1323 2451 1494 2489 Juventio
1516 2458 1553 2490 et
1571 2451 1633 2491 Μ.

114 2506 329 2559 Sempronio
350 2508 455 2546 Coss.
506 2507 587 2550 Qui
606 2506 784 2545 consules
803 2507 962 2544 fuerunt
980 2520 1083 2544 anno
1101 2507 1150 2543 ab
1173 2504 1223 2543 U.
1239 2504 1284 2542 C.
1308 2519 1414 2543 nxcr.

167 2561 347 2611 Sequitur
377 2573 514 2612 quarta
542 2562 743 2605 Faenum,
776 2560 825 2597 de
855 2574 933 2611 qua
960 2559 1224 2597 Didascaliae:
1244 2558 1363 2610 sacta
1393 2565 1448 2597 est
1472 2558 1544 2597 IV.
1587 2560 1634 2599 C.

116 2613 270 2660 Fannio,
301 2615 362 2652 M.
386 2615 533 2653 Valerio
554 2616 658 2653 Coss.
716 2614 835 2657 Quod
865 2614 980 2652 etiam
1010 2624 1174 2652 testatur
1194 2612 1377 2657 Donatus,
1407 2613 1635 2664 praefatione

115 2667 155 2705 in
174 2668 270 2706 hanc
289 2668 456 2707 fabulam
473 2683 481 2706 :
510 2668 631 2707 Edita
658 2675 713 2707 est
741 2674 874 2720 quarto
892 2668 971 2706 loco
989 2667 1050 2705 M.
1077 2666 1224 2704 Valerio
1241 2673 1278 2703 et
1300 2667 1343 2704 C.
1365 2666 1509 2705 Fannio
1529 2668 1633 2706 Coss.

116 2721 211 2760 Post
242 2721 509 2760 Phormionem
541 2724 676 2774 quinta
708 2733 766 2760 est
799 2722 903 2760 edita
933 2722 1164 2764 Eunucncs,
1198 2720 1335 2758 iisdem
1363 2734 1466 2760 coss.
1497 2721 1635 2760 iisdem

115 2775 320 2822 aedilibus;
362 2776 481 2814 habes
514 2777 553 2814 id
588 2790 639 2814 ex
670 2776 917 2819 Dida-scalas,
949 2785 988 2813 et
1014 2775 1159 2813 Donati
1195 2774 1423 2825 praefatione
1460 2775 1500 2813 in
1535 2776 1636 2814 hanc

114 2829 308 2868 fibulam:
338 2843 440 2868 anno
457 2830 638 2868 nimirum
658 2831 708 2868 ab
730 2829 782 2868 U.
799 2829 845 2867 C.
866 2842 1004 2867 nxcur.

167 2882 235 2922 Bis
253 2883 390 2922 eodem
409 2883 471 2921 die
499 2884 688 2934 producta
712 2884 752 2921 in
776 2897 943 2928 scenam,
964 2882 1121 2920 tertium
1139 2881 1306 2934 denique
1325 2891 1438 2923 acta:
1467 2884 1636 2935 pretium

113 2945 204 2976 octo
221 2937 390 2976 millibus
409 2938 627 2977 sestertium
646 2947 888 2977 numeratum
906 2946 966 2976 est
984 2944 1126 2988 poetae.
