1852 3216
106 195 243 224 seem
266 181 333 236 ιι]

655 175 1064 221 EUNUCHUS.

1532 180 1616 222 233

160 272 244 314 Cn.
265 271 368 314 Non
389 270 552 322 faciam,
575 269 768 326 Pythias.
820 268 903 311 ΡΥ.
925 268 1029 311 Νοιι
1048 268 1122 324 pol
1140 269 1286 320 credo,
1308 268 1502 319 Chaerea,

159 336 258 378 Nisi
279 337 313 378 si
334 337 601 378 commissum
620 351 705 377 non
724 335 818 377 erit.
865 334 949 377 CH.
972 334 1105 385 Quin,
1128 334 1321 391 Pythias,

159 401 232 444 Tu
250 417 316 444 me
340 410 521 444 servato.
574 401 658 444 PY.
681 401 837 457 Neque
856 401 929 457 pol
949 401 1203 443 servandum
1222 401 1300 443 tibi

103 475 143 505 65
161 467 401 523 Quicquam
419 469 521 510 dare
542 468 691 518 ausim,
713 482 852 523 neque
871 474 914 509 te
936 481 1129 508 servare:
1160 481 1297 522 apage
1317 474 1375 508 te.

159 533 249 575 ΤΗ.
271 533 413 576 Adest
434 542 607 590 optume
626 535 718 589 ipse
738 533 882 575 frater.
935 532 1019 574 Cn.
1042 531 1158 574 Perii
1177 531 1344 574 hercle:
1376 532 1570 581 obsecro,

157 597 377 641 Abeamus
398 600 523 651 intro,
546 599 705 641 Thais:
738 598 835 640 nolo
854 613 921 640 me
942 598 985 639 in
1004 598 1071 639 via

157 664 266 707 Cum
294 665 375 708 hac
406 674 523 708 veste
552 666 708 707 videat.
759 664 849 706 ΤΗ.
873 664 1162 712 Quamobrem
1193 664 1391 706 tandem?
1435 678 1491 704 an
1519 662 1619 718 quia

243 731 379 786 pudet
391 733 407 773 2

160 795 244 838 Cn.
264 797 315 838 Id
332 798 484 852 ipsum.
531 797 613 839 ΡΥ.
629 796 682 838 Id
697 797 867 852 ipsum?
897 797 1016 852 virgo
1028 811 1143 838 vero.
1185 795 1275 837 ΤΗ.
1292 795 1313 837 Ι
1328 810 1432 851 prae,
1447 809 1616 850 sequor.

103 868 144 901 70
160 861 232 904 Tu
252 863 346 905 istic
366 878 503 913 mane,
520 870 568 904 ut
589 862 815 904 Chremem
834 863 1096 913 introducas,
1118 861 1311 917 Pythias.

283 1048 558 1097 ACTUS
626 1048 946 1103 QUINTI
1014 1049 1293 1096 SCENA
1347 1048 1439 1096 III.

466 1174 682 1206 PYTHIAS.
718 1175 954 1207 CHREMES.
991 1175 1254 1208 SOPHRONA.

157 1257 311 1306 Qum?
342 1257 446 1312 quid
466 1257 609 1299 venire
630 1257 673 1299 in
692 1265 875 1300 mentem
895 1273 1009 1301 nunc
1029 1260 1167 1315 possit
1185 1259 1318 1301 mihi?

156 1324 403 1372 Quidnam?
434 1324 507 1379 qui
526 1323 707 1365 referam
726 1323 785 1365 illi
805 1323 1013 1379 sacrilego
1032 1324 1228 1379 gratiam,

143 1464 194 1495 62.
218 1465 287 1494 Non
294 1462 422 1503 faciam,
442 1462 587 1504 Pythias]
604 1463 694 1494 Bene
716 1469 749 1494 et
769 1473 837 1494 mo-

99 1507 210 1539 raliter
227 1506 419 1548 appositum,
442 1508 580 1547 Pythias.
614 1506 770 1537 D.—Non
788 1508 840 1546 pol

100 1549 204 1591 credo]
230 1549 347 1581 Verbis
372 1550 490 1581 talibus
517 1549 613 1580 fidem
637 1559 702 1580 nou
726 1550 837 1587 habeo,

100 1604 214 1635 neque,
230 1593 315 1634 quod
337 1593 423 1630 dicit,
443 1592 513 1624 fieri
535 1592 640 1631 credo,
656 1592 719 1624 nisi
742 1592 840 1624 fuerit

100 1637 228 1668 factum.
261 1636 299 1667 E.

144 1680 195 1711 63.
219 1681 288 1711 Non
300 1681 353 1720 pol
367 1681 464 1716 credo,
482 1680 615 1717 Chaerea,
631 1681 692 1710 nisi
712 1682 740 1710 si
761 1690 838 1710 com-

101 1725 221 1754 missum
243 1734 299 1754 non
320 1721 396 1763 erit]
413 1722 614 1759 Joculariter,
631 1728 668 1753 ut
688 1719 753 1759 ille,
774 1724 838 1764 Py-

102 1769 183 1797 thias
204 1765 299 1801 dicit;
331 1765 377 1797 ita
397 1766 465 1796 haec
490 1767 622 1797 Chaerea.
663 1765 752 1803 Quin,
774 1767 839 1807 Py-

103 1808 200 1850 thias]
215 1809 335 1840 Iterum
347 1819 464 1839 nomen
475 1809 619 1840 vultuose
628 1815 677 1840 est
685 1809 839 1840 additum.

105 1851 196 1890 Quin,
211 1862 271 1894 pro
285 1852 359 1883 imo.
392 1852 433 1883 D.

146 1896 197 1926 64.
220 1897 326 1936 Neque
338 1897 391 1935 pol
408 1897 585 1926 servandum
606 1897 663 1926 tibi
684 1897 841 1936 quicquam

101 1941 175 1970 dore
190 1937 303 1979 ausim]
317 1938 435 1969 Totum
450 1938 577 1979 garrule
593 1944 626 1969 et
639 1937 839 1978 gesticulose,

101 1989 138 2013 ut
150 1982 291 2025 puellam
305 1992 379 2013 cum
393 1981 630 2013 adolescentulo
645 1981 780 2013 fabulari
791 1981 839 2013 vi-

101 2025 187 2057 deas.
220 2025 262 2056 D.

144 2067 195 2099 66.
227 2068 322 2099 Adest
343 2073 459 2109 optume
480 2070 543 2108 ipse
556 2066 677 2109 frater]
704 2069 839 2108 Optume,

100 2111 841 2197 ἓξᾞῖῗῳοξὲἒὲἒωὲἱῖςεέῗὲιωῧᾲῗέἒῗ

100 2198 214 2240 hercle]
234 2198 286 2229 Ex
306 2198 366 2239 (Et
389 2198 442 2239 Ζ.)
465 2199 525 2229 hoc
548 2197 741 2240 exprimitur
754 2197 840 2239 quod

100 2251 199 2283 supra
221 2241 313 2279 dixit,
335 2243 428 2273 Immo
447 2244 598 2282 percupio.
646 2241 725 2272 Viso
753 2241 839 2272 enim

100 2285 271 2316 Chremete
284 2292 361 2317 noto
376 2291 409 2316 et
424 2285 523 2316 nobili
538 2284 618 2322 viro,
632 2284 840 2316 vehementer

101 2328 268 2366 erubescit,
279 2329 362 2369 quod
374 2339 447 2360 cum
460 2328 600 2360 eunuchi
610 2334 699 2359 veste
714 2327 765 2359 sit.
798 2328 837 2359 E.

144 2371 196 2404 67.
218 2373 296 2403 Nolo
307 2383 351 2403 me
366 2374 399 2403 in
412 2374 462 2403 via
477 2383 542 2403 cum
557 2373 614 2402 hae
628 2377 707 2403 veste
719 2369 837 2412 videat]

102 2413 269 2446 Subtiliter
283 2414 477 2453 adolescens,
495 2414 570 2456 quia
592 2414 673 2445 nihil
694 2413 838 2456 profece-

100 2463 152 2487 rat
165 2457 309 2495 dicendo,
319 2460 472 2507 percupio,
484 2457 610 2489 invenit
623 2468 761 2496 causam,
777 2468 840 2498 qua

102 2499 231 2531 tandem
245 2500 370 2542 ingredi
384 2501 494 2543 possit.
522 2500 563 2533 D.

145 2542 196 2574 68.
233 2543 427 2578 Quamobrem
452 2546 571 2576 tandem
580 2543 614 2586 2]
639 2544 704 2576 Pro
730 2550 837 2575 tamen.

102 2585 318 2627 Inter-rogatio
331 2587 399 2618 haec
421 2587 674 2630 increpationem
695 2588 841 2619 continet

101 2639 192 2703 '1¹1⁰AEss
193 2628 589 2713 ffssssfflzffffimss
604 2630 838 2715 ῗῖῗηέἶῖῗῖἒ

100 2725 185 2752 eum,
201 2726 296 2757 quem
312 2715 393 2747 nihil
407 2716 516 2758 pudet.
548 2717 590 2748 D.

144 2759 195 2790 69.
234 2760 274 2790 Id
301 2761 313 2789 i
311 2758 443 2800 ρεαυιῗ]
472 2759 546 2791 Hoc
576 2759 675 2791 veluti
704 2760 839 2792 molesto

101 2801 209 2842 (forte,
225 2802 342 2843 msto)
359 2802 451 2834 vultu
465 2802 600 2839 dicitun
623 2803 703 2834 adeo
714 2811 751 2834 ut
764 2803 838 2834 imi-

100 2851 188 2877 tetur
217 2845 339 2877 dictum
375 2845 563 2887 vultumque
593 2847 662 2887 ejus
746 2845 838 2878 thius.

104 2889 198 2930 Virgo
205 2900 273 2920 vero
282 2887 313 2929 l]
332 2890 408 2920 Vero
419 2887 595 2929 εἰρωνικῶς.
618 2898 694 2920 nam
704 2888 840 2929 ειρωνεία

100 2938 159 2969 est,
181 2938 228 2970 ut,
251 2932 327 2963 AEn.
350 2932 392 2963 iv.
408 2933 459 2963 93.
496 2933 662 2974 Egregium
682 2943 750 2963 vero
772 2934 838 2963 lau-

100 2976 175 3006 dem.
217 2974 325 3016 Virgo]
341 2975 442 3011 Quasi
457 2975 511 3016 qui
527 2975 660 3006 minime
676 2974 840 3018 pudicitiae

100 3024 218 3050 :tatum
233 3029 269 3050 ac
293 3018 492 3051 verecundia·
515 3018 679 3060 virginalis
702 3028 833 3050 venere-

883 1469 943 1494 tur.
989 1465 1010 1494 Ι
1027 1475 1101 1504 prae,
1118 1463 1240 1505 sequor]
1266 1463 1475 1495 Manifestum
1491 1471 1549 1502 est,
1565 1474 1623 1497 cur

882 1506 1035 1538 meretrix
1071 1507 1164 1538 docta
1196 1507 1424 1549 capiendorum
1456 1510 1622 1548 juvenum,

882 1549 997 1591 praeire
1012 1549 1090 1581 velit
1105 1550 1281 1588 Chaeream,
1298 1557 1330 1581 et
1348 1551 1382 1581 in
1397 1552 1623 1592 consequendo

882 1593 953 1634 ipsa
968 1593 1010 1624 sit
1025 1593 1154 1624 tardior.
1200 1593 1280 1625 Vult
1295 1594 1382 1625 enim
1399 1594 1536 1625 liberum
1552 1594 1623 1626 sine

882 1636 1011 1667 arbitris
1035 1647 1107 1667 cum
1133 1636 1241 1678 puella
1267 1647 1336 1668 esse
1363 1637 1566 1678 colloquium,
1591 1643 1624 1669 et

882 1678 1006 1710 licitum
1018 1690 1168 1711 amorem.
1207 1680 1281 1711 Nisi
1296 1680 1377 1711 forte
1393 1687 1542 1722 putamus
1558 1681 1622 1712 Te-

882 1723 1023 1754 rentium
1047 1723 1115 1754 haec
1139 1723 1209 1754 sine
1232 1733 1326 1755 causa
1353 1723 1476 1761 fecisse,
1501 1723 1557 1765 qui
1580 1724 1624 1755 sit

884 1765 970 1806 (fuit,
982 1772 1117 1807 uterque
1129 1767 1197 1798 cod.
1202 1766 1506 1806 )artificiosissimus
1518 1774 1622 1808 poeta.

884 1809 969 1840 Nam
984 1819 1088 1850 neque
1103 1809 1175 1850 ipsa
1195 1810 1376 1851 ingreditur
1390 1821 1462 1841 cum
1479 1811 1623 1847 Cbaerea,

883 1862 987 1893 neque
1002 1852 1128 1894 ingredi
1144 1852 1239 1884 simul
1261 1853 1419 1894 permittit
1442 1832 1623 1884 Phaedriani

885 1895 950 1937 (Py
952 1897 1054 1933 thiam,
1069 1902 1156 1927 recte
1169 1896 1204 1926 in
1217 1896 1287 1927 edd.
1302 1895 1405 1935 vett).
1435 1895 1476 1927 D.
1478 1897 1586 1926 —Id‘
1573 1907 1622 1936 zp-

883 1941 972 1969 sum?
994 1937 1094 1980 virgo]
1111 1938 1249 1974 Quidam
1264 1937 1459 1980 intellig-unt,
1471 1939 1623 1971 confusus

884 1991 918 2012 es
947 1981 1037 2022 quasi
1064 1981 1174 2023 virgo:
1213 1981 1373 2013 erubescis
1402 1992 1444 2013 ex
1466 1989 1565 2020 veste,
1591 1989 1625 2014 et

883 2024 1103 2056 confusionem
1117 2024 1247 2067 pateris,
1260 2035 1354 2066 quam
1365 2024 1456 2067 virgo
1471 2025 1622 2067 patiatur,

883 2078 979 2109 quam
995 2068 1123 2099 vitiasti.
1161 2067 1206 2099 Et
1219 2077 1331 2100 rursus
1345 2075 1395 2100 est
1409 2068 1500 2109 quasi
1511 2067 1622 2101 admo-

883 2111 974 2149 nitio,
988 2118 1025 2142 ut
1040 2118 1072 2142 et
1087 2111 1203 2153 pudori
1214 2121 1280 2143 non
1295 2111 1346 2148 sit,
1360 2111 1445 2152 quod
1458 2111 1521 2143 ista
1534 2118 1623 2144 veste

882 2154 1014 2186 indutus
1030 2161 1099 2190 est3
1123 2154 1281 2196 siquidem
1304 2154 1430 2186 vitiavit
1451 2155 1621 2196 virginem.

882 2199 904 2229 I
916 2209 993 2238 prae,
1012 2196 1134 2239 sequor]
1160 2198 1336 2235 Antecede,
1358 2208 1418 2239 ego
1442 2203 1474 2229 te
1497 2207 1622 2239 sequar.

882 2241 1041 2278 E.—Pro‚
1057 2252 1175 2282 sequar,
1198 2241 1260 2282 leg.
1283 2251 1398 2282 sequor,
1421 2241 1462 2272 ob
1483 2241 1574 2272 codd.
1590 2248 1624 2273 et

882 2284 967 2325 quod
989 2284 1089 2316 Thais
1105 2294 1169 2315 una
1183 2295 1256 2316 cum
1279 2284 1412 2315 Chaerea
1427 2284 1590 2326 egreditur
1604 2295 1623 2316 e

882 2338 986 2359 scena.
1020 2328 1057 2359 B.

926 2370 977 2404 70.
1004 2372 1050 2402 Tu
1064 2373 1134 2402 istic
1148 2381 1243 2408 mane,
1258 2376 1295 2402 ut
1311 2372 1462 2402 Chremem
1483 2372 1621 2402 introdu-

882 2414 950 2455 cas]
967 2414 1093 2446 Relicta
1102 2419 1152 2446 est
1166 2413 1299 2463 Pythias
1308 2414 1348 2445 ob
1363 2414 1479 2446 multas
1490 2422 1621 2446 causae.

883 2464 916 2489 et
938 2458 973 2489 in
995 2457 1118 2500 primis,
1138 2463 1175 2488 ut
1196 2457 1298 2499 possit
1323 2467 1381 2500 per
1402 2467 1472 2488 eam
1492 2456 1624 2489 delusus

884 2501 1042 2532 Parmeno
1068 2511 1187 2543 pavore
1209 2511 1267 2532 suo
1289 2511 1399 2532 senem
1420 2499 1622 2542 compellere,

882 2543 1008 2586 ingredi
1021 2545 1062 2576 ad
1074 2543 1284 2581 meretricem,
1297 2550 1331 2576 et
1344 2550 1538 2586 praesentem
1551 2543 1622 2575 fleri

882 2587 923 2619 ad
938 2587 1173 2619 confirmandas
1188 2587 1328 2629 nuptias.
1360 2587 1402 2618 D.

928 2632 955 2662 1.
983 2633 1089 2665 Quid?
1110 2632 1185 2672 quid
1193 2633 1293 2661 venire
1305 2632 1338 2661 in
1349 2629 1491 2671 mentem]
1510 2623 1549 2662 In
1561 2631 1622 2662 hoc

880 2674 951 2706 loco
973 2674 1144 2716 cogitantis
1167 2673 1342 2715 disputatio
1364 2679 1414 2705 est
1427 2672 1514 2715 apud
1534 2673 1621 2716 seip-

881 2728 949 2749 sam
958 2717 1104 2767 Pythiae,
1120 2723 1278 2758 quatenus
1300 2716 1532 2748 Parmenonem
1546 2715 1622 2748 dolo

880 2760 983 2803 possit
1007 2759 1127 2792 ulcisci.
1171 2759 1369 2794 D.—Quid?
1402 2761 1477 2809 quui
1500 2758 1618 2801 venire]

883 2804 965 2835 Haec
989 2814 1085 2835 scena
1107 2802 1277 2834 consilium
1300 2802 1473 2853 qumentis
1495 2802 1621 2835 ancillae

881 2852 980 2885 tenet,
1008 2845 1276 2895 quemadmodum
1305 2856 1340 2878 ae
1368 2845 1471 2889 poosit
1497 2845 1620 2878 ulcisci.

882 2890 1011 2922 Deinde
1033 2888 1293 2926 admonitionem,
1313 2895 1351 2922 ut
1370 2889 1525 2922 Chremes
1545 2899 1621 2922 cum

882 2933 1007 2964 nutrice
1023 2932 1231 2974 ingrediatur.
1263 2932 1302 2964 E.

920 2978 948 3007 2.
969 2976 1117 3010 Quidnam
1124 2974 1157 3017 Ρ]
1165 2975 1219 3007 Sic
1227 2975 1351 3014 Cicero,
1358 2976 1472 3008 Verr.
1462 2987 1504 3008 iv.
1517 2977 1546 3008 3.
1561 2977 1622 3008 Sed

879 3031 981 3051 earum
1004 3030 1106 3093 reneri:
1126 3021 1279 3059 artificem,
1301 3023 1408 3061 quem?
1442 3022 1620 3062 quemnam?

1046 3071 1068 3093 ιι
