1852 3216
98 148 239 177 scmu
260 133 328 190 11.]

689 132 1052 177 PHORMIO.

1538 132 1631 177 6312

153 224 366 280 Accipere
386 224 440 267 ab
461 223 564 267 illo
552 223 773 279 mjuriam.
759 226 776 254 '²
797 225 925 266 etiam
945 231 1178 281 argentum
1182 230 1222 266 st
1241 223 1355 267 ultro
1376 223 1607 280 obJectum,

119 299 138 329 6
156 290 218 332 Ut
239 292 291 332 sit
312 290 386 346 qui
406 291 531 341 vivat,
554 290 656 332 dum
673 289 831 345 aliquid
852 290 967 332 aliud
989 290 1140 346 flagitii
1160 290 1370 332 conficiat.

156 356 243 398 GE.
267 355 546 398 Planissume.

242 422 415 465 faciunt.

599 355 688 398 Da.
712 355 770 398 Iis
791 371 904 398 nunc
924 357 1144 411 praemium
1165 363 1245 407 est,
1267 356 1341 411 qui
1360 362 1477 398 recta
1495 370 1629 411 prava

156 488 246 529 GE.
262 488 524 530 Verissum'e.
559 487 647 530 DE.
661 487 722 530 Ut
737 487 981 530 stultissime
995 487 1166 543 quidem
1181 486 1237 529 illi
1253 502 1342 530 rem
1354 487 1625 542 gesserimus.

157 553 244 595 GE.
269 554 406 595 Modo
429 562 476 595 ut
495 553 578 595 hoc
599 553 773 595 consilio
794 554 956 609 possiet
976 554 1154 603 discedi,
1176 561 1225 594 ut
1243 554 1367 594 istam
1387 552 1530 595 ducat.

156 619 245 662 DE.
271 620 469 661 Etiamne
499 619 543 661 id
574 620 832 661 dubium'st?

239 685 376 736 mo'st‚
399 700 453 726 an
472 692 607 726 mutet
627 685 823 726 animum.

895 618 981 660 GE.
1006 618 1140 660 Haud
1173 619 1260 661 scio
1290 617 1448 668 hercle,
1474 624 1524 660 ut
1551 616 1629 659 ho-

101 759 140 789 10
157 750 245 792 DE.
270 750 407 792 Hem!
431 757 565 792 mutet
586 752 756 792 autem?
799 750 886 791 GE.
904 750 1091 792 Nescio:
1124 763 1287 800 verum,
1310 749 1346 790 si
1367 748 1491 799 forte,
1514 748 1625 791 dico.

157 815 247 858 DE.
265 816 331 858 Ita
344 816 508 865 faciam,
526 823 573 857 ut
590 815 720 857 frater
734 816 899 857 censuit
913 832 921 857 :
945 823 992 857 ut
1006 830 1183 857 uxorem
1197 816 1289 870 ejus
1304 814 1388 856 huc
1402 815 1628 865 adducam,

156 881 265 923 Cum
278 883 360 923 ista
374 890 421 923 ut
433 880 652 936 loquatur:
676 889 737 931 tu,
750 881 879 931 Geta,
891 882 961 923 abi
976 896 1086 936 prae:
1105 882 1258 923 nuncia
1271 881 1382 923 hanc
1391 889 1627 923 venturam.

157 947 245 989 GE.
266 948 509 1002 Argentum
528 947 798 988 inventum’st
819 947 1056 989 Phaedriae:
1090 947 1143 989 de
1158 948 1304 1003 jurgio
1326 947 1496 989 siletur:

158 1012 381 1054 Provisum
393 1019 536 1062 est‚ne
553 1013 594 1053 in
609 1012 837 1067 praesentia
849 1012 943 1054 haec
960 1012 1057 1054 hinc
1071 1013 1214 1054 abeat:
1233 1013 1337 1067 quid
1347 1027 1459 1054 nunc
1472 1014 1628 1068 porro?

102 1088 140 1117 15
158 1078 277 1126 Quid
296 1077 401 1119 fiet?
432 1078 475 1118 in
495 1077 646 1119 eodem
666 1076 757 1119 luto
777 1077 974 1119 haesitas:
1006 1092 1225 1119 vorsuram
1247 1077 1400 1128 solves,

156 1144 294 1186 Geta:
335 1157 525 1198 praesens
563 1143 680 1198 quod
711 1142 852 1185 fuerat

241 1215 453 1259 creseunt,

98 1301 197 1339 bium,
221 1303 272 1332 Ita
284 1299 399 1341 fugito,
427 1310 463 1330 ne
482 1304 596 1338 praeter
618 1310 726 1330 casam.
769 1299 842 1330 Hoc

99 1352 157 1381 est,
179 1355 220 1375 ne
247 1351 418 1385 praetereas
444 1345 679 1382 (proetermittas
706 1343 785 1374 Mss.
810 1348 842 1373 et

100 1388 171 1419 edd.
199 1394 272 1418 ante
298 1385 425 1427 steph.)
449 1395 554 1416 casam
579 1392 676 1423 tuam,
704 1396 774 1426 quae
801 1385 843 1416 sit

99 1431 157 1462 tibi
187 1429 381 1461 tutissimum
404 1428 648 1469 receptaculum.
693 1429 771 1465 Aut,
797 1429 843 1459 ita

100 1474 213 1515 fugias,
241 1484 281 1504 ne
308 1479 425 1514 praeter
451 1482 573 1507 casam3
609 1471 664 1502 ubi
688 1472 842 1503 custodiri

99 1517 211 1558 magis,
228 1524 261 1547 et
277 1515 431 1558 prehendi
446 1515 505 1551 l'ur,
519 1522 550 1545 et
566 1495 712 1546 inulctari
729 1516 840 1546 verbe-

100 1560 189 1592 ribus
204 1566 319 1602 potest.
344 1559 411 1590 Aut
427 1559 557 1589 verbum
575 1565 643 1589 erat
656 1558 756 1600 ipsius
766 1569 838 1589 cus-

100 1604 184 1635 todis
200 1604 301 1634 furem
318 1601 520 1643 exagitantis,
537 1608 568 1632 et
584 1601 707 1632 interea
730 1601 839 1643 prohi-

99 1647 215 1684 bentis,
233 1657 274 1678 ne
285 1652 360 1677 ante
375 1655 479 1676 casam
497 1652 646 1682 transeat,
659 1655 742 1675 nem
758 1655 839 1686 prae-

100 1691 256 1722 tereundo
273 1689 368 1720 etiam
384 1688 459 1719 inde
476 1688 596 1728 aliquid
611 1688 723 1729 rapiat.
752 1689 839 1723 Que-

99 1734 183 1764 ritur
202 1743 311 1770 senex,
336 1742 380 1769 se,
405 1731 481 1762 dum
498 1731 586 1762 avari
609 1731 772 1762 infamiam
790 1732 839 1762 fu-

100 1784 199 1817 geret.
217 1776 250 1807 in
267 1775 355 1807 stulti
372 1774 654 1816 reprehensionem
677 1774 838 1805 incidisse.

101 1821 241 1851 D.—lea
253 1818 372 1860 sagias,
388 1830 423 1849 ne
437 1823 549 1858 praeter
563 1817 679 1858 casam]
711 1818 750 1848 ln
766 1828 840 1859 pro-

101 1863 211 1894 verbio
236 1863 297 1893 hoc
322 1868 386 1893 est:
411 1861 514 1902 fugias
541 1871 604 1891 non
628 1868 703 1891 ante
724 1871 840 1898 casam,

100 1907 157 1938 sed
180 1906 212 1937 in
236 1915 351 1937 casam.
388 1905 517 1935 Etenim
541 1904 674 1935 stultum
693 1907 751 1940 est,
768 1915 841 1935 cum

99 1949 255 1981 auxilium
272 1949 388 1979 habere
405 1947 517 1989 possis,
529 1956 603 1978 ante
619 1947 705 1978 illam
720 1947 839 1988 fugere,

100 2003 165 2024 non
189 1993 222 2023 in
246 1992 350 2023 illam:
375 1991 485 2032 utique
501 1991 586 2021 enim
608 1990 762 2021 auxilium
780 1997 843 2022 tuae

98 2036 214 2067 domus
229 2035 326 2066 debes
339 2041 458 2076 petere,
475 2044 539 2064 non
556 2033 705 2064 alienum.
738 2034 776 2064 E.

145 2081 173 2110 5.
198 2081 277 2110 Dum
301 2079 388 2109 aliud
412 2076 546 2118 aliquid]
579 2077 724 2108 Vetuste.
756 2077 844 2108 D.—

100 2122 169 2154 Alii
181 2123 241 2154 hoc
257 2122 379 2158 ordine,
389 2122 476 2151 aliud
491 2122 617 2161 aliquid.
641 2120 710 2151 Nec
721 2131 840 2158 versus,

99 2176 160 2198 nec
175 2176 288 2198 sensus
303 2165 446 2196 interest.
480 2164 516 2194 B.

144 2210 173 2240 6.
191 2211 251 2241 His
274 2220 351 2239 num:
373 2210 530 2247 praemium
553 2206 615 2248 est]
648 2206 724 2237 Sine
747 2206 844 2238 dubio

100 2263 218 2284 munus
243 2263 280 2283 ac
303 2250 471 2294 praemium
494 2250 543 2281 his
566 2250 668 2288 datur,
691 2250 745 2291 qui
769 2250 844 2280 mali

101 2303 186 2332 sunt,
210 2302 243 2326 et
265 2294 387 2326 directa
410 2304 508 2335 prava
530 2293 673 2324 faciunt.
738 2292 843 2333 .(fa

101 2341 194 2370 ciunt.
231 2340 332 2380 Igitur
355 2348 470 2368 necesse
492 2342 546 2374 est,
568 2343 610 2367 ut.
638 2316 702 2376 Ζ.)·,
729 2336 756 2367 si
784 2347 842 2367 nos

101 2381 233 2423 benigni
254 2381 400 2413 volumus
415 2390 495 2417 esse,
511 2379 672 2421 postulata
684 2380 839 2411 conceda-

101 2435 183 2456 muS.
218 2425 254 2456 E.

147 2469 174 2498 8.
193 2469 283 2498 Modo
297 2472 332 2498 ut
345 2469 398 2498 hoc
412 2468 534 2498 consilio
545 2468 641 2506 possit
662 2468 786 2504 discedi,
808 2471 843 2497 ut

101 2513 190 2542 istam
203 2509 310 2551 ducat]
330 2510 379 2541 Ne
394 2509 549 2552 poeniteat
564 2508 728 2540 dominum
744 2519 842 2551 pecu-

102 2553 188 2585 niam
206 2553 341 2589 dedisse,
358 2559 511 2584 terrorem
528 2562 639 2584 servus
655 2552 767 2593 injicit.
801 2553 841 2583 D.

102 2598 237 2628 —Modo
251 2602 283 2627 ut
299 2598 351 2627 hoc
373 2595 514 2646 coneilio]
537 2596 586 2627 Ne
602 2596 773 2637 poeniteret
786 2596 842 2627 do-

102 2640 225 2671 minum
242 2639 378 2680 amplius
399 2639 544 2681 pecuniae
564 2639 655 2675 datae‚
673 2646 705 2670 et
727 2639 844 2670 erroris

100 2682 209 2721 (dam,
227 2684 350 2714 terroris
367 2682 420 2721 Z.)
437 2682 556 2722 aliquid
578 2692 689 2713 servus
705 2682 840 2722 adJecit:

102 2726 204 2757 videri
230 2725 396 2764 (videretur
419 2727 496 2755 em'm
522 2724 577 2765 Z.)
603 2731 797 2765 suggestum,
815 2725 843 2756 si

102 2770 197 2800 modo
225 2774 417 2817 perseveret,
441 2773 477 2798 ut
506 2767 560 2798 ille
588 2767 721 2798 eandem
747 2778 843 2809 quam

101 2812 250 2854 promisit
265 2811 361 2842 ducat
376 2820 516 2842 uxorem.
547 2810 584 2841 E.

146 2856 175 2887 9.
193 2855 280 2896 Lege
303 2864 343 2885 ex
366 2864 430 2885 uno
454 2853 566 2895 Regin,
582 2855 687 2884 Etiam
701 2855 770 2885 idne
785 2855 842 2885 du-

102 2899 191 2930 bium'
195 2904 232 2930 st.
262 2897 335 2929 vid.
352 2907 458 2939 supra,
474 2896 507 2927 ii.
527 2897 553 2927 l.
572 2898 600 2927 8.
634 2896 670 2927 B.

147 2943 195 2973 ll.
219 2943 271 2972 Ita
283 2940 402 2982 faciam
423 2945 457 2971 ut
469 2939 591 2981 frater]
615 2938 843 2972 Mandatorum

99 2994 224 3017 memor
244 2994 379 3027 pergere
398 2983 441 3016 ad
461 2993 595 3015 uxorem
615 2982 694 3022 vult,
714 2988 751 3015 ut
772 2993 843 3016 eam

887 1142 1057 1194 malum,
1094 1144 1138 1184 in
1174 1144 1287 1185 diem
1322 1144 1448 1186 abiit:

1488 1143 1628 1200 plagae

885 1299 981 1330 ducat
1003 1299 1043 1331 ad
1065 1299 1214 1341 puellam,
1233 1310 1269 1331 ac
1289 1301 1480 1342 persuadeat
1501 1300 1627 1342 puellae,

886 1342 934 1373 uti
956 1353 1029 1374 cum
1054 1343 1217 1374 voluntate
1239 1343 1382 1374 discedat
1398 1354 1416 1375 a
1431 1343 1510 1375 viro.
1544 1344 1628 1375 E.—

887 1386 1053 1417 Posterius
1080 1391 1115 1417 ut
1139 1386 1222 1417 male
1243 1387 1334 1418 abest
1357 1386 1390 1417 in
1408 1387 1497 1418 codd.
1514 1397 1627 1418 recen-

889 1429 1040 1460 tioribus:
1066 1429 1128 1460 vid.
1148 1429 1230 1460 Hec.
1254 1429 1286 1460 ii.
1311 1431 1340 1460 2.
1367 1431 1395 1460 2.
1430 1430 1493 1461 Sed
1517 1441 1628 1462 omnes

886 1473 998 1509 nostri,
1023 1479 1140 1514 praeter
1167 1472 1240 1510 duo,
1266 1479 1352 1504 recte
1379 1473 1546 1511 collocant,
1570 1476 1628 1505 huc

885 1515 959 1556 ans.
993 1516 1029 1546 B.

931 1560 978 1589 13.
1002 1561 1170 1599 Argentum
1195 1558 1402 1600 inventum’st]
1431 1559 1547 1591 Secum
1577 1559 1626 1591 lo-

884 1602 992 1642 quitur
1008 1612 1118 1633 servus
1134 1609 1204 1633 acta
1220 1613 1420 1639 enumerans,
1435 1610 1467 1634 et
1483 1602 1559 1643 quid
1575 1613 1627 1634 ar-

884 1652 1016 1686 gentum
1044 1644 1086 1676 sit
1111 1645 1156 1685 (et
1179 1648 1278 1686 quoad
1305 1651 1471 1686 argentum,
1498 1648 1542 1677 sic
1573 1644 1627 1687 Z.)

885 1688 1100 1720 constituens:
1125 1688 1292 1719 inventum
1318 1697 1368 1720 est
1396 1689 1551 1720 Phaedriae
1574 1699 1627 1720 ar-

884 1739 1015 1772 gentum
1038 1731 1121 1772 quod
1146 1731 1254 1762 lenoni
1276 1732 1339 1769 det,
1356 1732 1396 1763 lis
1416 1732 1504 1763 nulla
1519 1732 1626 1774 profe-

884 1782 973 1806 ratur
989 1774 1175 1805 Phormioni
1192 1776 1211 1796 *
1230 1775 1305 1814 (det,
1327 1780 1358 1807 et
1373 1777 1411 1806 Iis
1429 1777 1514 1806 nulla
1523 1775 1627 1817 profe-

884 1823 968 1849 retur
984 1820 1019 1849 P.
1051 1817 1114 1857 Z.).
1149 1818 1176 1849 Ε

931 1862 977 1891 15.
1001 1863 1158 1892 Vorsuram
1174 1861 1278 1902 solvis]
1296 1860 1495 1892 Creditorem
1512 1867 1627 1893 mutas.

889 1905 1048 1935 Vorsuram
1070 1904 1175 1945 solvis]
1204 1905 1362 1935 Vorsuram
1376 1904 1483 1945 facere
1498 1905 1626 1943 dicitur,

884 1947 938 1987 qui
953 1958 996 1978 aes
1011 1947 1152 1978 alienum
1168 1957 1209 1978 ex
1224 1957 1286 1978 aere
1302 1947 1407 1978 alieno
1429 1948 1533 1979 solvit.
1567 1948 1627 1980 Di-

885 1990 969 2021 citur
991 1991 1087 2021 etiam
1109 2002 1260 2021 versuram
1273 1991 1390 2031 facere,
1408 2001 1480 2022 cum
1503 1991 1627 2023 minore

884 2033 1006 2064 foenore
1030 2041 1192 2075 acceptam
1217 2033 1288 2074 quis
1313 2034 1483 2075 pecuniam
1507 2036 1628 2075 majore

886 2075 1041 2118 (majorem
1058 2077 1119 2108 Ms.
1137 2077 1172 2107 B.
1190 2083 1222 2107 et
1234 2077 1303 2108 edd.
1319 2077 1411 2117 vett.)
1424 2085 1566 2119 occupat.
1587 2078 1627 2110 D.

884 2121 966 2151 ——In
988 2122 1087 2151 eodem
1109 2122 1171 2151 luto
1186 2119 1325 2161 haesitas]
1353 2120 1423 2151 Hac
1446 2120 1480 2152 in
1503 2131 1538 2152 re
1553 2131 1628 2153 ver-

888 2163 977 2200 saris,
1005 2174 1156 2194 vorsuram
1184 2165 1306 2200 solvens,
1335 2163 1526 2195 creditorem
1555 2174 1626 2196 mu-

888 2212 968 2238 tans.
1002 2206 1061 2237 Cui
1087 2207 1299 2248 respondetur
1322 2206 1453 2244 scilicet,
1482 2207 1629 2239 Praesens

887 2249 1005 2280 malum
1029 2249 1062 2280 in
1084 2250 1225 2280 futurum
1247 2249 1335 2287 abiit,
1352 2250 1407 2281 sed
1423 2249 1526 2291 plagae
1541 2260 1627 2282 cres-

887 2299 973 2324 cunt.
999 2293 1086 2334 Ergo
1106 2292 1246 2334 inspice:
1271 2293 1323 2324 hic
1341 2293 1399 2329 (sic
1413 2295 1462 2324 hic
1479 2293 1530 2330 Ζ.)
1549 2304 1628 2325 con-

886 2336 992 2367 silium
1025 2335 1234 2372 confirmavit,
1262 2336 1338 2376 quid
1369 2336 1472 2367 facere
1502 2337 1627 2368 debeat.

887 2379 1008 2410 E.—In
1021 2381 1118 2410 eodem
1131 2378 1209 2420 luto]
1225 2379 1366 2410 Lactant.
1381 2379 1436 2410 lib.
1448 2379 1501 2410 vii.
1514 2390 1583 2422 cap.
1597 2381 1627 2412 2.

885 2433 921 2453 ex
943 2424 1050 2463 quibus
1071 2424 1183 2453 exitum
1207 2434 1262 2453 non
1285 2424 1449 2457 haberent,-
1472 2431 1502 2454 et
1523 2425 1555 2454 iu
1579 2434 1628 2455 eo-

885 2467 950 2497 dem
975 2467 1045 2502 luto‚
1073 2469 1152 2496 sicut
1173 2468 1300 2496 comicus
1326 2468 1381 2503 ait,
1404 2467 1627 2498 hesitaverunt.

889 2509 979 2540 Idem
996 2508 1048 2539 lib.
1067 2508 1098 2539 ii.
1115 2519 1182 2550 cap.
1196 2509 1224 2539 9.
1243 2510 1280 2539 In
1295 2511 1393 2540 eodem
1410 2510 1472 2540 luto
1486 2511 1630 2542 haesn‘tane

886 2563 1036 2583 versuram
1051 2554 1149 2589 solvis,
1166 2553 1252 2583 Geta.
1282 2552 1452 2593 L.—-Lege
1461 2562 1533 2584 cum
1547 2562 1627 2585 non-

887 2595 983 2626 nullis
998 2605 1131 2626 vorsura.
1165 2595 1258 2632 Nam,
1275 2595 1323 2626 uti
1339 2595 1485 2626 Salmasii
1503 2603 1535 2627 et
1544 2596 1628 2628 Gro-

887 2638 974 2669 novii
988 2637 1144 2669 industria
1161 2637 1307 2669 effectum
1321 2645 1379 2675 est,
1394 2649 1517 2670 versura
1532 2641 1631 2678 solvit,

887 2681 950 2722 qui,
964 2687 999 2712 ut
1015 2689 1106 2712 vetus
1121 2681 1262 2712 debitum
1279 2688 1493 2723 expungatur,
1510 2692 1630 2715 novum

886 2724 1054 2755 contrahit.
1093 2724 1138 2755 Ut
1152 2725 1236 2755 Geta
1258 2724 1309 2755 hic
1333 2735 1429 2756 unam
1444 2724 1571 2767 culpam
1593 2725 1629 2758 in

886 2767 1008 2808 nuptiis
1037 2767 1147 2798 herilis
1175 2767 1232 2798 filii
1259 2767 1439 2803 admissam.
1471 2767 1563 2800 novis
1590 2768 1626 2801 in

887 2810 1043 2841 Phaedriae
1072 2809 1202 2841 fidicina
1228 2810 1360 2842 fallaciis
1388 2810 1504 2849 differt,
1531 2818 1564 2843 et
1588 2811 1624 2844 in

885 2863 1027 2895 praesens
1039 2853 1155 2928 evadBit.
1186 2853 1347 2886 Caeterum
1361 2854 1485 2897 corrige
1497 2855 1537 2887 ob
1551 2865 1626 2888 sen-

886 2907 957 2928 sum
971 2897 1070 2928 solvis
1098 2896 1135 2928 B.

931 2939 979 2971 16.
994 2941 1134 2971 Praesem
1168 2941 1227 2971 uod
1237 2938 1473 2980 sueratmalun
1494 2943 1527 2973 t‘n
1547 2943 1627 2974 diem

886 2981 980 3025 abiit]
1002 2951 1169 3024 Υποφσρεῖ
1207 2984 1315 3025 Plaga
1336 2983 1489 3026 ασεσαπί]
1517 2985 1625 3018 Ἄνθυ-
