1910 3216
423 103 609 141 INDEX
638 101 967 140 VERBORUM
998 101 1068 138 ET
1099 101 1426 139 PHRASIUM.
1744 107 1789 141 61

56 186 102 218 iii.
125 187 157 224 2,
173 185 227 218 37.
272 186 313 217 In
336 185 485 226 ignotum
507 187 612 217 locun.
628 183 839 219 {incendatur
857 189 922 214 tua.
946 182 1033 214 And.
1058 181 1093 214 ii.
1119 183 1150 220 3,
1171 183 1200 213 8.
1215 178 1221 204 ¹
1236 192 1369 215 narrare
1397 193 1479 224 quos
1500 183 1680 225 praebueris
1707 185 1793 215 ludos

58 230 188 261 Phorm.
204 229 251 260 iii.
269 230 300 265 3,
318 229 367 259 15.
629 222 634 241 ’
649 227 801 267 Dumque
816 228 887 267 ejus
906 227 1010 256 lubido
1032 224 1204 257 ooclun’st
1237 226 1335 258 intus.
1354 226 1437 257 Eun.
1454 236 1485 258 v.
1502 226 1533 263 6,
1549 227 1580 258 9.
1618 227 1722 258 Vobis
1734 226 1792 258 da-

102 271 179 313 logi]
197 272 405 303 Foeneratum
418 271 502 302 istuc
514 271 613 302 bene-
647 268 863 301 contumeliis.
908 268 996 299 And.
1024 267 1070 299 iii.
1097 269 1127 304 3,
1151 268 1203 298 25.
1238 275 1446 310 turpotestas
1460 268 1795 301 condecorandiludoe

59 314 170 346 licium
197 314 332 356 pulchre
359 314 418 345 tibi
445 313 543 345 dices.
571 313 613 344 D.
650 313 772 344 Praeter
789 313 860 352 ejus
883 313 1058 342 lubidine-u.
1083 310 1204 342 Heaut-
1238 311 1393 343 soenicos.
1430 311 1513 342 Hec.
1534 311 1603 345 Alt.
1630 312 1715 343 Prol.
1740 313 1792 345 37.

60 358 149 398 Logi-
175 357 303 388 Phorm.
321 356 368 387 iii.
385 358 415 393 2,
433 358 465 387 3.
649 355 670 386 i.
687 357 718 393 2,
735 356 787 387 27.
1242 353 1282 385 ln
1298 353 1412 386 eodem
1423 364 1538 385 omnes
1551 354 1632 385 mihi
1642 355 1795 386 videntur

104 399 208 440 longe]
226 399 382 430 Adcurrit
393 399 434 430 ad
444 409 507 436 me,
519 407 615 439 quam
686 397 765 438 laci]
775 397 858 428 Cum
867 396 974 438 primo
983 397 1053 427 luci.
1065 394 1204 437 Adelph.
1240 398 1310 427 ludo
1339 397 1442 428 doctae
1471 396 1513 428 ad
1539 396 1707 428 malitiam.
1752 397 1795 428 Ei

61 444 148 483 longe
172 442 314 482 quidem.
339 442 423 473 Eun.
447 441 481 472 ii.
508 442 538 478 3,
563 442 615 472 44.
652 451 681 472 v.
698 442 729 476 3,
747 441 798 470 55.
822 439 897 470 vide
914 439 1027 470 Notas.
1241 441 1321 476 ludo,
1336 439 1364 471 si
1387 439 1454 470 ulla
1472 439 1516 470 sit
1530 439 1694 481 magistra,
1711 440 1795 471 hanc

61 485 169 520 Quam
193 487 279 526 longe
303 495 323 515 a
346 484 436 515 mari.
461 481 546 515 Eun.
569 483 616 514 iii.
694 481 831 522 laciscit]
868 483 1006 513 Luc-'scie
1034 480 1095 512 hoc
1127 481 1205 521 jam.
1240 481 1406 513 essesatis
1419 488 1510 513 certo
1524 482 1601 514 scio.
1619 482 1749 514 Hec.ii.
1766 484 1794 519 l,

63 529 156 564 3,13.
189 529 291 568 Longe
302 528 369 567 jam
380 527 533 563 abieram,
543 536 617 557 cum
654 526 774 557 Heaut.
790 525 836 556 iii.
858 525 885 562 1,
905 525 932 555 l.
1242 526 1261 555 6
1278 530 1311 555 et
1327 524 1356 557 7.
1373 524 1447 556 vide
1461 525 1574 556 Notas.
1610 524 1744 562 Securi,
1760 525 1796 556 in

62 570 160 601 sensi.
201 570 286 601 Eun.
318 569 360 600 iv.
389 571 419 607 2,
443 570 472 600 5.
520 569 618 600 Errat
695 567 829 608 lucrum]
858 567 1017 607 Magnum
1034 575 1104 596 esse
1119 564 1153 596 iu
1170 574 1208 596 ea
1242 568 1346 598 ludum
1361 567 1479 598 ducere
1494 573 1529 598 et
1542 567 1729 599 redducere.
1754 567 1796 599 lu

65 614 161 654 longe.
186 612 325 654 Adelph.
342 612 363 643 i.
383 613 411 649 l,
427 613 480 643 40.
654 621 688 642 re
718 613 843 642 luerun-
882 609 1003 640 fleant.
1028 608 1075 639 iii.
1100 609 1130 644 3,
1154 609 1207 638 48.
1242 620 1308 650 quo
1323 609 1391 641 haec
1405 610 1550 641 discebat
1564 611 1644 641 lado.
1664 610 1796 641 Phorm.

107 654 328 696 longinquitas]
357 655 403 686 Ut
422 665 464 685 ne
478 653 531 685 cui
547 663 620 684 mea
655 654 708 685 Ne
722 653 777 684 ille
792 652 878 684 haud
890 652 960 688 scit,
972 651 1106 692 paulum
1119 652 1208 687 lucri,
1244 651 1263 682 i.
1289 653 1319 689 2,
1347 653 1368 683 6
1391 659 1425 684 et
1451 653 1481 683 8.
1527 652 1574 684 Ut
1599 654 1685 684 ladon
1709 652 1797 685 facit.

63 699 270 738 longinquitas
284 697 389 728 aetatis
401 697 516 728 obstet.
535 697 617 727 Hec.
654 703 810 737 quantum
841 695 883 726 eii
913 693 1025 725 damni
1047 699 1207 734 apportet.
1244 694 1375 726 Phorm.
1392 705 1421 726 v.
1438 694 1469 731 7,
1486 696 1538 726 52.

66 740 108 771 iv.
125 742 156 776 2,
173 742 224 771 20.
247 740 322 771 vide
337 740 450 771 Notas.
657 739 777 770 Heaut.
790 738 833 768 iv.
847 739 878 775 4,
891 738 943 768 25.
983 736 1159 767 Pecuniam
1174 735 1208 766 in
1287 736 1444 779 lugubris]
1469 737 1681 769 Mediocriter
1696 737 1799 769 vesti·

108 782 281 824 longitudo]
299 782 476 814 consulere
500 781 535 812 in
554 783 618 812 lon-
654 781 1097 821 loconeglegeremaxumum
1107 778 1208 808 inter·
1245 786 1311 810 tam
1324 787 1414 812 veste
1430 782 1563 821 lugubri.
1582 780 1703 812 Heaut.
1718 780 1752 811 ii.
1767 781 1799 818 8,

61 828 241 866 gitudinen.
269 826 388 856 Heaut.
405 835 434 856 v.
452 826 483 861 2,
503 825 551 855 10.
654 824 775 855 dum'st
790 825 915 854 lucrum.
933 821 1072 862 Adelph.
1087 820 1121 851 ii.
1137 822 1167 856 2,
1179 822 1207 851 8.
1226 823 1230 865 ξ
1244 824 1297 853 45.

108 867 244 909 longule]
283 868 359 899 Non
391 867 515 908 cogitas
543 866 620 897 hinc
659 867 697 898 ld
706 866 747 897 de
757 868 962 907 lueroputato
971 874 1051 894 esse.
1070 862 1230 918 Adelph-l
1288 864 1393 905 lupus]
1423 865 1527 896 Ovem
1552 867 1622 906 lupo
1641 864 1798 896 commisi.

66 912 184 951 longule
200 912 293 941 esse?
321 911 440 941 Heaut.
456 909 490 941 ii.
508 910 538 945 2,
558 910 606 940 10.
656 920 684 940 v.
700 910 730 945 3,
747 909 799 939 31.
845 908 952 938 Omne
973 905 1059 946 quod
1083 912 1134 935 est
1158 916 1208 936 m-
1227 920 1229 945 }
1247 907 1330 938 Eun.
1340 918 1369 938 v.
1383 908 1469 944 1,16.
1478 907 1552 938 vide
1562 908 1677 939 Notas.
1693 908 1802 948 Lupus

109 952 233 994 longus]
257 954 436 994 Longu-’st
450 962 510 983 nos
528 951 619 982 illum
656 958 745 982 terea
780 957 918 991 tempus,
951 949 1140 990 priusquam
1177 947 1210 978 id
1227 948 1230 966 ¹
1245 949 1280 980 in
1306 949 1423 980 fabula.
1456 950 1595 991 Adelph.
1621 950 1665 981 iv.
1692 951 1721 987 1,
1748 951 1801 981 21.

66 1003 248 1037 expectare.
257 996 343 1026 And.
351 1006 381 1026 v.
392 996 484 1032 6,13.
513 994 619 1029 Quam
655 993 860 1029 rescitum’st,
884 993 1019 1023 lacro’st.
1052 990 1135 1021 flec.
1163 989 1209 1020 iii.
1246 992 1391 1023 Auribus
1415 998 1511 1024 teneo
1534 995 1647 1033 lupum.
1670 992 1803 1024 Phorm.

66 1038 335 1079 longamspatium
344 1037 474 1068 amandi
483 1037 620 1067 amicam
660 1038 686 1073 l,
704 1036 733 1068 7.
778 1035 867 1071 Quid
891 1033 971 1065 mihi
998 1035 1077 1064 lucri
1103 1039 1153 1063 est
1179 1039 1211 1063 te
1245 1034 1291 1065 iii.
1306 1036 1336 1072 2,
1353 1036 1405 1065 21.

65 1081 125 1112 tibi
140 1081 240 1112 dedi?
267 1081 348 1111 Hec.
365 1080 408 1110 iv.
423 1081 454 1116 4,
467 1080 518 1110 62.
553 1079 619 1110 Ex·
656 1078 788 1109 fallere?
808 1078 938 1108 Phorm.
951 1076 972 1106 i.
986 1077 1017 1112 2,
1032 1076 1080 1106 11.
1105 1075 1212 1105 Omne
1289 1076 1403 1117 Mum]
1419 1077 1468 1108 Te
1482 1076 1602 1108 ibidem
1614 1077 1803 1118 pervolvam

65 1123 191 1164 perire:
209 1133 274 1154 non
284 1129 334 1154 est
342 1125 471 1164 longua.
490 1122 619 1154 Phorm.
655 1121 688 1152 id
699 1121 941 1162 deputaboesse
954 1118 989 1149 in
1001 1120 1093 1149 lucrm
1112 1117 1209 1148 Phor.
1245 1119 1280 1150 in
1296 1121 1367 1150 luto.
1385 1119 1471 1150 And.
1488 1119 1531 1150 iv.
1548 1121 1579 1156 4,
1596 1120 1648 1150 38.
1689 1120 1729 1150 In
1745 1130 1803 1151 eo-

67 1166 114 1196 iii.
133 1167 163 1202 2,
183 1167 232 1197 10.
656 1164 689 1194 ii.
709 1165 737 1201 1,
754 1164 805 1194 21.
1246 1162 1321 1193 dem
1336 1162 1467 1193 haesitas
1482 1164 1555 1193 lato.
1579 1161 1710 1193 Phorm.
1723 1172 1754 1193 v.
1770 1163 1802 1199 2,

110 1207 231 1249 Ιοᾳιιον]
262 1208 388 1250 Aperte
416 1207 521 1249 ipsam
550 1217 620 1238 rem
699 1205 795 1246 lucto]
807 1204 858 1236 11Ιί
869 1203 1012 1240 anulum,
1020 1202 1096 1233 dum
1104 1204 1211 1239 lactat,
1250 1206 1299 1235 15.
1485 1212 1490 1216 ·

66 1251 163 1282 modo
188 1253 315 1282 laeuus.
347 1250 432 1282 And.
460 1249 482 1280 i.
511 1250 541 1286 2,
569 1251 620 1280 31.
657 1249 846 1280 detraxisse.
871 1247 955 1278 nec.
970 1256 1000 1276 v.
1018 1247 1048 1282 3,
1066 1247 1118 1276 31.
1289 1246 1360 1287 lux]
1394 1247 1488 1278 Neve
1516 1257 1619 1287 usque
1643 1249 1684 1278 ad
1708 1249 1803 1278 laeen-

66 1294 237 1329 Ausculto,
269 1295 387 1334 loquere
423 1292 501 1333 quid
530 1291 621 1323 velis.
700 1290 815 1331 luem]
855 1289 940 1320 Filio
968 1291 1082 1319 luctum
1107 1297 1211 1329 paras.
1248 1289 1372 1330 vig-iles.
1395 1290 1481 1320 Eun.
1498 1289 1531 1320 ii.
1547 1291 1577 1327 2,
1593 1290 1646 1322 47.
1680 1289 1744 1325 Qui
1761 1290 1802 1321 ab

68 1337 154 1367 And.
166 1336 213 1367 iii.
227 1337 257 1373 3,
269 1337 298 1366 5.
328 1335 426 1366 Mitte
436 1334 520 1366 male
532 1336 622 1375 loqui.
662 1334 742 1365 Hec-
756 1333 791 1364 ii.
810 1335 839 1370 1,
856 1333 907 1363 13.
1248 1333 1334 1362 Orco
1348 1340 1512 1363 mortuum
1533 1342 1586 1362 me
1600 1332 1753 1363 reducem
1767 1332 1803 1363 in

68 1379 154 1410 And.
172 1389 201 1410 v.
219 1381 249 1415 3,
270 1380 299 1409 2.
345 1377 505 1419 Perplexe
531 1379 622 1417 loqui.
702 1373 888 1415 luculentus]
913 1374 1033 1405 Forma
1049 1374 1211 1404 luculenta.
1248 1376 1342 1405 lucen
1356 1374 1482 1405 feceris.
1507 1374 1590 1405 Hec.
1607 1385 1637 1405 v.
1649 1376 1680 1412 4,
1701 1376 1750 1405 12.

69 1422 155 1452 Eun.
178 1432 208 1452 v.
229 1423 256 1457 1,
275 1422 304 1452 1.
348 1421 471 1462 Optata
494 1421 622 1460 loquere.
662 1419 783 1450 Heaut.
798 1418 846 1449 iii.
863 1419 894 1454 2,
914 1418 963 1447 12.
1291 1416 1398 1457 lusus]
1422 1417 1624 1448 Adulescens
1639 1418 1713 1448 luxu
1727 1426 1804 1458 per-

71 1464 191 1495 Heaut.
217 1464 263 1495 iii.
287 1465 318 1500 3,
339 1465 391 1494 50.
436 1463 623 1502 Numquam
702 1458 885 1499 ludibrium]
914 1459 1066 1505 Ludibrio
1092 1453 1212 1487 haberi·
1248 1459 1345 1490 ditus.
1369 1459 1509 1501 Adelph.
1525 1459 1568 1490 iv.
1586 1459 1616 1497 7,
1631 1461 1686 1490 42.

69 1507 270 1538 commodius
281 1505 555 1546 umquamherum
565 1514 622 1535 au·
663 1504 743 1535 Hec-
761 1503 782 1534 i.
798 1505 828 1540 2,
845 1502 897 1535 74.
929 1501 1006 1532 Non
1021 1509 1068 1531 sic
1081 1499 1215 1530 ludit-rio

68 1549 137 1580 divi
163 1551 253 1589 loqui.
290 1549 410 1580 Heaut.
438 1548 485 1578 iii.
513 1548 543 1584 2,
570 1548 623 1578 48.
660 1547 725 1577 tuis
744 1545 838 1577 factis
849 1543 978 1576 habitus
992 1552 1107 1574 essem.
1129 1540 1212 1571 Hec-
1291 1543 1805 1585 umam]1nterealociadna-

71 1592 126 1622 11Ιί
141 1592 228 1622 haud
243 1591 369 1628 licebat,
386 1590 450 1621 nisi
463 1589 625 1632 praefinito
660 1590 703 1620 iv.
722 1590 750 1625 1,
769 1589 818 1619 11.
1248 1588 1355 1617 πηνα
1369 1586 1424 1618 ubi
1441 1586 1644 1618 advenimus.
1667 1587 1753 1618 Eun.
1769 1587 1805 1619 ii.

70 1636 160 1674 loqui.
187 1635 270 1665 Hec-
283 1634 305 1664 i.
320 1635 349 1670 2,
369 1634 418 1664 19.
450 1632 624 1663 Crederem
703 1629 856 1671 ludificor]
877 1629 1052 1668 Postquam
1064 1626 1214 1674 'lnam-a·
1250 1630 1280 1666 2,
1302 1630 1353 1659 24.
1393 1628 1522 1660 Nostin'
1539 1630 1700 1671 porticum
1760 1629 1806 1662 ud

69 1687 148 1708 vera
171 1677 258 1707 hunc
282 1678 372 1715 loqm'.
395 1675 524 1707 Phorm.
543 1674 577 1705 ii.
597 1676 624 1711 1,
661 1676 738 1705 tu’st
759 1673 928 1714 virginem.
952 1670 1038 1701 Eun.
1062 1678 1106 1699 ιν.
1130 1669 1160 1704 3,
1184 1668 1213 1698 3·
1249 1672 1649 1703 munnhaedeorsumz
1662 1671 1717 1702 Ad
1748 1671 1805 1713 ph.

70 1721 122 1750 48.
162 1719 292 1760 Pergin'
309 1719 389 1749 hero
401 1717 527 1749 absenti
542 1717 626 1748 male
661 1717 712 1747 Tu
728 1726 780 1747 me
794 1716 847 1746 hic
863 1715 970 1750 etiam,
988 1710 1117 1747 nebulo,
1132 1711 1213 1758 lud}-
1250 1713 1292 1744 iv.
1308 1715 1338 1751 2,
1352 1715 1404 1745 34.

72 1764 162 1802 loqui,
184 1761 414 1803 inpurissime?
441 1760 571 1791 Phorm.
591 1760 624 1790 ii.
653 1761 813 1798 ficabere?
837 1758 921 1788 Eun.
935 1756 978 1786 iv.
993 1756 1024 1790 4,
1042 1754 1094 1783 50.
1127 1752 1216 1788 Quld
1293 1756 1443 1797 maceria]
1468 1756 1566 1787 Hanc
1580 1756 1616 1787 in
1630 1756 1726 1787 horto
1739 1767 1806 1788 na-

73 1806 103 1841 3,
121 1806 172 1835 25.
662 1812 728 1838 vos,
743 1801 874 1837 malum,
888 1809 966 1840 ergo
986 1806 1038 1827 me
1053 1795 1099 1826 sic
1113 1797 1214 1834 Indifi-
1249 1801 1361 1829 cerina
1371 1800 1451 1839 jube
1466 1798 1562 1830 dirui.
1580 1798 1720 1840 Adelph.
1732 1809 1763 1830 v.
1774 1799 1806 1837 7,

116 1846 228 1887 lorum]
255 1846 367 1887 Usque
382 1845 423 1876 ad
438 1855 552 1876 necem
567 1855 626 1886 op-
662 1847 773 1875 canini
784 1846 800 1873 ?
825 1843 954 1873 Phorm.
971 1850 1001 1870 v.
1016 1839 1045 1875 7,
1063 1838 1114 1868 55.
1255 1842 1303 1872 10.

72 1890 200 1931 periere
227 1891 309 1919 loris.
334 1889 391 1919 SA.
419 1889 510 1919 Loris
534 1887 626 1919 liber.
706 1885 793 1926 ludo]
824 1886 901 1916 Non
917 1890 949 1915 te
964 1881 1077 1913 credas
1090 1880 1216 1911 Davom
1294 1882 1427 1923 namo]
1456 1882 1577 1914 Anime
1598 1883 1655 1921 mi,
1678 1883 1746 1914 noli
1772 1889 1807 1915 te

74 1932 213 1973 Adelph.
231 1931 264 1962 ii.
284 1933 312 1967 1,
330 1933 382 1962 28.
663 1931 775 1960 ludere.
799 1928 886 1958 And.
898 1926 942 1957 iv.
959 1926 989 1962 4,
1006 1925 1059 1954 48.
1104 1923 1216 1953 Nebu-
1251 1937 1414 1957 mamre,
1439 1926 1524 1957 And,
1542 1925 1586 1956 iv,
1609 1927 1640 1963 2,
1663 1927 1694 1957 2,
1737 1926 1807 1958 cm·

114 1973 238 2014 lubens]
270 1974 341 2015 Ego
357 1983 433 2004 vero
447 1972 528 2003 illud
543 1972 627 2003 fece-
663 1971 770 2002 lonem
796 1971 883 2001 hunc
908 1968 1078 1999 certum’st
1103 1966 1216 1995 ludere.
1252 1978 1304 1999 me
1316 1971 1458 1999 macero?
1474 1968 1561 1999 And„
1572 1978 1602 1999 v,
1615 1969 1647 2006 3,
1659 1969 1709 2000 15,
1733 1968 1806 2000 sal.

73 2017 135 2048 rim
158 2028 195 2048 ac
218 2019 332 2047 lubens.
356 2016 441 2047 Eun.
464 2015 511 2046 iii.
529 2016 558 2052 5,
575 2017 627 2045 43.
666 2015 750 2045 Eun.
762 2013 795 2044 ii.
814 2014 843 2050 2,
861 2013 912 2043 38.
950 2010 1068 2041 Cibum
1084 2017 1150 2038 una
1164 2017 1217 2037 ca-
1252 2018 1397 2042 samenta
1406 2010 1806 2053 haecfacnaeerentnrpul-

72 2060 148 2091 vide
167 2060 280 2090 Notas.
320 2058 449 2089 Faciam
471 2057 547 2088 boni
569 2057 627 2088 tibi
663 2057 743 2098 pias,
757 2055 853 2091 adsis,
864 2062 988 2094 tangas,
1009 2053 1217 2100 lufffmpl'op·
1252 2053 1339 2084 chre.
1363 2053 1503 2094 Adelph.
1518 2052 1565 2084 iii.
1577 2054 1607 2090 3,
1624 2053 1677 2084 26.

74 2102 207 2143 aliquid.
219 2113 256 2133 ac
268 2103 381 2132 lubens.
408 2101 527 2131 Heaut.
541 2100 584 2130 iv.
598 2101 628 2137 5,
665 2106 714 2130 ter
740 2098 892 2129 dormias.
927 2096 1012 2126 Eun.
1044 2104 1078 2124 ιι.
1107 2094 1138 2129 3,
1166 2093 1217 2140 81.
1295 2094 1515 2135 „0010JF010
1529 2105 1605 2126 eum
1618 2095 1675 2126 tali
1689 2100 1807 2127 nacta.

77 2146 127 2176 15.
172 2144 247 2175 Tibi
277 2146 381 2174 lubens
411 2144 493 2174 bene
519 2142 626 2173 faxim.
665 2141 876 2173 Consimilem
904 2141 1019 2169 luserat
1041 2137 1111 2176 jam
1141 2134 1218 2165 olim
1254 2143 1326 2175 tun,
1342 2144 1440 2178 atque
1460 2137 1514 2169 hic
1536 2144 1595 2175 est,
1619 2137 1807 2170 infortunio.

76 2187 216 2228 Adelph.
233 2197 262 2217 v.
287 2188 317 2223 5,
341 2188 371 2217 5.
419 2185 571 2216 Hilarum
593 2195 630 2216 ac
666 2184 720 2215 ille
749 2184 871 2214 ludum.
912 2181 997 2212 Eun.
1024 2178 1071 2209 iii.
1103 2178 1134 2214 5,
1166 2178 1217 2225 38.
1255 2180 1385 2211 Phorm.
1401 2190 1431 2211 v.
1449 2181 1480 2216 8,
1496 2180 1548 2211 39.

74 2232 223 2261 lubentem
236 2229 285 2260 fac
301 2235 333 2260 te
345 2227 436 2270 gnati
448 2228 482 2259 in
496 2227 629 2269 nuptiis.
668 2228 766 2257 Ludis
786 2225 921 2256 fortasse
943 2232 1005 2254 me.
1030 2221 1152 2252 fleant.
1175 2229 1217 2250 iv.
1296 2221 1433 2262 macula]
1462 2222 1559 2253 nanc
1579 2224 1728 2254 „ae-10„
1747 2233 1809 2255 Μ

76 2272 217 2313 Adelph.
240 2271 283 2302 iv.
307 2272 337 2308 7,
358 2272 410 2302 38.
456 2270 548 2301 Nihil
571 2277 630 2306 est,
666 2270 696 2306 6,
714 2271 765 2300 20.
810 2268 976 2307 Congrum
990 2264 1089 2295 istum
1105 2272 1218 2293 maxu-
1253 2264 1506 2306 deceteffugeoe.
1524 2264 1664 2306 Adelph,
1673 2266 1808 2302 v,8‚31,

75 2325 167 2356 aeque
179 2314 266 2354 quod
276 2314 391 2345 faciam
403 2315 516 2344 lubens.
534 2313 630 2344 Phor.
666 2322 755 2342 mum
767 2311 802 2341 in
814 2320 898 2350 aqua
909 2307 1008 2339 sinito
1019 2308 1123 2336 ludere
1138 2314 1218 2345 pau·
1305 2306 1445 2347 ustus]
1485 2307 1628 2338 Domum
1662 2314 1811 2340 mmm

77 2358 124 2388 iii.
142 2359 173 2394 3,
190 2358 241 2388 32.
665 2354 775 2395 lisper.
800 2351 939 2393 Adelph.
955 2349 1002 2380 iii.
1020 2350 1050 2386 3,
1067 2349 1118 2395 233
1153 2347 1221 2378 Cur
1255 2355 1384 2381 nestas.
1409 2350 1531 2381 fleant.
1543 2349 1565 2380 i.
1584 2350 1613 2386 1,
1629 2348 1681 2382 70.

112 2398 212 2439 lubet]
225 2399 295 2440 Age
310 2409 380 2439 age,
389 2403 426 2429 ut
442 2400 534 2429 lubet.
544 2397 631 2428 And.
666 2407 731 2427 non
759 2397 830 2426 ludo
850 2395 937 2425 hunc
963 2390 1217 2432 aliquantisper?
1303 2391 1465 2433 magister]
1496 2392 1586 2423 Dum
1614 2401 1690 2424 eum
1718 2398 1808 2430 ειη,

77 2443 111 2474 ii.
139 2444 167 2479 l,
197 2443 246 2472 10.
290 2442 373 2476 Quae
399 2451 472 2471 meo
494 2450 632 2480 cumque
648 2472 651 2482 ‚
667 2440 810 2470 Obsecro
821 2447 900 2468 num
910 2437 991 2466 ludis
1000 2441 1036 2465 tu
1048 2443 1134 2464 nunc
1146 2432 1218 2463 me?
1256 2441 1370 2470 metus,
1407 2437 1554 2475 mgi‘oer
1586 2433 1807 2467 cohibebunt

77 2485 187 2516 animo
203 2485 383 2515 lubitu-ist.
401 2483 486 2514 And.
502 2482 525 2513 i.
538 2484 569 2518 5,
580 2483 630 2513 28.
648 2483 651 2528 l
666 2480 807 2522 Adelph.
820 2480 863 2510 iv.
877 2480 907 2515 5,
918 2480 937 2509 5
950 2485 983 2508 et
995 2477 1046 2507 63.
1083 2475 1221 2516 Propter
1256 2477 1341 2508 And.
1357 2477 1380 2508 i.
1399 2478 1427 2514 1,
1444 2478 1495 2510 27.
1518 2477 1593 2508 vide
1613 2477 1729 2509 Nona.
1772 2477 1809 2509 Si

78 2527 322 2563 Quamobrem?
360 2526 393 2557 S.
425 2525 511 2560 Quia
540 2526 631 2555 lubet.
648 2536 652 2568 ς
667 2534 759 2555 suam
788 2520 1003 2563 inpotentiam
1029 2528 1065 2550 se
1092 2526 1221 2566 semper
1255 2519 1328 2560 quis
1356 2521 1536 2560 uagi-rmn-
1558 2518 1648 2560 cepit
1669 2519 1712 2550 nd
1736 2529 1810 2551 mm

78 2569 166 2602 And.
192 2580 221 2599 v.
251 2570 281 2604 2,
305 2569 357 2599 21.
404 2567 525 2603 Faciat,
547 2567 634 2607 quod
649 2574 652 2604 3
666 2565 805 2597 credunt
827 2566 936 2595 ludier.
959 2560 1099 2602 Adelph.
1122 2569 1166 2590 tv.
1190 2560 1220 2596 3,
1255 2572 1325 2593 rem
1350 2561 1534 2603 inprobum.
1557 2561 1644 2593 Aud-
1666 2561 1689 2593 i.
1708 2562 1739 2599 2,
1754 2563 1809 2594 21.

79 2615 171 2643 labet.
201 2611 322 2642 Heaut.
349 2610 396 2641 iii.
423 2611 451 2646 1,
479 2611 531 2640 55.
578 2609 634 2640 Nil
650 2615 652 2630 r
671 2609 719 2640 16.
736 2608 812 2639 vide
827 2607 940 2638 Notas.
973 2604 1023 2635 lta
1040 2603 1148 2634 vita’st
1162 2601 1220 2632 ho-
1258 2604 1315 2635 Me
1337 2603 1414 2635 filiis
1434 2604 1623 2644 relinquunt
1635 2603 1729 2644 quasi
1742 2615 1809 2637 aa·

78 2655 200 2690 vident,
217 2653 280 2684 nisi
295 2652 381 2693 quod
396 2653 488 2683 lubet.
513 2652 633 2682 Heaut.
649 2635 653 2675 Ῑ
668 2650 804 2686 minum,
819 2648 910 2690 quasi
932 2647 960 2678 si
976 2648 1066 2677 ludas
1081 2643 1221 2692 tesseris.
1252 2649 1395 2688 gismun-
1424 2646 1554 2678 Phor-m.
1570 2645 1592 2678 i.
1608 2647 1640 2683 2,
1656 2647 1708 2678 22.
1741 2652 1747 2657 '

79 2697 122 2728 iv.
142 2698 170 2733 l,
186 2698 238 2727 30.
270 2695 318 2725 Ut
331 2697 423 2726 lubet.
446 2693 587 2735 Adelph.
599 2693 633 2724 ii.
650 2691 653 2724 i
671 2692 808 2733 Adelph.
839 2691 882 2721 iv.
915 2690 945 2727 7,
976 2690 1028 2719 21.
1080 2687 1121 2735 lp
1150 2693 1222 2717 leus
1291 2687 1509 2730 nagistrum]
1521 2690 1811 2730 uagiurmmm

80 2741 110 2777 2,
129 2741 180 2770 38.
222 2739 297 2773 Quo
313 2739 395 2768 lubet
416 2736 561 2767 cruciatu
576 2745 636 2777 per
650 2751 653 2771 :
669 2745 768 2777 opera
783 2736 910 2765 luditur.
934 2731 1065 2763 Phorm.
1081 2739 1115 2760 ιι.
1129 2729 1220 2766 218.
1257 2730 1302 2762 ibi
1337 2731 1498 2768 adessent,
1532 2732 1710 2772 oeeepffgt
1745 2732 1809 2773 ,εἰ

80 2792 133 2813 me
143 2780 287 2821 exquire.
306 2779 389 2810 Hec.
400 2789 429 2809 v.
443 2780 474 2815 2,
486 2778 515 2811 7.
548 2778 654 2814 uuest
712 2776 818 2817 ludus]
835 2776 926 2811 Quos
937 2783 990 2805 me
1005 2774 1091 2804 ludos
1107 2770 1222 2802 redde-
1258 2773 1344 2804 Eun.
1382 2773 1469 2805 Prol.
1504 2774 1556 2804 22
1586 2773 1662 2805 vide
1693 2773 1809 2806 Nom

81 2824 110 2856 si
125 2823 203 2864 quid
219 2824 310 2853 lubet.
336 2821 465 2852 Pborm.
479 2831 510 2852 v.
527 2821 558 2857 7,
574 2821 625 2851 88.
651 2818 653 2849 Ξ
669 2820 742 2851 ret?
760 2819 847 2850 And.
858 2817 906 2848 iii.
919 2818 948 2853 1,
959 2817 1012 2847 21.
1023 2814 1099 2846 vide
1108 2813 1223 2845 Notu-
1256 2815 1809 2857 Magistramdifhomiiss,56.

128 2864 249 2905 lubido]
283 2863 457 2904 Ingenium
487 2868 538 2894 est
566 2872 635 2893 om·
650 2862 654 2897 ἰ
671 2863 791 2893 Ladan
813 2862 988 2901 jocumque
1012 2857 1103 2889 dms
1124 2855 1224 2887 fuine
1299 2856 1534 2907 anag-isocen]
1559 2858 1809 2900 Quemegoin·

81 2908 172 2940 nium
190 2906 358 2938 hominum
373 2906 415 2937 ab
430 2905 539 2936 labore
561 2914 636 2953 pro-
651 2904 654 2926 ἲ
670 2903 763 2935 illum
785 2903 932 2935 alterum.
966 2900 1052 2932 Eun.
1079 2908 1112 2930 ιι.
1135 2899 1167 2935 3,
1192 2899 1222 2929 8.
1258 2899 1370 2949 tellexx
1383 2899 1473 2932 illam
1487 2900 1576 2932 haud
1591 2901 1700 2932 minus
1714 2911 1811 2942 quam

81 2951 166 2982 clive
190 2949 232 2980 ad
255 2950 429 2979 lubidine-⁸.
454 2947 539 2979 And.
561 2957 584 2978 ι.
608 2948 637 2984 l,
651 2927 655 2971 ¹
671 2943 1127 2978 Consimilemlmemlnam
1137 2940 1222 2989 Eun.
1258 2953 1294 2974 ιε
1307 2941 1658 2985 xpum-ognosaoere.
1676 2943 1759 2976 liet.
1775 2943 1810 2975 ii.

83 2994 135 3024 ⁵1.
180 2993 254 3028 Quo
275 2990 379 3031 magis
400 2991 503 3021 lubido
519 2989 717 3022 fristra-iii.
739 2989 771 3026 5,
795 2989 847 3020 38.
892 2987 969 3018 Non
991 2993 1123 3027 possum
1146 2988 1227 3015 utu
1260 2987 1292 3023 2,
1309 2985 1361 3019 18.
1423 2992 1425 2995 ⁴
