1852 3216
491 98 737 139 VICTOR
774 98 859 137 DE
895 97 1238 138 COMOEDIA.
1575 101 1633 140 xli

94 183 1266 236 nbiummmededoemquoniametcomessaride
1292 186 1448 224 nomine
1474 186 1625 226 dictum

95 240 355 281 Philo-inme
372 238 682 291 affirmaucujus
619 238 630 247 '
694 237 844 278 scilicet
859 237 1029 277 numinis
1041 237 1278 277 dexteritate
1290 238 1479 289 quaelibet
1497 240 1624 279 bomi-

93 295 211 334 iiibus
234 293 365 332 fausta
390 293 623 332 comessatio
567 252 821 332 wdaretur
877 291 987 335 Quid
1010 300 1141 330 autem
1168 292 1221 330 sit
1245 292 1467 338 comessari,
1488 292 1623 332 Philo-

95 357 244 387 stratus
261 347 430 398 imagine
443 346 558 385 Comi
576 346 729 385 facilius
746 346 832 390 tibi,
844 359 964 397 quam
982 358 1058 396 ego
1074 346 1234 397 possim,
1246 346 1542 391 demonstrabit,
1556 347 1625 386 ubi

91 402 205 454 fingit
222 415 311 440 eum
332 401 591 446 fervescente
596 412 710 439 mero
733 400 917 452 supinum
944 399 1168 444 dormitare,
1187 400 1364 451 facieque
1390 413 1475 452 prae
1502 401 1623 440 nimio

88 466 186 509 potu
203 454 448 499 scintillante,
467 454 660 494 rhonchos
675 454 755 493 ab
743 468 823 492 imo
841 463 1001 505 pectore
1018 462 1186 492 stertere
1203 453 1474 493 deducentem.
1511 453 1622 493 Utri-

87 523 212 561 usque
230 523 326 547 vero
345 522 464 547 sexus
483 509 669 553 homines,
688 508 728 546 id
753 507 861 559 quod
887 508 971 559 ipse
997 506 1207 551 desiderat,
1226 508 1418 560 gregatim
1443 508 1621 547 vestibus

86 563 331 625 permutatis,
350 562 567 624 plausuque
584 562 786 606 concinno,
801 575 881 613 quo
900 561 1068 599 maxime
1085 570 1250 613 possunt
1267 562 1384 623 genio
1401 561 1620 613 indulgere.

87 616 210 661 Quod
241 618 369 669 ipsum
400 616 439 655 in
467 617 540 657 hac
571 617 668 655 urbe
695 616 840 668 saepius
867 615 1015 661 vidisti,
1033 628 1156 666 quum
1185 615 1376 654 mimariae
1404 615 1467 664 (ut
1491 615 1621 665 aiunt)

88 670 314 710 saltationes
332 670 517 722 hybernis
534 671 715 709 noctibus
731 669 1032 715 debacchantur,
1051 683 1144 720 quae
1162 678 1262 708 teste
1281 668 1441 708 Polluce
1459 673 1622 719 “aptam

87 724 277 777 appellari
302 734 552 763 consuerunt,
609 723 702 762 Noli
730 724 849 775 igitur
874 737 944 762 eos
970 722 1118 769 audire,
1137 723 1206 775 qni
1232 723 1443 762 comessari
1468 723 1621 763 dictum

87 788 229 831 putant
252 779 304 817 ab
326 792 409 822 esu,
427 778 613 830 quoniam
643 791 665 816 r
694 777 861 829 simplici
889 777 1109 816 necessario
1125 778 1375 822 scriberetur,
1404 790 1478 817 nec
1505 791 1620 817 secus

87 832 231 872 eruditi
251 841 426 871 veterum
442 831 597 871 codices
613 832 815 870 haberent.
870 830 974 870 Nam
992 830 1178 870 Graecum
1195 830 1291 870 illud
1308 835 1462 881 καμίζο,
1480 845 1620 884 quem·

88 886 300 926 admodum
327 901 351 924 z
378 885 520 925 litterae
548 894 686 925 natura
710 885 919 930 desiderat,
937 884 1084 936 duplici
1101 898 1142 923 ss
1165 883 1304 924 Latine
1320 885 1479 947 quidem
1495 899 1619 925 amio-

89 950 207 985 tamr,
235 940 351 979 sicuti
376 943 583 990 φιλητίζο,
612 939 845 992 philippisso
869 947 943 977 est.
1001 939 1063 977 lta
1090 942 1262 1036 κομᾶδὰι
1270 940 1383 991 quasi
1394 940 1618 992 toposque,

88 994 272 1033 videlicet
306 994 606 1033 comessantium
640 994 841 1032 homiuum
876 992 1081 1031 cantilena.
1303 993 1537 1032 Graecotum
1577 1003 1621 1033 et

88 1047 236 1087 Donati
262 1048 454 1087 sententia
478 1048 648 1086 maxime
674 1046 828 1099 placet3
857 1060 979 1098 quum
1002 1047 1222 1099 praesertim
1198 1006 1493 1086 uaedoctissimus
1510 1047 1620 1099 quis-

88 1102 440 1154 qnefateaturin
476 1101 1100 1153 Dionysiaciscomessationibus
1137 1100 1622 1153 idgenuspoematisa

88 1157 287 1195 veteribus
306 1156 424 1194 fuisse
442 1155 694 1195 celebratum.
751 1155 785 1194 1i
812 1168 908 1194 vero
934 1155 1029 1193 mihi
1056 1154 1165 1193 nullo
1190 1164 1308 1206 pacto
1330 1154 1499 1194 blandiri
1525 1169 1620 1207 pos-

88 1219 192 1257 sunt,
223 1211 293 1262 qui
324 1223 466 1249 nomen
497 1210 573 1249 boc
600 1212 671 1248 ἆεὸ
699 1215 769 1250 riu
796 1215 917 1258 κομεῖν
943 1208 1123 1248 derivare
1151 1208 1405 1252 contendunt,
1435 1210 1619 1261 quoniam

89 1263 1477 1316 Athenienses(apudquosnatainfereetauctamessecomoediam
1504 1277 1620 1303 nemo

87 1317 271 1370 ambigit)
286 1320 415 1366 δημουκ
429 1327 631 1363 vocarunt,
646 1331 751 1379 quae.
754 1319 806 1356 ab
823 1316 910 1356 aliis
926 1322 1035 1365 κῦμα
1052 1316 1217 1355 fuissent
1232 1316 1454 1369 appellatae.
1483 1316 1621 1356 Enim-

90 1385 186 1410 vero
219 1371 317 1410 illud
347 1385 467 1410 unum
493 1372 589 1410 mihi
618 1371 820 1423 negotium
855 1371 961 1417 facit,
989 1384 1039 1409 ne
1076 1370 1224 1409 scilicet
1254 1370 1421 1410 Comum
1453 1373 1523 1410 απὸ
1550 1377 1622 1410 νῦν

90 1432 210 1474 κομεῖν
240 1424 397 1464 Gracia
427 1425 597 1464 dixerit:
624 1424 953 1477 quemadmodum
983 1425 1150 1463 Romani
1178 1424 1429 1464 fornacaliam
1453 1425 1620 1464 servatis

88 1481 141 1518 ab
164 1479 343 1519 incendio
368 1479 523 1518 coluere
549 1479 795 1518 fornacibus:
822 1488 864 1517 et
889 1478 1100 1529 Robigum,
1121 1478 1205 1517 sive
1232 1478 1483 1531 Rubiginem‚
1500 1488 1621 1531 atque

87 1533 186 1572 alios
215 1533 448 1585 complures,
474 1547 500 1572 a
528 1534 673 1584 quibus
700 1541 916 1585 praeesoent
942 1534 1061 1571 rebus
1091 1531 1352 1584 appellavere.
1409 1531 1621 1585 Utcunque

89 1596 218 1626 tamen
244 1601 331 1626 sese
358 1601 421 1626 res
446 1587 945 1657 babaenreparumpcicav
968 1586 1158 1638 appellari
1181 1586 1414 1625 comoediam
1440 1586 1620 1625 affirmo.

88 1641 367 1692 quoniametsi
392 1645 473 1691 περὶ
497 1645 561 1681 τὰς
585 1640 1057 1690 repudient-iriam,
1076 1650 1207 1679 tamen
1233 1642 1350 1680 abeo
1374 1644 1417 1680 τὸ
1442 1645 1620 1689 κωμάζειν,

89 1695 1127 1747 undenqqamquasimpncbnmq’ssqwminatnr.
1175 1694 1622 1747 Verumexipsojam

88 1749 610 1800 nominepatuitquaenam
640 1748 1458 1810 definitiopossitcomoediaeconvenire,
1481 1762 1624 1801 poema

93 1802 241 1841 scilicet
267 1802 533 1841 demulcendis
560 1803 759 1841 bominum
786 1803 996 1848 mentibus,
1020 1802 1344 1853 excutiendisqne

92 1856 290 1895 cachinnis
317 1855 665 1895 accommodatum.
721 1855 813 1895 Hoc
841 1856 967 1894 innuit
994 1855 1196 1907 Virgilius,
1224 1864 1266 1894 et
1292 1855 1350 1894 illi
1374 1855 1621 1903 Graecorum,

93 1910 162 1961 qui
188 1914 339 1949 θάλειαν
362 1924 513 1949 musam
539 1910 699 1949 comicis
722 1910 936 1962 praesidere
952 1910 1190 1948 cecinerunt.
1244 1909 1352 1953 Quae
1377 1909 1527 1949 scilicet
1542 1910 1623 1949 fes-

93 1962 1080 2016 tivispullulansjoeis,adrisumusquedelectet.
1137 1963 1363 2002 Hocetiam
1387 1963 1622 2003 Aristoteles

91 2018 405 2079 compi-pharii,
393 2018 586 2068 mquiens,
605 2018 781 2069 quodiii
740 2017 1041 2079 inturpitudine
1066 2017 1274 2056 ridiculum
1295 2027 1370 2063 est,
1386 2018 1622 2057 comoediam

92 2072 251 2110 imitari.
305 2071 637 2133 Quandoquidem
653 2071 781 2111 illud
770 2071 945 2122 inprimis
972 2080 1101 2123 poetae
1119 2072 1239 2110 rebus
1255 2080 1298 2110 et
1313 2072 1446 2111 verbis
1462 2071 1622 2111 efficere

92 2127 357 2165 conabantur:
386 2126 472 2177 ipsa
497 2126 656 2177 quidem
682 2139 725 2165 re
750 2125 941 2169 bifariam,
960 2124 1142 2163 videlicet
1168 2124 1230 2163 vel
1248 2125 1431 2177 opinione
1454 2139 1539 2173 sua,
1555 2125 1624 2165 vel

91 2233 208 2279 nina,
235 2233 300 2273 vel
324 2234 421 2272 deos
447 2233 669 2272 mortalium
705 2234 912 2285 postremis
939 2233 1219 2285 componendo,
1249 2233 1364 2271 sicuti
1390 2232 1556 2272 Plautus
1580 2233 1623 2272 in

92 2286 378 2339 Amphitryone
408 2286 651 2326 Mercurium
679 2287 838 2326 simulat
863 2300 980 2338 agere
1010 2287 1189 2325 Sosiam:
1217 2285 1280 2325 vel
1307 2296 1455 2333 contra,
1484 2300 1623 2350 quem-

91 2340 304 2380 admodum
338 2342 379 2380 in
415 2341 537 2380 Banis
572 2341 847 2394 Aristophanis
880 2340 1015 2380 fabula
1049 2340 1242 2379 Xanthias
1274 2339 1353 2379 vile
1383 2341 1622 2393 mancipium

93 2393 307 2435 Herculem
329 2396 424 2447 agit.
472 2394 694 2435 Verborum
718 2394 1002 2434 autemmodis
1026 2394 1623 2446 septemcomicirisusexcisa-

91 2448 210 2488 bant:
236 2449 302 2488 vel
327 2448 477 2488 scilicet
501 2448 617 2501 plura
641 2449 867 2501 significans
892 2450 1058 2487 verbum
1085 2457 1382 2511 usurpantes‚q
1356 2448 1465 2499 quod
1488 2461 1622 2500 grani-

92 2503 225 2541 matiei
237 2503 373 2542 dieunt
389 2506 607 2552 ὁμονομὰσε
636 2503 701 2542 vel
718 2502 833 2555 plura
849 2502 1144 2555 significationis
1156 2502 1345 2554 ejusdem,
1359 2501 1468 2554 quod
1479 2512 1624 2543 vocant

93 2560 328 2605 m:
355 2557 420 2595 vel
441 2558 644 2609 proprium
666 2556 826 2609 aliquod
850 2556 1030 2595 ludentes
1049 2570 1191 2595 nomen
1208 2570 1255 2595 es
1273 2556 1433 2608 quidem
1454 2556 1621 2603 ratione,

94 2610 1148 2660 quanosinterdumoratoremdicimusaiatorem,
1175 2609 1369 2661 quodilli

91 2667 321 2713 mpla,
339 2663 1282 2726 velcsdemsaepiusnoninvenusterepetendo.
1300 2663 1409 2715 quod

22 2711 35 2717 ‘⁴
92 2718 326 2767 σδαλωχίως
352 2717 572 2769 cujusmodi
588 2728 650 2757 est
667 2718 767 2757 illud
784 2718 1007 2757 Ennianum
1026 2719 1077 2756 ab
1091 2717 1197 2756 Aulo
1214 2716 1347 2756 Gellio
1363 2717 1539 2764 citatum,
1552 2719 1623 2758 ubi

92 2772 257 2809 verbum
288 2771 823 2824 hocsnstraetsmstrari,
845 2770 1530 2811 decicseodemlocoinculcstur.
1558 2771 1625 2811 vel

92 2824 1004 2876 aspernandistudiodiminutivaformantes.
1031 2824 1623 2876 velaliquambaudabsurdc

91 2876 474 2918 literammutantes.
529 2877 1625 2932 Deniquepernontritasdieendifiguiaselegsntiam

93 2930 1626 2986 abnjffintrudeingemmapimmmtbeatrumoumerisudiffim·

847 3001 875 3039 8
