1852 3216
89 185 243 214 semu.
266 171 317 227 1.]

698 167 1010 213 ANDRIA.

147 260 266 302 ΡΛιι.
290 259 382 301 Cur
399 273 468 301 me
488 259 666 301 enicas?
696 258 781 301 hoc
801 258 927 300 audi:
959 270 1177 312 nunquam
1198 258 1366 299 destitit

147 324 334 373 Instare,
354 330 404 365 ut
423 323 610 366 dicerem
631 338 699 366 me
718 338 816 365 esse
837 323 1068 364 ducturum
1087 323 1202 377 patri
1219 339 1230 372 ;

149 388 359 438 Suadere,
380 402 519 438 orare,
540 402 678 442 usque
699 388 810 429 adeo
829 387 968 429 donec
988 386 1193 441 perpulit.

149 452 234 494 Cn.
271 452 383 500 Quis
412 452 541 494 homo
576 453 721 495 istuc?
773 452 891 494 Pin.

234 517 516 559 Interturbat.
569 517 654 559 Cn.
678 517 1003 565 Quamobrem?

929 451 1095 493 Davos.
1154 452 1240 494 CH.
1279 451 1460 493 Davos?

1055 516 1174 558 ΡΑΜ.
1197 515 1376 558 Nescio.

1515 451 1633 494 ΡΑιι.

93 590 136 619 40
151 580 252 623 Nisi
271 581 374 623 mihi
394 582 499 623 deos
521 582 624 623 satis
647 582 736 623 scio
754 581 888 625 fuisse
908 583 1057 633 iratos,
1079 583 1154 638 qui
1173 583 1213 625 ei
1233 582 1575 624 auscultaverim.

151 647 236 688 Cn.
259 646 441 689 Factum
454 646 539 700 hoc
554 653 637 697 est,
652 646 808 688 Dave?
859 647 980 690 DAV.
996 647 1192 690 Factum.
1243 647 1330 689 Cn.
1354 646 1470 689 Hem
1487 649 1497 688 !
1529 646 1636 702 quid

237 713 315 761 ais,
336 711 476 753 scelus
492 713 509 753 Ξ

150 775 216 818 At
236 777 314 818 tibi
335 776 397 817 Di
417 776 595 831 dignum
610 774 734 818 factis
755 777 933 819 exitium
953 777 1091 820 duint.

153 840 270 890 Eho,
293 841 363 882 dic
382 840 500 890 mihi,
521 841 557 881 si
576 855 723 882 omnes
743 841 859 884 hunc
880 844 1121 898 conjectum
1141 842 1185 883 in
1205 842 1379 897 nuptias

152 904 318 947 Inimici
336 903 509 953 vellent,
530 905 663 959 quod,
685 906 766 946 nisi
787 905 885 956 hoc,
908 906 1130 949 consilium
1150 907 1335 948 darent?

94 979 136 1008 45
154 969 275 1011 DAv.
296 969 523 1024 Deceptus
545 983 653 1018 sum,
674 976 719 1010 at
736 984 822 1011 non
842 970 1120 1025 defetigatus.
1171 971 1257 1012 Cn.
1281 970 1396 1013 Scio.

154 1035 274 1076 Dm.
296 1034 396 1076 Hac
416 1049 502 1075 non
522 1035 745 1084 successit,
766 1033 848 1076 alia
869 1035 1174 1089 aggrediemur
1194 1035 1275 1075 via.

154 1099 256 1141 Nisi
274 1099 319 1140 id
341 1106 485 1154 putas,
506 1098 609 1153 quia
627 1098 767 1153 primo
786 1100 1000 1154 processit
1018 1113 1187 1154 parum,

142 1188 194 1220 36.
219 1188 283 1220 Cur
303 1199 348 1219 me
364 1186 511 1228 enecas?]
537 1186 724 1218 Excrucias.
756 1187 846 1218 D.—

101 1233 164 1262 ΰιιι·
178 1242 223 1262 ne
237 1230 384 1271 meod]
394 1231 463 1262 Cur
472 1230 524 1261 his
536 1230 632 1261 dictis
644 1229 779 1261 crucias.
804 1230 844 1261 Ε.

142 1274 194 1306 37.
217 1275 349 1311 Instare,
370 1275 508 1310 suadere,
524 1272 630 1313 orare]
650 1273 737 1308 Quia
751 1272 846 1310 dixit,

99 1318 224 1354 instare,
249 1317 387 1353 euadere,
414 1327 512 1352 orm-e,
543 1325 609 1346 non
638 1315 713 1356 plus
739 1315 848 1346 dicere

99 1366 219 1400 posset,
249 1359 378 1399 quando
407 1357 489 1388 nihil
519 1363 627 1399 potest
655 1367 727 1388 esse
765 1358 847 1393 (Ms.

102 1401 212 1432 Hulst.
235 1411 329 1440 quare
344 1402 423 1430 nihil
439 1406 537 1440 potest
553 1411 626 1431 esse.
662 1400 759 1430 Unde
775 1410 847 1431 sus-

100 1443 192 1484 picor
212 1442 396 1484 legendum,
412 1448 553 1482 quortm-
568 1444 646 1473 nihil
656 1447 757 1481 potest
771 1453 846 1473 esse.

104 1485 194 1516 Dicit
223 1490 375 1526 quart-n,
404 1485 481 1525 quia
510 1484 572 1515 tria
603 1490 849 1525 praecesserunt,

101 1530 228 1564 instare,
242 1529 380 1563 euadere,
399 1538 494 1557 orare.
533 1527 594 1557 Ed.
619 1527 735 1557 Venet.
756 1528 848 1557 1490.

98 1570 180 1610 legit
191 1575 321 1610 qnarto:
349 1569 499 1600 similiter
522 1569 586 1600 Ms.
612 1568 734 1599 Boend.
750 1575 784 1599 et
798 1569 849 1599 ed.

100 1613 157 1643 Du
180 1612 218 1642 B.
263 1611 459 1651 Wielingius
481 1617 591 1641 tuetur
611 1613 741 1651 quando,
765 1611 851 1651 quod

99 1655 152 1686 hic
176 1654 291 1691 valeat,
316 1654 415 1694 quia).
459 1653 632 1684 D.—Cum
655 1663 769 1684 versus
795 1653 848 1684 hic

95 1698 185 1737 justo
199 1696 243 1728 sit
263 1695 400 1736 longior,
415 1695 471 1726 alii
493 1707 538 1727 noe
553 1695 698 1736 ejiciunt,
715 1706 776 1737 ego
791 1696 848 1727 de-

100 1739 153 1770 leo
167 1750 240 1770 esse.
272 1739 310 1770 B.

144 1783 196 1812 38.
213 1783 316 1812 Donec
323 1780 477 1821 perpulit]
495 1781 535 1811 ld
547 1787 606 1818 est,
615 1780 788 1822 persuasit⁴
809 1781 849 1812 F..

146 1825 197 1855 39.
226 1822 377 1863 Davum]
402 1825 519 1859 Davus,
541 1833 615 1854 cum
637 1823 851 1854 admiratione

127 1864 394 1897 renunciandum.
439 1865 648 1906 Inter-turbat]
675 1865 797 1896 Deerat
812 1871 851 1896 et

128 1908 166 1945 'c‚
189 1915 226 1939 ut
244 1909 357 1939 Davus
377 1907 521 1938 diceret:
554 1907 612 1938 sed
635 1907 710 1948 plus
730 1907 851 1944 intulit,

103 1953 299 1982 interturbat.
344 1950 391 1980 Et
420 1952 501 1981 inter
522 1950 618 1980 modo
640 1959 706 1980 non
728 1949 851 1980 medio-

103 1993 202 2066 :³:22¹
231 1993 395 2034 significat
421 1991 718 2073 (avyflqfflfficss
738 2000 853 2064 ιιιτεῖ.

217 2047 275 2066 ιιοιι
303 2046 359 2075 pm
382 2046 427 2065 me
450 2046 524 2065 ωσι-ι
552 2046 633 2075 signu
718 2045 772 2065 one
797 2045 829 2065 es
844 2057 853 2065 .

104 2078 206 2109 Varie
221 2084 329 2109 autem
344 2077 414 2108 haec
430 2077 580 2108 eduntur.
618 2077 683 2107 Sed
698 2076 727 2108 si
744 2087 855 2107 verum

104 2127 163 2158 est,
175 2120 262 2161 quod
278 2120 421 2151 Faernus
435 2119 608 2156 existimat,
619 2118 658 2150 τὸ
669 2121 857 2150 interturbat

104 2173 147 2195 ex
173 2163 382 2194 annotatione
411 2162 593 2203 irrepsisse,
623 2162 727 2203 possit
754 2161 852 2192 etiam

104 2205 174 2237 haec
188 2205 427 2236 animadversio
441 2215 507 2236 non
523 2215 594 2235 esse
608 2215 628 2235 a
650 2205 791 2241 Donato,
807 2204 855 2235 ita

106 2248 169 2280 sibi
190 2258 306 2290 parum
321 2247 482 2286 constat).
507 2254 557 2278 est
578 2247 666 2278 enim
685 2246 855 2277 adauctiva

104 2290 279 2333 particulm
300 2296 336 2321 ut
347 2289 533 2329 interfectus,
546 2293 732 2321 interemtus.
755 2289 856 2320 Modo

101 2339 172 2373 post
196 2339 242 2369 ut,
270 2333 363 2374 Virg.
387 2333 465 2363 AEn.
490 2332 545 2363 vii.
573 2334 624 2363 30.
626 2335 748 2362 —hunc
774 2334 855 2363 inter

98 2378 195 2415 Mo
212 2378 383 2417 Tyberinus
397 2387 521 2412 amoeno,
540 2377 712 2406 Vorticibus
724 2377 853 2414 rapidis,

105 2424 137 2450 et
151 2421 246 2450 mlta
254 2420 355 2457 flavus
369 2429 463 2449 arena
479 2419 517 2449 Ιιι
532 2429 614 2449 mare
630 2419 809 2458 prorumpit.
810 2435 855 2440 —

106 2460 235 2501 Nescio]
246 2461 333 2496 Quia
347 2461 497 2492 irascitur
509 2461 614 2497 Davo,
628 2460 712 2491 dixit
722 2462 854 2491 Nescio.-

106 2503 249 2544 alioquin
271 2503 342 2535 scit.
380 2503 553 2534 D.—Dele
574 2505 762 2534 interturbat
783 2509 855 2534 tan—

107 2556 204 2587 quam
218 2545 388 2587 glossema.
419 2546 457 2576 B.

152 2589 204 2619 40.
228 2589 301 2619 Nisa·
322 2590 480 2619 nihideos
500 2587 767 2629 salisa-inficiae
789 2591 854 2619 ira-

108 2630 171 2671 tos]
196 2631 306 2667 Deest.
322 2633 416 2670 quia.-
437 2637 475 2662 ιιι
496 2631 548 2668 sit,
563 2633 625 2661 nisi
646 2633 728 2671 quia.
768 2631 856 2662 D.-

108 2676 194 2704 Satn's
215 2672 294 2713 scio]
320 2673 510 2714 Elegantius
536 2674 637 2711 abest,
661 2679 694 2704 et
708 2676 738 2704 et·
752 2674 854 2704 abun-

108 2716 173 2747 dat.
206 2716 244 2746 B.

151 2759 204 2789 41.
235 2759 364 2789 Paeana
393 2762 439 2788 est
467 2757 538 2798 hoc]
564 2757 652 2794 Non,
678 2758 765 2798 qnod
790 2768 857 2789 non

108 2801 228 2837 credat,
243 2800 437 2840 interrogat:
460 2800 518 2831 sed
529 2800 615 2840 quod
629 2800 785 2842 increpet.
813 2801 855 2831 D.

107 2843 217 2878 —Qui
230 2841 480 2882 cunamen-inu]
495 2842 561 2878 Qui
578 2852 772 2874 consensum
791 2843 854 2875 hn-

105 2884 856 2968 ffbgemtiqixtizisssomnessogafflatnho}

109 2977 144 3001 et
158 2981 234 3002 mox
256 2980 315 3012 pro
329 2968 461 3010 sactum,
485 2969 651 3001 Petrensis
664 2968 785 3009 saetam
801 2976 854 3001 est.

889 1187 1072 1228 Utrumque
1087 1192 1185 1218 recte.
1218 1187 1256 1217 Β.

933 1231 985 1261 42.
1010 1233 1054 1261 At
1069 1232 1127 1260 tibi
1142 1228 1193 1270 di]
1206 1231 1261 1266 At,
1274 1228 1473 1271 principium
1489 1230 1639 1273 increpa-

889 1272 973 1304 tioni
995 1278 1128 1314 aptum;
1152 1279 1198 1309 ut,
1222 1272 1314 1312 Virg-
1338 1272 1415 1303 AEn.
1439 1273 1472 1303 ii.
1497 1274 1571 1304 535.
1595 1276 1642 1305 At

891 1317 949 1346 tibi
959 1326 1018 1355 pro
1032 1316 1153 1346 scelere.
1199 1315 1245 1345 Et
1267 1314 1427 1346 Horatius
1440 1315 1545 1367 Epod.
1561 1327 1592 1347 v.
1612 1317 1641 1347 1.

891 1360 937 1389 At
951 1369 968 1388 o
983 1359 1115 1388 Dema
1131 1359 1268 1397 quisquan
1289 1359 1322 1387 ιἰι
1336 1359 1411 1387 coelo
1424 1360 1507 1397 regis
1520 1360 1642 1395 Terras,

892 1405 923 1430 et
949 1402 1110 1430 humanum
1137 1410 1243 1440 genus.
1290 1399 1425 1430 D.—Ae
1454 1400 1530 1441 tibi]
1559 1401 1641 1432 Mss-

899 1443 942 1473 Ut
956 1444 1014 1472 tibi
1029 1443 1083 1472 Di.
1116 1441 1153 1472 L.

935 1486 988 1514 43.
1012 1486 1088 1520 Eho,
1103 1486 1154 1514 dic
1175 1483 1267 1524 mihi]
1290 1485 1358 1514 Eho
1378 1482 1563 1524 interjectio
1582 1491 1642 1522 est,

893 1526 1108 1557 intentionem
1138 1526 1302 1556 audientis
1331 1536 1521 1576 exposcens.
1581 1529 1644 1558 Die

893 1568 985 1609 mihi]
1003 1569 1139 1610 Semper
1152 1568 1192 1598 τὸ
1206 1570 1258 1599 die
1268 1570 1353 1605 mihi,
1369 1568 1561 1608 injuriosum
1574 1576 1643 1604 est.

893 1618 931 1642 ut
950 1611 1066 1652 virgil.
1090 1610 1185 1642 Ecl.
1175 1610 1223 1641 xii.
1242 1612 1270 1641 1.
1299 1612 1361 1642 Dic
1380 1613 1465 1648 nihi,
1487 1613 1643 1649 Damoeta,

891 1654 993 1694 cujum
1003 1656 1123 1693 pecus?
1154 1653 1196 1683 D.

935 1697 988 1726 44.
1015 1697 1111 1732 Quod,
1135 1698 1196 1726 nisi
1220 1697 1283 1732 hoc,
1304 1697 1471 1733 consilium,
1486 1698 1596 1727 dorm
1608 1695 1643 1737 ?]

893 1739 977 1769 Cum
999 1738 1075 1769 odio
1096 1740 1150 1768 hoc
1171 1738 1453 1779 pronunciandum
1474 1745 1544 1774 esu
1570 1739 1645 1770 ideo

892 1781 1059 1821 conjectum
1074 1780 1166 1811 dixit.
1203 1781 1369 1818 D.—Eh0‚
1378 1783 1430 1812 dic
1443 1780 1536 1822 mihi]
1554 1781 1643 1812 Stul-

894 1829 964 1854 tum
986 1823 1170 1860 admodum,
1194 1823 1297 1860 Dave,
1316 1831 1350 1853 et
1370 1823 1569 1854 contrarium
1584 1824 1643 1854 do-

894 1865 984 1896 mino
1005 1865 1124 1896 dedisti
1146 1865 1333 1896 consilium:
1367 1875 1508 1905 namque
1529 1865 1558 1896 si
1580 1866 1645 1897 ini-

894 1907 972 1938 mici
995 1907 1202 1948 Pamphilum
1221 1907 1343 1938 vellent
1363 1917 1499 1938 uxorem
1514 1907 1644 1945 ducere,

895 1960 962 1980 non
984 1949 1073 1980 aliud
1094 1949 1266 1980 consilium
1287 1949 1413 1986 darent,
1436 1960 1533 1990 quam
1559 1951 1647 1990 quod

897 1998 934 2023 tu
949 1991 1085 2023 dedisti:
1106 1991 1154 2022 nti
1170 2002 1244 2022 cum
1266 1991 1394 2023 videres
1415 2002 1490 2023 eum
1512 1992 1647 2024 alterius

897 2044 1007 2065 amore
1021 2034 1167 2071 retineri,
1184 2044 1317 2075 cogeres
1332 2039 1440 2065 tamen
1455 2040 1494 2065 ut
1506 2035 1646 2076 promit-

898 2083 982 2108 teret
1002 2077 1087 2118 patri
1103 2086 1239 2107 uxorem
1254 2086 1325 2107 esse
1346 2076 1528 2108 ducturum.
1560 2078 1648 2109 E.—

899 2121 1022 2150 Im'm'ci
1043 2119 1111 2160 ejus
1131 2118 1256 2160 vellent]
1282 2119 1335 2150 Ita
1355 2129 1398 2150 ex
1421 2119 1486 2151 Ms.
1502 2119 1646 2156 editum

897 2168 1005 2193 tamen
1022 2162 1056 2192 in
1073 2162 1155 2202 Reg-
1172 2161 1310 2203 exempl.
1324 2167 1358 2192 et
1368 2161 1442 2192 aliis
1455 2161 1648 2202 ‹bajunon

897 2205 1044 2235 habetur
1075 2204 1213 2235 L—Ne
1228 2213 1342 2235 versus
1361 2203 1487 2235 duriter
1506 2204 1647 2243 incedat,

897 2257 958 2289 pro
973 2249 1061 2287 quod,
1078 2258 1138 2277 nm
1152 2246 1279 2287 legequ
1280 2248 1355 2277 idai.
1387 2247 1426 2278 Β.

943 2291 995 2320 45.
1019 2291 1173 2329 Deceptus
1183 2288 1266 2329 sum]
1283 2288 1468 2320 Concessio.
1503 2289 1589 2331 Seio]
1604 2289 1648 2322 Τὸ

897 2334 970 2369 seio,
986 2342 1052 2362 non
1074 2332 1116 2363 ad
1130 2331 1365 2373 deceptionem,
1388 2331 1446 2363 sed
1468 2331 1510 2363 ad
1531 2332 1649 2364 defati-

897 2375 1061 2415 gationem
1083 2374 1209 2409 reddin
1238 2384 1316 2415 ergo
1337 2384 1411 2405 cum
1434 2373 1463 2404 ε’

898 2417 1052 2448 nandum.
1084 2416 1386 2458 D.—Desetigatus]
1414 2417 1495 2448 Mss.
1511 2419 1648 2449 detona-

899 2465 958 2491 tus.
989 2460 1027 2491 1..
1029 2461 1225 2500 -Deceptus
1238 2458 1320 2500 sum]
1338 2460 1421 2491 Cum
1444 2469 1511 2490 ιιοιι
1532 2460 1650 2492 habeat

899 2503 1126 2544 purgationem
1143 2512 1266 2539 servus,
1283 2502 1457 2533 confitetur
1471 2502 1512 2533 de
1533 2512 1649 2544 pecca-

900 2552 952 2576 to:
975 2552 1085 2576 tamen
1107 2545 1270 2586 promittit
1291 2544 1415 2585 aliquid
1437 2544 1518 2586 spei,
1538 2552 1577 2576 ut
1590 2555 1649 2587 pe-

899 2588 1038 2619 riculum
1053 2587 1157 2629 possit
1171 2587 1318 2618 evadere.
1350 2587 1390 2618 E.

944 2631 997 2661 46.
1020 2632 1092 2661 Hac
1112 2642 1170 2661 uon
1191 2629 1350 2670 ena-etsie]
1376 2630 1581 2671 Deesgqaod
1599 2641 1650 2662 eo-

899 2675 1067 2704 nabas-ur.-
1090 2679 1124 2703 et
1140 2672 1273 2713 proprie
1293 2672 1333 2703 de
1349 2672 1434 2704 bono
1453 2672 1501 2704 sic
1520 2672 1649 2704 ditatur.

899 2717 976 2746 Alia
996 2717 1209 2756 aggrediemur
1237 2714 1306 2755 ι’ἰα]
1328 2714 1391 2746 Vel
1413 2716 1594 2752 alutem,
1616 2715 1652 2746 id

900 2764 959 2795 est,
973 2758 1143 2788 enitemur.
1175 2759 1305 2788 Adarin·
1430 2767 1450 2788 e
1463 2756 1584 2789 dicim
1597 2768 1651 2789 re-

900 2806 999 2842 pente
1014 2810 1056 2830 ex
1070 2799 1199 2830 insidiis
1213 2799 1353 2840 aliquem
1367 2799 1531 2831 invadere.
1563 2801 1605 2832 D.
1607 2818 1653 2825 —

898 2843 999 2874 Codd.
1016 2841 1207 2884 superstites
1221 2852 1344 2880 omnes,
1357 2844 1580 2891 aggrediemur.
1610 2843 1647 2874 B.

899 2887 1014 2916 —Hac
1023 2896 1079 2915 non
1088 2883 1248 2925 suecessit]
1261 2886 1425 2917 Sne->edere
1434 2884 1565 2923 dicitur,
1573 2895 1649 2916 cum

901 2929 983 2959 bene
999 2926 1121 2967 aliquid
1135 2927 1295 2967 provenit.
1327 2927 1367 2958 Ε.

944 2971 996 3003 47.
1022 2970 1118 3010 Lege,
1135 2970 1208 3000 Nisi
1223 2978 1256 3000 si
1272 2971 1308 3001 id
1318 2975 1420 3011 putas.
1445 2970 1602 3002 B.—-Nisi
1618 2973 1652 3001 id
