1852 3216
228 131 340 171 lxxiv
568 128 651 169 DE
688 126 930 168 METRIS
966 124 1424 166 TERENTIANIS.
1737 154 1754 175 x

232 214 457 257 Aristoteli·
476 214 670 262 Meteon,
688 229 727 268 p.
749 218 817 254 29.
845 218 931 253 Τότε
957 217 1020 263 μὶν
1046 217 1181 264 Γραικοὶ
1208 215 1413 261 διλὴθησαν,
1436 215 1496 250 νῦν
1521 213 1559 250 δι’
1580 212 1761 259 Ἕλληνες.

232 276 335 311 τοῦτο
353 273 390 310 δὲ
416 273 457 310 τὸ
483 272 590 320 ὄνομα
613 274 646 309 ol
673 274 736 320 μὶν
757 272 914 318 Ῥωμαῖοι
931 270 1177 319 παροξύνουσι,
1201 272 1335 317 Γραῖιωι
1363 269 1534 317 λέγοντα.
1563 267 1583 313 ἦ
1608 268 1645 303 δὲ
1672 268 1765 313 κοινὴ

234 329 409 365 διάλεκτος
420 325 543 374 «leem.
574 327 733 364 Καθόλου
750 326 788 363 δὲ
806 327 839 362 ol
854 325 1012 372 Ῥωμαῖοι
1025 326 1093 361 πᾶν
1105 324 1211 371 ὄνομα
1228 323 1461 372 παροξύνουσι
1475 323 1531 358 διὸ
1545 324 1607 358 τὸν
1620 324 1765 367 κόμπον.

234 382 315 419 ὅθεν
328 381 626 430 ’Υπερηνορέονης
644 380 836 428 ἐκλήθησαν
854 380 919 416 ὑπὸ
943 382 1011 415 τῶν
1027 382 1189 424 ποιητῶν.
1228 374 1318 414 Hoc
1337 385 1408 420 est,
1431 374 1504 417 Qui
1522 373 1611 412 olim
1631 376 1766 422 Γραικοὶ

234 434 339 479 dicti,
358 446 454 471 nunc
468 432 713 487 appdlwtur
725 434 905 479 Ἕλληνες.
962 430 1071 469 Illius
1089 437 1213 467 autem
1231 428 1330 467 verbi
1347 428 1586 480 penultimam
1605 427 1767 466 Romani

236 493 386 534 acuunt,
404 486 563 526 dicentes
581 491 737 538 Γραῖκοις
768 485 833 524 sed
850 484 1048 523 communis
1065 497 1183 522 sermo
1199 484 1302 521 acuit
1320 483 1487 520 ultimam
1508 485 1654 531 Γρωκοί.
1712 480 1767 518 Et

235 541 436 581 universim
465 541 625 580 Romani
655 541 694 578 in
722 552 948 593 quacumque
978 551 1062 576 voce
1089 536 1335 589 penultimam
1360 536 1420 574 vel
1441 535 1767 587 antepenultimam

237 602 390 640 acuunt.
416 601 576 648 propter
592 594 743 645 sautum
772 600 807 631 et
834 591 975 645 grandi
1062 592 1198 629 entiam
1215 604 1227 628 .·
1266 589 1362 628 unde
1394 603 1418 627 α
1444 591 1567 641 poetis
1594 588 1770 627 dicuntur

226 652 549 701 ·”Υπερηνοριόντες,
557 648 710 699 seroces
728 654 763 685 et
781 646 941 698 superbi.
1034 653 1197 684 aeterum
1216 644 1322 695 quod
1339 644 1403 683 hic
1423 643 1539 682 fastui
1559 643 1708 687 tribuit,
1729 642 1770 680 id

240 703 407 743 dialecto
446 702 621 747 AEolicae,
657 701 758 741 unde
796 701 926 751 lingua
962 698 1102 737 Latina
1136 708 1286 750 partem
1322 698 1531 736 maximam
1569 696 1770 748 profluxit.

240 757 385 797 rectius
412 757 636 808 imputatur.
694 754 896 794 AEolenses
920 754 1036 799 enim,
1058 762 1100 791 ut
1119 762 1254 791 notum
1273 759 1345 797 est,
1365 754 1550 803 Bapn‘rrovot
1567 760 1701 796 erant3
1730 760 1771 789 et

240 815 329 856 0602.
348 814 431 861 ἅνηρ
450 810 771 862 pronunciabant,
788 821 875 847 cum
894 807 959 846 alii
978 810 1068 851 θεός,
1087 809 1184 857 ἀνὴρ.

292 865 381 904 Jam
401 878 493 903 vero
513 864 552 902 id
570 863 719 903 Latinis
738 862 908 908 comicis,
927 862 993 913 qui
1013 860 1164 899 fabulas
1193 874 1283 899 suas
1310 859 1456 912 populo
1480 858 1635 911 placere
1653 871 1772 909 cupe-

241 929 340 965 rent,
361 931 596 971 magnopere
616 916 833 956 cavendum
860 925 957 961 erat,
978 929 1026 954 ne
1054 923 1190 954 contra
1216 914 1362 965 linguae
1390 914 1545 966 genium
1574 914 1676 952 ictus
1703 926 1773 951 seu

240 982 423 1013 accentus
442 973 482 1011 in
506 985 662 1023 quoque
681 984 795 1010 versu
818 970 987 1022 syllabas
1014 970 1223 1008 verborum
1246 969 1401 1007 ultimas
1419 975 1670 1020 occuparent.
1724 965 1773 1005 ld

242 1028 282 1067 in
300 1028 403 1067 omni
421 1034 560 1072 metro,
581 1025 710 1078 quoad
728 1024 849 1070 licuit,
869 1025 1174 1070 observabatum
1204 1031 1249 1062 ut
1267 1023 1306 1061 in
1326 1023 1399 1068 his,

428 1100 552 1136 'Arma
566 1097 756 1145 virumque
774 1097 876 1139 cano,
894 1096 1014 1143 Trojae
1030 1097 1092 1144 qui
1108 1098 1246 1143 primus
1261 1095 1307 1132 ab
1323 1095 1396 1131 oris

430 1147 571 1183 Italiam
588 1146 664 1182 sato
678 1145 784 1192 profu
871 1144 1076 1200 Lavinaque
1092 1143 1191 1179 venit

430 1194 574 1236 Litora3
602 1192 759 1229 multum
775 1195 786 1227 ἱ
815 1204 834 1228 e
850 1197 886 1227 et
901 1191 1004 1227 terris
1015 1191 1172 1238 jactatus
1185 1196 1220 1226 et
1236 1190 1310 1226 §.lto

432 1240 477 1278 Vi
492 1241 675 1288 superum,
694 1240 808 1276 saevae
823 1238 1019 1275 memorem
1034 1238 1192 1274 Junonis
1208 1238 1256 1274 ob
1271 1242 1372 1274 iram.

246 1324 328 1369 Qui
352 1324 475 1376 perite
494 1332 534 1362 et
564 1321 761 1361 modulate
791 1321 861 1360 hos
892 1334 1028 1359 versus
1061 1319 1177 1371 leget,
1206 1320 1263 1358 sic
1291 1333 1372 1365 eos,
1390 1327 1435 1358 ut
1464 1318 1528 1357 hic
1554 1318 1777 1357 accentibus

245 1387 440 1424 notantur,
455 1376 750 1430 pronunciabit3
780 1388 870 1421 non,
886 1383 930 1414 ut
949 1374 1060 1427 pueri
1080 1374 1118 1412 in
1138 1373 1293 1420 scholis,
1311 1373 1360 1413 ad
1380 1372 1620 1425 singulorum
1634 1371 1777 1424 pedum

247 1442 370 1479 mitis,

433 1493 586 1531 ‘ltalifim
602 1492 679 1530 fsto
694 1491 870 1540 profugus
887 1491 1092 1540 Lavinaque
1108 1491 1219 1535 venit,

249 1564 319 1605 sed
337 1560 387 1604 ad
405 1564 602 1617 rythmum
622 1564 740 1603 totius
759 1577 908 1602 versuS.
966 1562 1045 1601 Ubi
1073 1562 1179 1601 nulla
1198 1575 1290 1606 vox,
1311 1570 1354 1601 ut
1374 1561 1495 1607 vides,
1516 1569 1716 1599 accentum
1740 1560 1778 1598 in

249 1619 387 1659 ultima
418 1619 547 1664 habet,
578 1627 719 1670 praeter
751 1617 903 1656 unicam
934 1616 1038 1655 illam
1070 1617 1208 1655 virtim:
1248 1616 1364 1666 idque
1396 1626 1500 1655 recte
1530 1617 1582 1654 ob
1613 1628 1780 1665 sequens

250 1673 453 1713 encliticon
473 1686 565 1726 que:
595 1672 698 1723 quod
728 1672 790 1710 hic
819 1670 937 1709 semel
965 1671 1125 1716 dictum,
1147 1671 1186 1710 in
1210 1670 1397 1709 Terentio
1424 1669 1567 1722 passim
1587 1669 1670 1707 fieri
1696 1669 1779 1706 ani-

249 1727 484 1768 madvertes.
541 1726 650 1765 Idem
683 1725 856 1765 efficiunt
889 1738 960 1771 us,
991 1738 1052 1771 rs,
1086 1738 1156 1763 ss:
1194 1724 1380 1764 Miser-dm
1408 1738 1476 1769 me,
1507 1721 1610 1776 quod
1634 1722 1781 1760 verbnm

237 1781 396 1820 ἀιιᾰὶοἲ
423 1781 567 1833 quipp'e
596 1779 682 1819 haec
713 1779 872 1824 Latinis,
903 1787 947 1817 ut
977 1779 1093 1818 etiam
1121 1792 1210 1824 rem,
1230 1778 1409 1817 enclitica
1438 1788 1540 1823 sunt,
1560 1786 1603 1816 ut
1631 1775 1782 1816 Graecis

254 1844 333 1881 ME,
352 1843 419 1874 ΣΕ.
467 1834 614 1873 Eadem
634 1843 694 1872 est
711 1843 751 1872 et
773 1833 1087 1884 interrogationis
1105 1833 1187 1878 vis;
1218 1832 1300 1871 sive
1321 1846 1408 1871 cum
1428 1846 1473 1870 ne
1490 1831 1683 1877 enclitico,
1701 1830 1783 1869 sive

251 1891 397 1940 absque
416 1902 472 1927 ne.
529 1888 575 1926 In
603 1888 675 1927 bac
704 1887 821 1939 igitur
841 1886 1110 1926 concinnitatis
1138 1886 1252 1926 laude
1279 1886 1447 1938 palmam
1473 1886 1653 1925 omnibus
1682 1898 1782 1937 prae-

252 1944 372 1996 ripuit
399 1941 628 1986 Terentius:
659 1955 822 1992 eamque
841 1949 886 1980 ut
905 1941 1088 1992 consequi
1112 1950 1256 1993 posset,
1276 1950 1320 1980 ut
1344 1950 1383 1980 et
1403 1940 1544 1979 vetitos
1564 1940 1664 1979 ictus
1683 1939 1783 1977 effu-

254 2006 375 2049 geret,
396 2006 435 2035 et
453 1995 643 2035 vocabula
662 2005 791 2034 tamen
810 1994 1109 2047 significantiora
1127 2009 1279 2047 semper
1298 1996 1371 2034 sub
1392 1995 1469 2034 ictu
1489 2003 1649 2046 poneret
1665 2009 1675 2038 ς
1706 2006 1783 2031 non

254 2052 401 2091 minore
420 2050 550 2089 studio
569 2049 796 2102 judicioque
815 2050 935 2088 verba
960 2048 1166 2101 disposuit,
1185 2059 1226 2088 et.
1250 2063 1273 2088 a
1298 2062 1426 2101 prosae
1445 2048 1630 2087 orationis
1649 2047 1784 2086 ordine

242 2105 436 2145 decenter
457 2104 624 2150 invertit,
646 2117 761 2155 quam
780 2103 966 2143 mirificus
986 2104 1023 2141 in
1042 2103 1115 2143 hac
1134 2104 1293 2143 materie
1313 2102 1456 2143 artifex
1476 2103 1557 2154 ipse
1580 2101 1781 2153 Virgilius.

241 2206 246 2213 .
311 2158 530 2198 Priscianus
543 2158 592 2197 de
609 2158 785 2197 versibus
798 2157 956 2197 comicis
974 2167 1119 2204 narrat,
1139 2157 1270 2196 Fuisse
1282 2156 1457 2210 quosdam
1472 2157 1533 2209 qui
1551 2156 1783 2207 abnegarent

257 2213 338 2252 ulla
363 2226 440 2251 esse
464 2213 502 2251 in
535 2212 698 2251 Terentii
716 2211 903 2251 comoediis
920 2217 1059 2257 metrm·
1090 2211 1149 2251 vel
1173 2225 1232 2258 ea,
1252 2211 1358 2265 quasi
1386 2224 1530 2250 arcana
1558 2209 1731 2263 quadam
1752 2215 1786 2247 ct

257 2267 307 2307 ab
323 2266 487 2307 omnibus
512 2265 632 2305 doctis
657 2272 809 2311 semota,
827 2265 898 2304 sibi
922 2265 1013 2304 solis
1030 2279 1109 2304 esse
1132 2266 1285 2318 cognita
1308 2265 1578 2318 confirmarent.
1637 2263 1786 2302 ibidem

246 2322 326 2374 ait,
349 2320 485 2360 Omnes
510 2320 654 2374 quidem
678 2320 844 2365 comicos,
865 2319 1005 2358 crebris
1031 2319 1262 2373 synaloepluis
1280 2325 1315 2358 et
1334 2318 1629 2372 episynaloephis
1654 2325 1690 2356 et
1709 2317 1786 2355 col-

260 2375 452 2414 lisionibus
474 2381 510 2414 et
538 2373 806 2427 obiectionibus
834 2388 853 2412 s
885 2373 1019 2420 literoe,
1035 2374 1162 2425 suisse
1188 2387 1273 2413 usos
1298 2373 1505 2412 scandendo
1527 2386 1652 2411 versus
1676 2385 1785 2416 suos,-

262 2430 511 2469 Tutunus
530 2441 667 2468 sunu
688 2441 782 2467 nus
801 2440 989 2466 omasus.
1049 2427 1196 2467 Verum
1212 2428 1387 2481 profecto
1406 2428 1479 2467 hoc
1498 2436 1558 2465 est
1574 2442 1584 2472 ;
1614 2435 1653 2464 et
1672 2440 1788 2465 causa

261 2484 388 2529 unica,
408 2497 477 2523 cur
496 2481 701 2535 magistelli
720 2482 783 2520 isti
803 2480 865 2520 vel
883 2492 1064 2533 negarent
1091 2493 1213 2521 metra
1232 2495 1316 2521 esse
1335 2481 1439 2534 apud
1458 2490 1645 2525 nostrum.
1666 2479 1727 2518 vel
1747 2489 1791 2518 ut

263 2551 402 2577 arcana
429 2536 608 2588 quaedam
636 2535 894 2575 venditarent.
950 2536 1070 2580 Quod
1099 2550 1192 2576 vero
1219 2537 1281 2575 hic
1308 2536 1483 2588 queritur
1501 2545 1541 2574 et
1565 2534 1789 2574 criminatur

264 2604 425 2643 magnus
443 2590 731 2644 grammaticus,
749 2602 827 2629 non
846 2589 983 2628 vitium
1002 2600 1075 2636 est,
1095 2590 1166 2630 sed
1190 2591 1315 2630 virtus
1341 2588 1515 2630 Terentii
1543 2589 1668 2641 prims
1684 2602 1692 2626 ε
1722 2587 1790 2639 qui

265 2645 513 2696 synaloephas
548 2644 633 2684 illas
667 2643 760 2684 dats
786 2656 906 2696 opera
940 2654 1183 2684 consectatus
1218 2652 1303 2691 est;
1336 2657 1416 2696 quo
1449 2643 1611 2696 syllsbae
1643 2642 1791 2681 ultimm

265 2698 524 2750 liquescerent
544 2697 880 2750 coalescerentquc
905 2710 993 2736 cum
1017 2699 1291 2749 sequentibus3
1320 2712 1445 2750 eoque
1465 2698 1573 2737 vetiti
1598 2710 1643 2736 ac
1664 2696 1791 2734 vitiosi

267 2752 307 2791 in
336 2751 479 2791 ultimis
507 2754 605 2792 ictus
633 2751 839 2792 artificiose
865 2750 1143 2803 effugerentur.
1201 2752 1280 2793 Hae
1308 2766 1402 2792 vero
1429 2750 1683 2804 synaloephe,
1702 2764 1791 2800 qum

259 2806 446 2854 ‚tenebras
464 2805 555 2845 olim
580 2806 773 2858 magistris
790 2805 1026 2852 offuderunt,
1040 2806 1123 2858 jam
1153 2807 1190 2845 in
1218 2816 1350 2846 nostra
1372 2806 1553 2850 editione,
1573 2804 1793 2857 percussio-

269 2873 362 2898 num
383 2859 592 2898 intervallis
612 2860 806 2906 distincta,
826 2873 873 2899 ne
892 2860 1023 2912 pueris
1042 2860 1199 2911 quidem
1219 2861 1417 2913 negotium
1436 2861 1639 2900 facessent.

322 2913 466 2952 Totum
493 2923 621 2952 autem
651 2914 735 2959 hoc.
755 2913 861 2966 quod
887 2912 937 2953 de
964 2913 1044 2953 ictu
1072 2915 1110 2953 in
1140 2914 1285 2953 ultimis
1311 2914 1471 2968 syllabis
1498 2923 1654 2954 cautum
1677 2913 1794 2950 fuisse

257 2966 452 3018 ,diximum
483 2967 531 3008 de
566 2968 733 3008 secunda
774 2978 925 3009 tantuin
962 2968 1126 3008 trimetri
1160 2972 1295 3018 διποδίςι
1331 2967 1559 3021 capiendum
1578 2983 1588 3014 ς
1632 2980 1719 3006 nani
1758 2967 1794 3004 in
