1852 3216
100 155 240 186 semu
261 141 331 198 tn]

693 137 1054 183 PHORMIO.

1538 137 1632 181 6112

156 233 242 276 Pu.
263 232 437 288 Neque,
457 230 655 288 Antipho
667 229 756 273 ‘alia
775 245 907 287 quum
927 235 1161 286 occupatus
1181 235 1297 272 esset
1327 227 1624 279 sollicitudine,

153 299 270 342 Tum
298 297 381 341 hoc
401 312 495 340 esse
525 297 629 339 mihi
648 297 863 353 objectum
893 295 1080 338 malum?
1130 294 1222 338 AN.
1245 293 1348 337 Ah!
1379 294 1485 351 quid
1514 294 1625 336 istuc

239 371 383 407 autem
402 372 484 415 est,
506 363 741 407 Phaedria?

155 429 242 473 ΡΗ.
265 430 308 473 O
329 430 660 472 fortunatissime
680 428 901 485 Antipho!
944 428 1036 472 AN.
1060 427 1245 484 Egone?
1296 425 1384 470 Pu.
1398 425 1496 477 Cui,
1508 424 1627 481 quod

239 511 370 547 amas,
394 496 561 538 domi’st
576 511 587 537 ι

96 569 138 599 20
154 561 250 604 Nec
269 577 366 604 cum
384 561 630 617 hujusmodi
649 574 836 615 unquam
854 574 958 602 usus
979 560 1095 601 venit
1114 566 1163 601 ut
1182 558 1449 601 conflictares
1467 555 1594 599 malo.

152 626 245 669 AN.
265 626 418 669 Mihin’
431 627 627 669 domi’st‘?
657 626 796 675 immo,
814 625 932 681 quod
945 625 1078 675 aiunt,
1096 625 1289 667 Auribus
1306 632 1433 667 teneo
1447 623 1596 679 lupum
1608 630 1633 664 :²

151 692 267 735 Nam
287 707 425 748 neque
446 692 660 748 quomodo
681 707 706 733 a
734 707 800 733 me
822 692 1023 742 amittam,
1045 691 1235 732 invenio:
1268 704 1409 746 neque
1429 689 1494 732 uti
1522 688 1622 731 reti-

238 773 375 808 neam,
397 759 499 800 scio.

153 823 243 865 Do.
267 823 412 879 Ipsum
426 824 537 865 istuc
547 822 651 865 mihi
667 822 709 864 in
725 822 807 865 hoc
819 830 900 865 est.
951 821 1045 864 ΑΝ..
1061 823 1159 873 Eia,
1174 837 1228 864 ne
1241 821 1499 878 parum-leno
1515 821 1598 863 sies
1613 836 1624 862 ε

154 889 273 931 Num
303 889 410 945 *quid
445 889 515 930 hic
552 887 763 931 confecit?

239 955 533 997 manissimus:

824 887 908 930 ΡΗ.
942 887 1136 930 Hicine?
1182 888 1300 943 quod
1338 887 1465 930 homo
1499 886 1626 929 inhu-

97 1028 138 1058 25
157 1019 421 1075 Pamphilam
440 1034 577 1062 meam
592 1018 799 1061 vendidit.
834 1019 935 1061 «Gn.
959 1019 1108 1067 Quid?
1139 1019 1360 1063 vendidit?
1410 1017 1501 1061 AN·
1523 1017 1626 1070 Ain,

238 1085 430 1127 vendidit
443 1087 459 1126 2

96 1176 158 1207 que
173 1165 258 1196 veris
274 1164 360 1195 vinci
373 1171 407 1195 et
417 1163 548 1200 moveri,
563 1163 742 1195 Phaedriam
755 1163 840 1195 veris

96 1219 168 1250 quae
182 1209 268 1240 dicta
290 1208 364 1245 sint,
382 1208 529 1239 lenonem
553 1208 648 1238 rebus
667 1207 756 1249 ipsis,
773 1207 793 1238 i.
811 1217 838 1238 e.

98 1252 213 1294 pretio,
238 1262 302 1282 non
328 1250 503 1292 promissis.
550 1247 670 1281 Verum
698 1250 840 1282 fortassis

97 1295 212 1327 melius
229 1301 261 1326 et
275 1294 323 1326 rei
338 1293 583 1325 convenientius
599 1301 657 1330 est,
674 1293 702 1324 si
717 1299 840 1334 uterque

96 1339 137 1369 de
152 1338 276 1369 duobus
297 1338 424 1369 miseris
439 1337 693 1369 adolescentibus
707 1347 840 1378 accepe-

97 1382 153 1419 ris,
170 1382 215 1413 ita
235 1389 270 1412 ut
287 1382 371 1412 Geta
387 1380 482 1417 dicat,
499 1380 550 1412 vel
570 1387 741 1420 utrumque
759 1380 842 1411 veris

97 1425 193 1461 vinci,
210 1425 428 1466 Antiphonem
442 1434 518 1454 vera
530 1423 659 1454 miseria
676 1423 840 1460 Phaedriae,

98 1475 131 1499 et
159 1467 339 1499 Phaedriam
369 1467 454 1498 veris
483 1466 578 1498 dictis
608 1466 751 1502 lenonis;
792 1466 841 1497 vel

97 1522 156 1543 suo
172 1519 342 1552 utrumque
358 1510 502 1542 laborare
514 1510 607 1547 malo,
622 1510 842 1551 Antiphonem

97 1555 183 1586 vinci
206 1554 291 1586 veris
309 1553 506 1595 argumentis
528 1553 639 1595 patris,
663 1553 842 1584 Phaedriam

96 1598 232 1629 lenonis.
279 1597 313 1628 Si
342 1597 395 1628 cui
419 1607 495 1628 vero
519 1596 598 1627 nihil
628 1597 741 1627 horum
772 1596 841 1638 pla-

98 1648 189 1677 ceat;
214 1641 310 1672 verba
332 1642 424 1672 Getae
447 1640 487 1671 de
509 1639 624 1671 lenone
641 1647 673 1670 et
696 1639 843 1671 Phaedria

96 1695 156 1727 per
172 1683 326 1725 εἰρωνείαν
339 1684 402 1715 dici
418 1683 587 1724 intelligat.
617 1683 653 1714 Z.

145 1728 192 1761 17.
217 1730 322 1769 Neque
347 1729 476 1767 Antipho
491 1728 555 1758 alia
577 1738 665 1767 quum
681 1731 840 1766 occupatus

97 1769 397 1811 essetsollicitudine]
412 1771 482 1801 Hoc
492 1769 578 1801 dolet
593 1769 840 1809 Phaedria‚quod

98 1815 132 1845 in
149 1814 259 1845 eadem
282 1825 317 1845 re
339 1813 495 1844 laboravit
513 1813 665 1855 Antipho,
683 1812 715 1843 id
731 1820 789 1849 est,
806 1812 839 1843 in

98 1868 206 1889 amore
219 1870 227 1888 :
244 1857 391 1898 quodque
400 1856 550 1898 (quodque
561 1857 637 1894 unu)
648 1866 754 1886 amare
763 1866 840 1886 con-

99 1901 218 1942 tigerit-
243 1902 348 1942 Neque
358 1902 491 1939 Antipho
500 1899 580 1940 ulia]
594 1899 722 1930 Minore
737 1898 843 1940 aliqua

97 1943 314 1976 sollicitudine
320 1954 414 1985 quam
421 1943 488 1974 haec
495 1949 649 1983 esuquam
657 1952 742 1973 nunc
749 1942 816 1983 geri
822 1949 842 1973 t.

101 1988 155 2019 An
170 1990 244 2025 alia,
260 1994 378 2029 praeter
393 1987 485 2023 hanc,
502 1996 596 2027 quam
614 1986 655 2016 de
670 1995 721 2016 me
735 1985 841 2026 gerit?

99 2031 188 2062 Ordo
204 2037 236 2062 et
257 2041 371 2061 sensus
393 2029 445 2060 hic
462 2037 520 2066 est,
545 2029 659 2069 Neque
682 2036 748 2060 tum
772 2038 842 2060 esse

97 2074 178 2105 mihi
194 2074 253 2105 hoc
265 2075 424 2114 objectum
441 2072 570 2110 malum,
586 2082 684 2113 quum
698 2071 844 2114 Antipho

97 2117 161 2149 alia
174 2117 390 2149 sollicitudine
406 2122 490 2147 esset
505 2122 677 2157 occupatus
691 2115 755 2146 levi
764 2125 842 2156 qua-

97 2161 195 2202 piam,
212 2171 277 2191 non
292 2161 351 2191 hac
366 2160 405 2191 de
422 2159 553 2200 nuptiis,
570 2169 641 2199 quae
654 2165 703 2190 est
717 2158 840 2200 gravis-

98 2204 189 2236 sima.
229 2204 430 2243 D.——Neque,
449 2204 580 2242 Antipho
597 2204 660 2233 alia
674 2213 740 2233 cum
755 2213 839 2233 occu-

94 2253 187 2287 patus
201 2253 278 2279 esset
292 2248 503 2282 sollicitudine,
527 2251 589 2276 tum
610 2247 663 2276 hoc
685 2256 748 2276 esse
768 2247 843 2276 mihi

97 2290 243 2331 objectum
265 2292 374 2321 malum
387 2289 418 2331 J]
443 2289 527 2320 Vere
550 2298 635 2319 nunc
656 2287 841 2329 ingemisco,

98 2344 151 2364 me
176 2334 236 2365 hoc
267 2340 411 2375 tempore
440 2332 511 2373 cogi
540 2341 656 2369 amare,
681 2342 744 2372 quo
771 2332 840 2362 An-

100 2377 191 2419 tipho
216 2377 250 2407 in
266 2377 328 2407 alia
346 2375 561 2407 sollicitudine
577 2382 750 2416 occupatus
765 2374 845 2406 mihi

101 2419 258 2450 auxilium
285 2419 368 2451 ferre
395 2429 460 2451 non
486 2425 602 2460 potest.
644 2418 843 2459 E.—Neque,

98 2465 232 2503 Antipho
275 2465 349 2501 alia,
395 2468 449 2494 etc.
463 2461 476 2503 ]
524 2461 691 2493 Bentleius
742 2468 844 2502 putat,

100 2506 168 2537 haec
191 2516 210 2537 a
232 2506 378 2537 Phaedria
402 2516 443 2537 ex
467 2505 590 2536 invidia
611 2504 685 2542 dici,
708 2515 844 2545 eumque

100 2549 200 2590 queri,
224 2559 259 2580 se
281 2555 348 2580 tum
372 2549 404 2580 in
428 2548 643 2580 sollicitudine
666 2558 747 2586 esse,
769 2558 842 2579 cum

101 2592 247 2634 Antipho
269 2592 311 2623 sit
332 2591 543 2623 beatissimus.
595 2591 716 2622 Verum
739 2591 844 2632 placet

101 2635 183 2667 ratio
214 2644 334 2672 eorum,
365 2635 419 2676 qui
448 2634 635 2676 intelligunt
664 2634 703 2665 de
734 2634 844 2665 dolore

102 2678 266 2714 Phaedriae,
283 2678 367 2719 quod
389 2688 475 2708 nunc
490 2678 530 2708 ab
552 2677 750 2718 Antiphone,
773 2677 844 2718 ipso

100 2731 226 2763 quoque
252 2721 426 2757 laborante,
451 2720 512 2751 sibi
538 2720 619 2751 nihil
641 2719 782 2761 praesidii
805 2720 847 2751 sit

100 2764 363 2807 exspectandum.
403 2764 488 2795 Nam
500 2769 668 2804 postquam
678 2763 845 2800 concessit,

100 2818 136 2839 se
161 2808 244 2839 veris
266 2807 362 2844 vinci,
385 2806 604 2848 circumspicit
624 2805 711 2836 unde
738 2805 846 2837 lenoni

100 2862 197 2882 avaro
213 2850 396 2882 satisfacere
410 2849 520 2891 possit.
555 2848 670 2879 Statim
685 2848 747 2880 sibi
758 2849 848 2881 venit

100 2895 136 2926 in
159 2901 300 2926 mentem
323 2892 470 2934 Antipho
489 2891 610 2923 amicus
633 2899 665 2922 et
679 2898 851 2933 cog-natum

882 1163 957 1195 lam.
998 1165 1157 1195 Caeterum
1174 1163 1226 1195 hic
1242 1170 1290 1195 est
1305 1163 1427 1206 ellipsis
1442 1155 1630 1205 perturbat&

885 1207 1032 1240 Phaedria
1047 1207 1253 1249 dignissima;
1277 1217 1350 1239 nam
1374 1214 1447 1250 post
1462 1219 1554 1249 neque
1576 1206 1628 1238 in-

884 1249 992 1292 tellige
1018 1253 1104 1282 velim
1129 1258 1185 1282 aut
1214 1250 1319 1281 simile
1342 1250 1473 1292 aliquid.
1518 1250 1627 1291 Atque

883 1295 947 1325 alia
969 1304 1032 1325 non
1055 1294 1086 1325 h.
1103 1294 1124 1325 l.
1139 1301 1188 1326 est
1203 1296 1331 1332 diversa,
1353 1294 1410 1325 sed
1426 1295 1531 1335 aliqua
1545 1294 1627 1335 ejus-

883 1339 949 1368 dem
968 1340 1109 1378 generiu
1132 1345 1168 1368 ut
1189 1337 1223 1368 in
1246 1337 1301 1368 illo
1324 1337 1413 1379 Virg.
1438 1337 1506 1368 Ecl.
1523 1336 1556 1368 ii.
1573 1338 1625 1368 49.

887 1381 962 1411 Tum
991 1382 1084 1418 casia,
1112 1386 1201 1422 atque
1230 1383 1302 1413 aliis
1330 1383 1465 1412 intexens
1487 1382 1629 1412 suavibus

883 1425 992 1455 herbis.
1027 1424 1063 1454 Z.
1485 1442 1489 1446 ·

927 1468 978 1497 20.
1009 1468 1144 1508 Unquam
1165 1478 1237 1498 usus
1257 1465 1354 1508 venit]
1378 1467 1546 1508 Opuswaut
1567 1477 1625 1498 ne-

886 1520 974 1541 cesse
990 1510 1058 1541 suit.
1093 1511 1177 1541 D.—
1185 1512 1263 1541 Usus
1277 1509 1374 1550 venit]
1392 1509 1464 1541 Tibi
1481 1510 1628 1551 contigit.

886 1553 1107 1585 E.—Auribus
1124 1559 1205 1585 teneo
1219 1553 1338 1594 lupum]
1356 1554 1486 1584 Sueton.
1512 1553 1546 1586 in
1570 1553 1627 1584 Ti-

886 1596 974 1627 berio
989 1607 1057 1638 cap.
1075 1598 1124 1628 25.
1151 1599 1320 1628 Cunctandi
1341 1608 1432 1631 causa
1446 1602 1514 1628 erat
1535 1602 1630 1628 metus

885 1642 1015 1681 undique
1037 1642 1250 1671 imminentium
1265 1642 1479 1677 discriminum,
1496 1646 1530 1671 ut
1550 1651 1629 1680 saepe

883 1684 983 1723 lupum
999 1689 1097 1715 tenere
1111 1695 1142 1715 se
1152 1685 1278 1714 auribus
1288 1685 1411 1717 diceret.
1443 1683 1627 1715 Aristaenet.

882 1725 936 1757 lib.
954 1726 987 1757 ii.
1005 1727 1064 1768 Ep.
1083 1727 1111 1757 3.
1130 1727 1192 1766 ἐγὼ
1206 1726 1268 1768 ’γὰρ
1282 1726 1339 1758 τὸν
1352 1725 1450 1758 λύκον
1464 1728 1528 1758 τῶν
1541 1728 1629 1758 ὤτων

884 1769 959 1809 ἔχω,
981 1769 1017 1800 ὃν
1039 1770 1111 1800 οὔτε
1133 1769 1283 1810 κατέχειν
1306 1770 1355 1801 ἐπὶ
1378 1769 1461 1801 πόλὺ
1483 1770 1622 1807 δυνατὸν,

883 1813 956 1843 οὔτε
991 1812 1054 1852 μὴν
1082 1812 1243 1844 ἀκίνδυνον
1272 1812 1403 1853 ἀφεῖναι.
1449 1813 1626 1849 Querolus:

884 1858 1021 1887 Auribus
1050 1858 1151 1896 lupum
1181 1862 1263 1887 teneo
1275 1869 1285 1888 .·
1319 1867 1412 1896 neque
1441 1859 1488 1887 uti
1505 1856 1627 1896 sallum,

884 1910 977 1940 neque
992 1901 1038 1930 uti
1053 1902 1201 1939 confitear,
1223 1901 1293 1930 seio.
1339 1900 1460 1930 Locum
1483 1899 1630 1932 Terentii

885 1942 1029 1974 imitatus
1045 1949 1094 1974 est
1115 1943 1302 1984 Hieronym.
1319 1942 1454 1984 epistola
1469 1943 1509 1974 ad
1533 1943 1628 1974 Pam-

886 1985 1057 2023 machium,
1071 1985 1193 2017 advers.
1208 1995 1333 2017 errores
1347 1986 1392 2017 lo.
1412 1985 1628 2028 HierosolymL

885 2030 977 2060 Nunc
991 2040 1059 2060 vero
1070 2031 1195 2060 auribus
1210 2030 1310 2069 lupum
1319 2031 1560 2069 apprehenderis,
1576 2041 1630 2062 nec

886 2077 985 2103 tenere
998 2077 1090 2112 potes,
1107 2083 1160 2103 nec
1174 2074 1267 2103 audet
1283 2074 1443 2104 dimittere.
1475 2073 1512 2104 L.

929 2116 979 2146 21.
996 2117 1132 2147 Auribus
1148 2121 1230 2146 teneo
1245 2115 1362 2156 lupum]
1381 2116 1529 2147 Graecum
1551 2126 1627 2158 pro·

885 2158 1111 2196 verbium,·r&v
1117 2160 1204 2190 ὤτων
1209 2157 1274 2199 ἔχω
1279 2159 1337 2190 τὸν
1342 2157 1448 2196 λύκον,
1459 2159 1524 2190 οὔτ’
1532 2158 1628 2200 ἔχειν,

885 2202 950 2232 οὔτ’
963 2201 1086 2241 ἀφεῖναι
1095 2200 1233 2241 δύναμαι.
1266 2202 1468 2233 D.—Faerni
1480 2209 1512 2233 et
1527 2203 1629 2236 nostri

884 2244 959 2276 libri
972 2255 1084 2276 omnes
1092 2245 1221 2282 habent,
1235 2247 1321 2276 immo
1331 2247 1366 2276 id
1376 2248 1454 2286 quod
1464 2248 1559 2277 aiunt.
1589 2247 1628 2279 B.

928 2289 978 2319 22.
998 2288 1096 2319 Hunc
1112 2298 1237 2319 versum
1253 2288 1398 2330 spurium
1414 2295 1502 2330 puto,
1516 2300 1629 2323 cusum

884 2331 925 2362 ad
939 2331 1072 2362 formam
1082 2341 1193 2363 versus
1207 2332 1382 2374 superioris
1393 2332 1413 2362 i.
1424 2333 1453 2363 3.
1470 2334 1517 2363 14.
1542 2333 1628 2365 Nam

887 2374 1039 2406 credibile
1063 2384 1127 2406 non
1147 2381 1205 2412 est,
1222 2375 1356 2406 eandem
1379 2376 1572 2408 sententiam
1593 2377 1629 2408 in

887 2418 998 2449 eadem
1014 2418 1119 2449 fabula
1135 2418 1175 2449 ab
1191 2418 1302 2449 eadem
1318 2428 1455 2460 persona
1476 2420 1525 2451 bis
1545 2419 1628 2457 dici3

886 2461 1065 2503 presertim
1081 2471 1154 2492 cum
1175 2462 1380 2503 proverbium
1404 2464 1530 2494 auribus
1547 2469 1630 2495 teneo

888 2506 999 2544 lupum,
1023 2504 1102 2536 satis
1129 2511 1213 2536 notae
1238 2504 1281 2535 sit
1305 2504 1558 2546 significationis.
1590 2507 1628 2539 Β.

888 2547 1056 2579 Bentleius
1069 2547 1171 2578 refelli
1184 2553 1291 2589 potest
1302 2557 1343 2579 ex
1353 2548 1524 2590 proverbio
1534 2551 1627 2582 Gre-

887 2601 934 2628 co,
952 2591 1037 2631 quod
1053 2590 1151 2622 refert
1167 2591 1324 2622 Donatus.
1355 2592 1390 2623 Z.

930 2635 980 2664 23.
1001 2636 1049 2665 Ne
1065 2645 1174 2675 parum
1190 2636 1254 2665 leno
1273 2633 1349 2675 sies]
1367 2634 1545 2676 Ἐλλειψιςτ
1571 2637 1628 2668 de-

887 2683 935 2708 est
952 2676 1048 2714 enim,
1074 2679 1213 2709 vereris?
1244 2677 1445 2709 D.—Parum
1467 2680 1532 2710 leno
1552 2680 1628 2722 sies]

890 2719 1100 2760 Aliquantum
1122 2719 1218 2751 officii
1240 2727 1339 2761 tuque
1364 2722 1628 2756 consuetudinem

889 2770 1017 2794 mutans
1047 2763 1214 2794 avaritiam
1244 2764 1385 2796 referens
1416 2766 1630 2807 (Aliquantum

888 2808 976 2845 officii
989 2812 1147 2846 praestans,
1161 2811 1299 2847 tuamque
1313 2809 1550 2841 consuetudinem
1561 2822 1627 2842 mu-

891 2854 967 2885 tans,
983 2854 1014 2880 et
1034 2851 1195 2881 avaritiam
1216 2852 1380 2882 remittens.
1403 2851 1470 2892 Ζ.).
1494 2852 1629 2886 E.—Ne

888 2902 1002 2932 ‘parum
1016 2895 1059 2924 eis
1074 2892 1155 2934 leno]
1180 2892 1282 2925 Plaut.
1298 2894 1397 2926 Persa
1410 2895 1452 2926 iv.
1469 2895 1498 2927 6.
1515 2897 1545 2928 4.
1581 2899 1632 2930 Ne

101 2938 159 2970 sed
189 2935 420 2978 contemplatio
448 2934 683 2972 sollicitudinis,
712 2945 774 2977 qua
798 2935 853 2967 ille
895 2947 953 2967 non
967 2941 1017 2967 sat
1028 2947 1106 2968 esses
1120 2938 1194 2974 leno,
1210 2939 1245 2968 id
1262 2939 1413 2970 metuebas
1431 2941 1530 2972 miser.
1566 2941 1631 2973 An-

101 2981 174 3023 ipse
195 2981 239 3013 sit
259 2986 444 3022 occupatus,
461 2978 615 3021 exprimit
635 2978 719 3011 hanc
736 2988 851 3020 quere-
895 2988 966 3011 oon.
983 2979 1115 3012 Pedian.
1130 2979 1152 3012 i.
1168 2981 1198 3012 8.
1211 2979 1407 3014 iavmem.
1436 2982 1475 3014 L.-
1493 2998 1504 3003 ἡ
