1852 3216
87 136 225 165 semu
246 122 325 175 1v.]

668 118 1015 164 ADELPHI.

1516 124 1602 169 387

140 212 220 254 C'r.
243 211 438 254 Peccavi.
486 209 584 253 AEs.
608 209 727 259 Quid
747 209 807 252 ait
827 209 998 253 tandem
1018 210 1141 253 nobis
1163 210 1355 254 Sannio?
1402 211 1480 255 SY.
1502 211 1601 256 Jam

225 277 337 320 mitis
357 283 437 319 est.

141 343 238 386 AEs.
263 342 362 398 Ego
381 342 438 384 ad
459 341 598 384 forum
616 342 703 393 ibo,
723 347 772 383 ut
790 340 905 383 hunc
926 340 1164 384 absolvam:
1197 348 1244 384 tu
1265 342 1378 385 intro
1397 342 1454 385 ad
1472 341 1600 394 illam,

227 407 448 464 Ctesipho.

143 474 218 516 SA.
246 474 369 529 Syre,
400 474 525 515 insta.
585 472 662 514 SY.
686 471 871 515 Eamus:
903 488 1085 529 namque
1114 473 1183 516 hic
1212 480 1416 530 properat
1444 455 1488 518 in
1518 473 1602 530 Cy-

225 554 363 595 prum.
416 538 492 580 SA.
514 537 586 580 Ne
606 545 690 580 tam
711 537 909 593 quidem:

86 614 125 645 15
143 605 348 655 Quamvis
370 606 496 647 etiam
513 619 664 647 maneo
684 605 845 646 otiosus
866 603 950 647 hic.
1002 603 1079 646 ΒΥ.
1103 603 1347 656 Reddetur,
1368 620 1422 648 ne
1441 606 1554 648 time.

141 673 217 715 SA.
249 672 313 715 At
343 678 390 714 ut
418 686 540 714 omne
562 671 730 713 reddat.

141 803 220 846 CT.
243 803 383 854 Heus,
406 802 527 853 heus,
560 802 680 857 Syre.

792 671 869 713 SY.
894 669 1034 712 Omne
1054 671 1234 723 reddet3
1266 678 1359 714 tace
1387 672 1529 723 modo,
1550 687 1601 714 ac

227 752 406 793 sequere
425 737 520 780 hac.
572 736 648 778 SA.
671 736 852 792 Sequor.

743 802 820 843 SY.
853 800 981 852 Hem,
1003 802 1107 857 quid
1131 803 1230 844 est?
1290 802 1369 845 CT.
1402 802 1599 846 Obsecro

222 867 366 911 hercle
385 867 595 910 hominem
615 868 743 909 istum
762 867 1090 922 impurissimum

82 981 157 1022 quia
178 986 335 1012 amatores
356 978 470 1011 comici
496 978 560 1009 cito
581 976 818 1009 comminantur

82 1024 219 1066 patriam
234 1033 269 1055 se
280 1023 472 1059 deserturos,
488 1028 525 1053 ut
540 1020 657 1052 amicas
679 1031 817 1062 sequan-

82 1075 143 1099 tur.
188 1069 269 1098 Pene
284 1077 320 1097 er
338 1064 460 1106 patria]
475 1064 706 1102 Ἀποσιῶτησις
721 1064 817 1104 εὐφη-

80 1111 196 1150 μισμοῦ
212 1108 314 1150 χάριν.
362 1108 541 1140 Menander
557 1108 615 1147 (ex
636 1109 819 1148 conjectura

81 1153 117 1185 P.
140 1153 263 1185 Nannii
283 1151 532 1188 rescribendum,
547 1152 701 1191 Diphilus.
734 1150 818 1182 Vide

81 1196 263 1238 Probgum,
287 1206 369 1227 vers.
393 1193 437 1234 6.)
459 1194 541 1226 mori
564 1194 655 1225 illum
680 1193 818 1226 voluisse

80 1239 192 1282 fingit:
229 1239 401 1271 Terentius
423 1238 544 1279 fugere.
592 1239 691 1278 Turpe
716 1237 818 1279 dictu]

80 1283 128 1315 Te
143 1283 253 1325 fugere
269 1282 410 1314 scilicet:
436 1289 468 1314 et
483 1282 574 1312 deest
587 1286 640 1312 est.
679 1282 720 1312 Ut
735 1283 820 1312 istaec

75 1325 273 1367 prohibeant]
293 1325 331 1357 Id
347 1331 406 1363 est,
422 1324 555 1356 exilium
570 1324 741 1365 fugamque
760 1334 817 1372 pa-

79 1370 159 1401 triae.
197 1370 375 1401 D.—Paene
396 1379 432 1399 er
448 1366 572 1409 patria]
599 1367 633 1398 Si
656 1367 742 1398 enim
764 1366 820 1399 1lla

79 1413 259 1445 discederet
273 1418 405 1454 propter
416 1421 550 1453 parvum
561 1409 711 1452 pretium,
727 1420 819 1452 paene

81 1462 114 1487 et
141 1462 176 1487 tu
199 1465 307 1487 amore
333 1455 367 1486 in
389 1453 523 1486 exilium
540 1463 700 1496 pergeres.

81 1499 267 1536 Bembinus,
279 1509 365 1539 paene
380 1509 396 1529 e
407 1500 522 1538 patria.
554 1497 591 1528 B.

126 1544 174 1574 12.
205 1540 350 1582 Peccavi]
377 1539 580 1582 Approbavit
607 1550 649 1571 ex
674 1538 818 1581 periculo

178 1585 333 1616 'tudinem
349 1583 505 1615 beneficii.
547 1585 629 1617 Quid
638 1585 685 1614 ait
699 1585 819 1615 tandem

77 1631 162 1660 nobis
183 1630 294 1661 Sanm'o
304 1626 338 1669 P]
361 1629 467 1664 Nobis,
482 1628 527 1666 τῷ
547 1625 712 1666 ι’διωτισμῷ
726 1626 816 1657 addi-

79 1679 148 1704 tum
171 1680 238 1703 est:
269 1681 334 1702 non
357 1671 443 1702 enim
465 1672 549 1701 nobis
571 1669 815 1711 intelligendum

78 1722 136 1747 est.
180 1717 250 1747 Jam
265 1716 347 1745 mitis
360 1712 422 1754 est]
441 1713 526 1749 Quia
541 1713 754 1745 debacchatus
767 1719 817 1745 est

78 1769 176 1800 supra
190 1758 273 1796 leno,
289 1759 359 1789 Jam
374 1759 456 1788 mitis
470 1762 515 1788 est
530 1756 622 1788 dixit.
654 1756 696 1787 D.

127 1803 173 1833 13.
198 1803 265 1842 Ego
284 1803 326 1831 ad
338 1799 442 1841 sorum
467 1798 533 1841 ibo]
555 1799 647 1831 Tunc
671 1799 758 1831 enim
781 1799 816 1831 in

78 1844 147 1877 foro
162 1845 201 1876 de
223 1854 343 1875 mensae
357 1843 515 1885 scriptura
536 1842 648 1884 magis,
665 1853 758 1883 quam
775 1853 817 1874 ex

78 1899 152 1920 arca
173 1889 340 1928 domoque,
361 1886 412 1918 vel
434 1886 523 1923 cista,
543 1885 681 1928 pecunia
703 1896 815 1917 nume-

76 1932 215 1964 rabatur.
267 1932 308 1962 Ut
331 1932 408 1961 hunc
432 1928 597 1970 absolvam]
629 1929 668 1960 ld
691 1935 749 1966 est,
781 1934 817 1960 ut

77 1975 174 2012 hunc,
186 1974 311 2006 reddito
324 1972 371 2004 illi
386 1972 501 2015 pretio,
517 1972 685 2003 dimittam.
731 1972 816 2003 Nam

77 2018 166 2050 velut
186 2017 277 2059 ligati
299 2023 383 2054 sunt,
401 2016 516 2057 quibus
537 2015 671 2047 debetur
685 2014 815 2056 aliquid.

79 2061 241 2094 Dicuntur
254 2060 350 2092 etiam
364 2062 442 2091 servi
456 2059 538 2100 (Aut
553 2058 623 2090 dele
634 2060 722 2096 servi,
733 2058 817 2100 quod

78 2104 129 2137 W.
152 2105 277 2147 placet;
300 2109 355 2135 aut
376 2113 497 2146 repone
519 2104 579 2142 ipsi
601 2101 655 2142 Z.)
671 2101 719 2132 illi
733 2103 816 2141 solvi,

78 2148 132 2190 qui
151 2158 249 2189 quum
272 2146 432 2178 debitores
454 2145 615 2188 potiorum
639 2144 815 2186 (Westerh.

78 2191 179 2224 edidit
198 2190 376 2231 pretiorum)
399 2189 528 2227 fuerint,
550 2188 720 2230 pecuniam
742 2188 814 2219 red-

78 2234 159 2266 dunt
179 2233 328 2266 debitam.
373 2233 435 2264 Est
456 2243 532 2274 ergo
549 2233 707 2268 absolvam,
723 2242 743 2262 a
765 2242 815 2263 me

77 2277 207 2309 solvam.
251 2278 306 2308 An
324 2278 450 2318 jocatur
471 2276 506 2307 in
528 2275 659 2307 tristitia
679 2274 815 2312 lenonis,

79 2320 134 2361 qui
154 2320 244 2352 illum
267 2331 340 2352 cum
365 2321 463 2352 barba
484 2318 622 2356 lenonia,
647 2324 680 2350 et
701 2324 815 2350 moesto

78 2363 169 2395 vultu
191 2363 334 2405 sequitur
359 2370 510 2404 tanquam
531 2363 627 2394 reus?
670 2363 715 2392 Tu
736 2364 816 2392 intro

79 2408 121 2438 ad
141 2408 233 2445 illam,
250 2405 404 2447 Ctesipho]
429 2407 520 2438 Bona
542 2404 691 2445 ἔλλειψις,
714 2404 815 2446 signi-

79 2449 179 2480 ficans
192 2448 336 2481 laetitiatn
350 2449 514 2491 potiundae
528 2448 714 2480 meretricis.
746 2448 788 2479 D.

125 2493 174 2523 14.
190 2493 275 2533 Syre,
291 2491 388 2533 insta]
406 2493 426 2523 J
429 2503 480 2524 am
503 2493 610 2534 Syrus,
628 2502 692 2523 non
709 2497 745 2523 ut
759 2490 814 2522 ad-

76 2536 177 2575 juvet,
198 2534 255 2566 sed
275 2542 311 2566 ut
335 2535 493 2567 instanter
511 2535 650 2576 adjuvet,
673 2540 812 2576 rogatur.

79 2580 203 2616 Eamus,
219 2589 343 2619 namque
357 2580 406 2609 hic
425 2577 582 2619 properat]
608 2578 681 2609 Hoc
698 2577 814 2609 clamat

80 2622 190 2663 Syrus»,
208 2627 243 2652 ut
266 2620 454 2652 beneficium
469 2621 632 2653 ostendat:
656 2631 732 2652 sane
749 2622 813 2659 (ta-

79 2676 144 2695 men
160 2665 214 2702 Z.)
230 2663 276 2695 ita
290 2671 327 2695 ut
340 2674 450 2696 rursus
462 2663 612 2695 lenonem
627 2663 667 2694 de
713 2663 813 2695 rofec-

79 2708 167 2739 tione
189 2707 373 2738 absterreat.
417 2708 466 2738 Ne
487 2712 548 2738 tam
563 2709 680 2748 quidem
713 2707 743 2738 A
765 2706 811 2738 le-

78 2761 163 2782 none
185 2750 404 2781 inconstanter
417 2749 543 2787 dicitur,
559 2755 596 2781 ut
616 2749 814 2791 perturbatio

77 2793 262 2830 metuentis,
285 2803 437 2834 magnum
459 2792 611 2824 damnum
635 2791 736 2833 possit
761 2802 813 2824 os-

78 2837 211 2869 tendere
234 2836 348 2877 (Forte
370 2835 430 2876 leg.
453 2837 521 2867 Hoc
541 2847 561 2866 a
582 2837 682 2866 lenone
711 2837 812 2867 incon-

77 2885 178 2912 stante
199 2882 245 2911 ita
260 2881 381 2916 dicitur,
398 2884 432 2910 ut
450 2880 638 2920 perturbatio
657 2880 813 2910 metuentis

79 2935 218 2964 magnum
229 2925 366 2954 damnum
377 2924 470 2962 possit
482 2923 605 2954 ostendi.
644 2921 739 2952 Certe
751 2923 813 2959 hoc,

80 2973 113 3005 et
137 2972 237 3008 posset
262 2968 376 2998 ostendi
402 2972 491 2998 extat
517 2965 551 2997 in
583 2964 661 2996 Mss.
687 2970 719 2996 et
742 2964 813 2996 edd.

860 975 967 1017 vett.).
1005 978 1054 1009 Ne
1070 983 1130 1008 tam
1146 978 1280 1020 quidem]
1301 980 1374 1010 Tam
1389 989 1447 1021 pro
1463 985 1579 1012 tantum
1592 992 1602 1011 :

861 1030 902 1051 an
927 1025 988 1051 tam
1011 1031 1070 1062 pro
1098 1024 1223 1052 tamen?
1259 1028 1291 1053 et
1314 1022 1414 1060 deest,
1438 1025 1534 1055 Dicas
1555 1035 1601 1055 me

857 1074 1031 1104 properare,
1054 1070 1110 1095 aut
1127 1076 1274 1105 propero.-
1305 1072 1341 1097 ut
1362 1065 1406 1097 sit
1427 1066 1524 1099 etiam
1545 1068 1602 1098 ad-

861 1107 1006 1138 verbium
1021 1107 1189 1145 hortantis,
1205 1108 1257 1139 vel
1278 1109 1518 1141 consentientis.
1556 1110 1599 1142 D.

859 1152 967 1182 -Hic
981 1156 1123 1191 properat
1140 1151 1288 1193 Cyprum]
1309 1152 1491 1184 Insultandi
1508 1152 1600 1194 (inci-

861 1196 947 1225 tandi
964 1193 1017 1235 Z.)
1040 1194 1135 1225 modo
1150 1194 1281 1233 dictum,
1297 1205 1360 1236 quo
1380 1195 1490 1227 lenoni
1505 1207 1600 1228 omne

860 1236 1002 1311 reddat.E
1039 1237 1125 1269 Ecce
1157 1238 1225 1279 jam
1259 1238 1452 1273 beneficium
1485 1239 1602 1282 incipit

862 1290 942 1312 esse.
1004 1303 1011 1311 .

908 1325 955 1354 15.
975 1323 1116 1358 Quamvis
1130 1323 1239 1365 etiam]
1254 1323 1414 1366 (Quamvis
1423 1331 1535 1368 repete
1548 1324 1601 1366 Z.)

862 1366 926 1398 Pro
956 1367 995 1398 In
1024 1372 1167 1408 quantum
1196 1369 1250 1399 vis.
1298 1369 1403 1399 Etiam
1431 1369 1599 1410 particula,

861 1415 970 1441 utrum
991 1409 1222 1442 consentientis
1243 1410 1439 1452 adverbium,
1457 1423 1499 1444 an
1521 1423 1598 1444 con·

857 1452 1003 1494 junctio?
1028 1463 1090 1494 qua
1102 1453 1262 1495 significat
1275 1459 1308 1485 et
1322 1464 1494 1497 properare
1509 1466 1553 1494 se,
1568 1462 1601 1489 et

861 1507 927 1527 non
945 1496 980 1528 in
995 1502 1129 1534 tantum,
1146 1502 1182 1528 ut
1203 1497 1345 1539 negligat
1359 1498 1444 1538 quod
1465 1498 1527 1530 sibi
1542 1499 1599 1531 de·

861 1539 963 1571 betur.
1009 1541 1118 1571 Maneo
1132 1542 1242 1571 otiosus
1255 1540 1320 1582 hic]
1340 1541 1412 1572 Hoc
1427 1542 1600 1583 separatim

860 1581 1063 1614 inferendum
1089 1589 1147 1620 est,
1170 1582 1260 1624 quasi
1283 1583 1492 1626 pertinaciter
1511 1596 1598 1617 asse-

860 1632 986 1657 rentem
1005 1625 1154 1657 lenonem
1174 1626 1367 1658 instaturum
1389 1638 1424 1659 se
1439 1628 1598 1661 exclama-

858 1668 980 1701 tionem
995 1671 1015 1691 *
1033 1669 1137 1700 facere
1153 1669 1323 1702 denotetur
1338 1670 1451 1711 (Forte
1467 1671 1514 1703 sic
1535 1672 1597 1714 leg.

860 1721 922 1743 mc
938 1714 1101 1753 separatim
1122 1711 1308 1753 inserendum
1322 1719 1377 1752 est,
1393 1717 1481 1755 quasi
1499 1718 1597 1756 perti-

858 1758 975 1787 naciter
996 1761 1175 1787 asserentem
1198 1758 1327 1788 lenonem
1350 1759 1531 1790 institoriam
1555 1770 1597 1791 sc.

857 1800 1071 1830 exclamatione
1074 1798 1181 1839 faeere
1192 1800 1374 1840 denotetur).
1403 1802 1513 1833 Manen
1523 1804 1598 1834 otio—

857 1853 909 1873 sus
923 1841 988 1883 hic]
1005 1842 1143 1873 Dixerat
1157 1842 1243 1874 enim
1256 1854 1382 1884 propero
1394 1856 1405 1875 .-
1428 1850 1461 1875 et
1469 1854 1597 1879 rursum

858 1891 1064 1916 consenserat
1084 1884 1119 1916 in
1142 1884 1215 1927 Syri
1236 1886 1342 1923 verba,
1366 1897 1542 1928 properasse
1565 1899 1597 1921 se

857 1928 1005 1959 dicentis.
1037 1929 1202 1967 Reddetur,
1218 1939 1254 1960 ne
1270 1928 1357 1970 time]
1373 1929 1467 1966 Quod
1482 1930 1596 1973 despe-

858 1977 986 2002 raverat
999 1970 1083 2008 leno,
1100 1971 1171 2012 Syri
1187 1971 1328 2003 ostendit
1341 1983 1455 2005 sermo.
1487 1974 1530 2005 D.

906 2015 954 2046 16.
978 2016 1019 2046 Ut
1033 2025 1114 2046 omne
1124 2014 1249 2056 reddat]
1267 2015 1403 2058 Propter
1417 2015 1497 2048 illud
1511 2017 1597 2058 quod

859 2057 959 2099 Syrus
974 2057 1108 2096 dixerat,
1124 2059 1278 2089 dividuum
1292 2058 1375 2100 face.
1421 2059 1466 2091 Et
1479 2062 1595 2102 proba-

860 2106 928 2132 tum
951 2106 1008 2138 est,
1030 2100 1286 2143 completumque
1301 2102 1386 2142 quod
1407 2102 1463 2141 ait,
1481 2105 1596 2144 Cupide

858 2146 991 2185 accipiat
995 2143 1082 2184 saxo.
1121 2144 1165 2175 Et
1179 2144 1239 2176 hoc
1254 2144 1370 2186 ipsum,
1382 2156 1455 2178 cum
1471 2147 1597 2188 trepida

858 2194 892 2218 et
906 2187 1054 2219 vultuosa
1067 2187 1300 2229 supplicatione
1319 2189 1597 2230 pronunciandum

858 2237 917 2262 est.
965 2232 1042 2262 Tace
1062 2232 1154 2268 modo,
1170 2242 1206 2262 ac
1226 2242 1347 2272 sequere
1372 2231 1445 2273 hac]
1474 2233 1526 2264 Sic
1549 2233 1597 2269 ait

859 2274 968 2315 Syrus,
991 2273 1082 2315 quasi
1104 2284 1189 2305 nunc
1210 2273 1358 2306 lenonem
1381 2275 1502 2315 doceat,
1524 2287 1596 2318 quae

858 2317 901 2348 sit
916 2327 967 2348 ars
982 2327 1047 2348 non
1064 2316 1229 2359 perdendi.
1274 2317 1318 2349 Et
1332 2324 1436 2350 totum
1451 2329 1523 2352 cum
1539 2330 1595 2359 su·-

858 2359 991 2402 percilio
1019 2360 1201 2402 praestantis
1226 2370 1376 2402 magnum
1403 2362 1595 2401 beneficium

858 2403 945 2435 dicit.
990 2402 1118 2445 Sequor]
1143 2404 1216 2435 Hoc
1237 2405 1335 2436 verbo
1354 2404 1437 2445 (Hoc
1457 2416 1595 2447 responso

859 2446 924 2479 Ms.
943 2447 1005 2521 1115)
1020 2447 1094 2478 leno
1109 2446 1186 2479 satis
1201 2446 1436 2489 commitigatus
1450 2449 1593 2484 ostendi-

859 2496 920 2522 tur.
986 2513 994 2521 .

902 2532 950 2565 17.
967 2535 1079 2564 Heus!
1101 2535 1172 2564 heus
1187 2537 1201 2565 Ι
1223 2532 1314 2575 Syre]
1337 2533 1389 2565 Ex
1404 2542 1593 2577 argumento

857 2583 906 2608 est
931 2577 1108 2615 ostendere,
1129 2583 1283 2618 quantum
1307 2576 1419 2609 timeat
1439 2578 1593 2622 Ctesipho

856 2630 975 2652 saevum
998 2626 1130 2662 patrem.
1175 2621 1283 2652 Heus!
1311 2620 1423 2662 heu-nl]
1448 2621 1523 2654 Vox
1543 2629 1594 2655 est

856 2664 896 2695 de
913 2663 1088 2704 longinquo
1102 2662 1290 2694 revocantis.
1338 2665 1464 2696 Obsecro
1484 2667 1592 2706 hercle,

855 2708 998 2738 hominem
1019 2708 1109 2737 istum
1130 2706 1377 2748 impurissimum]
1400 2707 1485 2740 Satis
1500 2719 1590 2749 man-

856 2756 955 2786 suete‚
972 2749 1062 2790 quasi
1080 2750 1209 2780 lenonem
1224 2755 1279 2780 aut
1293 2759 1358 2781 non
1379 2751 1481 2793 possit
1493 2752 1591 2788 rusti-

856 2803 923 2830 cus,
940 2799 995 2824 aut
1009 2802 1075 2823 non
1089 2791 1205 2823 audeat
1219 2791 1335 2832 dicere,
1346 2795 1488 2830 honinem
1498 2790 1591 2828 dixit.

856 2837 952 2867 Istum
967 2834 1214 2876 impurissimum]
1230 2835 1472 2877 Avarisssimum‚
1487 2845 1521 2871 et
1541 2846 1591 2871 to-

856 2885 925 2911 tum
938 2889 1010 2910 cum
1024 2878 1258 2910 execrationem
1273 2879 1406 2913 lenonis.
1437 2881 1589 2915 D.—Ho-

857 2923 962 2953 ”tinem
971 2921 1218 2963 impurissimum]
1230 2921 1353 2956 Malum
1363 2935 1371 2955 ε
1394 2930 1432 2956 ut
1438 2935 1523 2967 saepe
1531 2926 1589 2958 do-

857 2964 919 2996 cui.
959 2964 1129 3006 E.—Lege
1144 2975 1185 2997 ex
1206 2965 1329 2999 duobus
1348 2967 1438 3009 codd.
1464 2970 1591 3008 Obsecro
