1910 3216
421 102 606 139 INDEX
636 99 961 138 VERBORUM
994 100 1063 138 ET
1093 101 1416 139 PHRASIUM.
1760 108 1780 139 ⁵

97 183 281 227 adpropero]
320 184 495 226 Postquam
532 184 625 215 81118Ξ
641 189 719 214 tem.
738 181 822 215 And.
837 181 883 213 iii.
899 183 928 219 2,
950 183 976 214 1.

55 229 174 261 ostium
201 238 254 260 me
280 227 405 260 audivit
429 234 527 266 stare,
549 228 605 259 ad-

51 276 206 313 properat.
224 271 308 302 And.
326 270 371 302 iii.
392 272 419 308 l,
438 269 488 303 17.

98 313 240 355 adrideo]
268 313 326 345 Eis
356 313 441 345 ultro
470 314 606 344 adrideo.

57 358 141 389 Eun.
155 357 189 388 ii.
203 359 232 395 2,
247 358 296 388 19.
321 356 412 388 Nulli
429 356 545 388 laedere
560 366 606 392 os,

54 402 198 432 adridere
228 399 387 431 omnibus.
419 399 559 441 Adelph.
576 409 606 431 v.

56 444 88 482 4,
108 444 156 474 10.

97 485 256 527 adsentor]
292 484 454 527 Imperavi
481 484 609 526 e'gomet

55 528 136 560 mihi
152 529 260 560 omnia
275 530 442 559 adsentari.
472 527 556 559 Eun.
573 527 606 558 ii.

56 573 86 610 2,
104 573 155 603 22.
193 571 257 607 Qui
274 571 349 602 huic
365 570 519 602 adsentari
536 570 606 601 ani·

57 624 146 646 mum
160 614 338 645 induxeris.
358 614 442 645 Eun.
459 613 504 644 iii.
516 614 545 651 2,
556 613 607 645 37.

59 658 112 689 Ne
128 657 171 695 id,
188 659 371 688 adsentandi
388 656 492 697 magis
512 666 607 697 quam

56 711 120 741 quo
137 701 270 731 habeam
286 706 423 741 gratum,
435 699 540 730 facere
551 709 607 730 ex-

56 743 201 774 istumes.
219 743 358 784 Adelph.
375 742 409 773 ii.
427 744 456 780 4,
475 742 504 773 6.
551 743 607 773 ad-

55 788 201 818 sentando
229 792 324 827 atque
354 785 552 826 indulgendo
578 791 611 816 et

56 829 232 870 largiendo.
251 828 390 870 Adelph.
407 838 437 859 v.
455 829 485 865 9,
503 829 554 859 31.

99 871 263 913 adsequor]
288 873 462 912 Adsequere
491 881 528 902 ac
557 880 608 902 re·

57 913 135 946 tine.
154 915 283 948 Phorm.
301 925 329 945 v.
348 915 378 950 7,
395 914 445 944 89.

101 956 224 998 adsero]
264 957 335 998 Ego
364 955 489 988 liberali
520 955 608 987 illam

57 1001 166 1031 adsero
180 1011 278 1032 eausa
293 1010 400 1031 manu.
419 998 557 1040 Adelph.
575 998 608 1029 ii.

62 1044 90 1080 1,
107 1044 159 1074 40.

101 1084 242 1126 adserva]
274 1085 360 1117 Cura
389 1085 609 1116 adservandum

57 1128 212 1160 vinctum.
243 1128 328 1160 And.
351 1138 379 1159 v.
397 1129 427 1165 2,
444 1128 495 1158 24.
544 1126 609 1157 Hic

58 1171 117 1203 tibi
133 1173 339 1203 adservandus
354 1177 412 1202 est.
431 1170 551 1201 Heaut.
562 1169 608 1200 iii.

58 1215 89 1251 3,
101 1215 152 1245 32.
188 1214 251 1246 Dic
266 1224 318 1245 me
334 1214 387 1244 hic
403 1212 524 1255 oppido
539 1222 609 1244 esse

56 1257 303 1298 invitam‚atque
309 1258 477 1288 adservari.
488 1256 608 1286 Heaut.

57 1300 99 1331 iv.
118 1301 148 1337 4,
168 1301 216 1331 12.

101 1342 226 1383 adsido]
257 1343 376 1373 Adsido
391 1355 401 1373 :
435 1341 612 1372 adcurrunt

57 1386 159 1417 servi:
173 1395 283 1417 soccos
292 1385 476 1416 detrahunt.
490 1384 609 1415 Heaut-

58 1429 79 1460 i.
100 1429 127 1466 1,
145 1428 196 1461 72.

101 1469 247 1511 adsidue]
275 1471 327 1502 Ne
351 1480 480 1511 semper
502 1479 612 1501 servos

58 1524 202 1551 currens,
229 1513 332 1545 iratus
354 1523 463 1550 senex,
484 1514 613 1543 adsidue

58 1557 176 1598 agendi
191 1556 258 1588 sint
272 1555 361 1587 mihi.
386 1556 507 1587 Heaut.
525 1555 611 1586 Prol.

59 1601 110 1631 39.
157 1599 244 1636 Quid
270 1606 301 1630 te
323 1599 467 1630 futurum
489 1608 611 1635 censes,

59 1653 154 1684 quem
171 1644 299 1674 adsidue
313 1641 471 1673 exedent?
491 1641 611 1672 Heaut.

60 1686 107 1717 iii.
118 1687 144 1723 1,
154 1687 205 1717 53.
231 1685 391 1716 Homines
401 1684 525 1715 nobiles
538 1694 612 1715 eum

60 1729 215 1769 adjutare,
231 1730 422 1768 adsidueque
448 1738 512 1758 una
533 1726 611 1758 scri-

59 1772 146 1803 bere.
179 1771 319 1812 Adelph.
337 1770 423 1801 Prol.
443 1771 492 1801 16.
540 1769 612 1800 Illic

60 1815 116 1846 ubi
131 1824 203 1845 sum
219 1815 356 1845 adsidue.
375 1813 456 1844 Hec.
470 1813 503 1843 ii.
521 1814 548 1850 1,
561 1814 611 1843 20.

103 1856 267 1897 adsimulo]
282 1857 379 1887 Nunc
395 1857 529 1887 tuum’st
541 1855 611 1886 offi-

59 1900 156 1938 cium,
186 1900 245 1930 has
276 1900 358 1930 bene
388 1906 425 1930 ut
450 1900 613 1930 adsimules

60 1943 201 1984 nuptias.
232 1942 318 1973 And.
334 1941 355 1973 i.
375 1942 403 1979 l,
422 1943 493 1972 141.
540 1941 613 1972 Eho

60 1997 102 2016 an
118 1992 187 2017 tute
209 1984 371 2016 intellexti
394 1984 454 2015 hoc
476 1986 610 2015 adsimu-

60 2031 147 2060 lari?
164 2028 249 2060 And.
267 2028 313 2059 iii.
331 2029 360 2065 2,
379 2029 429 2058 20.
469 2027 558 2058 Hinc
573 2027 613 2058 ab

59 2072 194 2103 dextera
210 2071 321 2102 venire
345 2081 397 2102 me
416 2072 611 2101 adsimulabo.

60 2115 147 2146 And.
155 2114 198 2146 iv.
207 2115 235 2152 3,
246 2115 296 2145 20.
313 2115 512 2145 Adsimulabo
522 2112 614 2153 quasi

60 2168 147 2189 nunc
178 2167 301 2188 exeam.
341 2157 426 2187 Eun.
453 2156 499 2187 iii.
526 2157 556 2193 2,
583 2157 612 2186 8.

60 2201 145 2232 Τ11111
173 2200 227 2242 pol
252 2210 312 2241 ego
340 2199 368 2230 is
396 2209 500 2230 essem
526 2208 615 2236 vero,

60 2243 116 2284 qui
131 2245 348 2274 adsimulabar.
366 2242 452 2273 Eun.
463 2241 510 2272 iii.
522 2242 551 2279 5,
563 2242 613 2272 58.

60 2286 135 2317 vide
153 2287 266 2317 Notas.
313 2286 426 2316 Istunc
450 2294 558 2322 exors,
578 2291 616 2315 ut

61 2339 152 2360 suam
168 2339 239 2360 esse
254 2329 424 2359 adsimulet.
446 2327 566 2358 Heaut.
579 2326 613 2358 ii.

62 2374 91 2409 3,
106 2373 176 2404 117.
202 2371 259 2402 Me
270 2378 398 2402 aetaoem
409 2380 522 2401 censes
531 2369 615 2401 velle

61 2415 96 2446 id
115 2416 355 2445 adsimulan’er?
385 2413 506 2444 Heaut.
523 2412 566 2443 iv.
584 2413 614 2450 3,

62 2459 114 2488 38.
154 2458 282 2488 Gnatus
297 2456 383 2498 quod
398 2466 434 2487 se
450 2457 616 2487 adsimulat

62 2501 182 2537 laetum,
207 2499 241 2530 id
265 2499 368 2530 dicis?
400 2499 520 2530 neam.
537 2509 566 2530 v.
586 2499 613 2535 1,

65 2545 114 2574 15.
152 2542 218 2578 Qui
233 2542 307 2579 scis,
324 2552 366 2572 an
383 2551 422 2572 ea
441 2551 538 2572 causa
561 2551 614 2572 me

62 2586 169 2618 odisse
190 2586 445 2616 adsimutaoerit?
481 2584 563 2615 Hec.
579 2583 613 2615 ii.

66 2631 93 2666 1,
111 2630 161 2659 38.
208 2628 384 2658 Paternum
399 2626 539 2658 amicum
562 2637 614 2657 me

62 2673 250 2703 adsimulabo
266 2669 413 2711 virginis.
446 2669 575 2700 Phorm.
592 2669 613 2700 i.

64 2717 94 2752 2,
112 2715 162 2747 78.
197 2713 284 2749 Quid
300 2713 329 2744 si
343 2713 502 2750 adsimulo,
518 2712 613 2743 satin’

63 2759 135 2789 est?
160 2757 290 2787 Phorm.
307 2755 328 2786 i.
345 2757 376 2791 4,
394 2756 444 2785 33.
474 2755 548 2790 Quo
563 2765 615 2786 me

63 2802 281 2831 adsimularam
297 2798 345 2829 ire
366 2797 406 2829 ad
427 2804 615 2834 mereatum,

63 2853 129 2874 non
146 2853 194 2874 eo.
218 2842 349 2873 Phorm.
366 2850 395 2871 v.
413 2840 443 2876 6,
463 2841 515 2871 53.

105 2884 237 2926 adsisto]
273 2884 339 2915 Hic
367 2889 502 2932 propter
530 2882 617 2914 hunc

62 2931 186 2960 adsiste.
204 2926 343 2968 Adelph.
359 2926 393 2957 i1.
414 2926 441 2964 l,
460 2926 510 2956 15.

1209 181 1212 196 Ι

684 226 781 263 adsto,
796 224 880 266 asto]
906 225 972 256 Hic
992 230 1119 267 patrem
1140 235 1192 257 as-
1209 198 1213 255 l

642 274 710 300 tare
725 268 852 300 aiebas?
871 268 1105 306 Heaut.v.2,7.
1130 269 1193 300 Pa·
1210 257 1214 310 ξ

1227 184 1390 215 adventum
1405 181 1577 224 Pamphili.
1612 182 1694 214 Hec.
1711 183 1732 215 i.
1750 185 1781 221 2,

1229 227 1260 257 2.
1287 225 1494 257 Incommode
1509 225 1575 256 illis
1596 225 1662 256 fors
1685 227 1781 258 obtu-

1228 268 1311 300 lerat
1325 270 1485 300 adventum
1499 278 1619 299 meum.
1640 269 1722 302 Hec.
1733 268 1780 301 iii.

642 317 750 343 truum
763 310 858 343 video
873 322 946 342 cum
963 318 1054 352 patre
1065 314 1192 344 adstan—
1230 313 1260 350 3,
1277 313 1326 343 10.
1371 310 1437 343 Ubi
1460 312 1530 351 ejus
1553 313 1677 342 adventi
1691 311 1784 343 venit

643 360 712 385 tem.
734 354 863 385 Phorm.
875 354 916 385 iv.
928 356 957 391 3,
970 356 999 385 2.
1038 354 1191 386 Accessi:

643 399 740 428 astiti.
770 396 900 428 Phorm.
917 407 948 428 v.
966 398 996 434 6,
1014 397 1064 430 27.
1111 397 1190 429 Pro·

642 440 695 471 cul
719 439 795 471 hinc
815 445 930 471 astans.
958 440 1040 472 Hec.
1057 440 1100 472 iv.
1115 441 1145 479 3,
1166 441 1192 471 1.

643 482 716 514 vide
733 483 846 514 Notas.

684 525 861 567 adstringo]
903 525 976 557 Hac
1019 526 1092 567 lege
1136 525 1194 557 tibi

643 579 747 600 meam
762 571 920 610 adstringo
936 568 1041 600 fidem.
1071 569 1156 600 Eun.
1173 568 1193 599 i.

644 613 673 649 2,
691 613 742 643 22.

686 654 809 696 adsum]
849 655 955 696 Prope
991 656 1087 693 adest,
1121 665 1194 686 cum

644 697 750 729 alieno
763 708 851 729 more
861 697 1035 729 vivendum
1045 703 1095 729 est
1105 697 1195 728 mihi.

647 741 730 772 And.
745 740 765 771 i.
787 742 814 778 1,
834 741 903 772 125.
945 741 984 771 In
1007 740 1197 781 denegando

646 783 740 814 modo
755 783 827 824 quis
839 783 944 825 pudor
956 783 1087 825 paulum
1100 785 1195 814 adest.

647 826 731 857 And.
748 827 789 857 iv.
810 827 837 863 1,
854 827 884 857 6.
930 826 1005 857 Non
1027 825 1102 867 quia
1124 827 1197 857 ades

645 879 798 910 praesens‚
813 869 886 900 dico
901 869 971 900 hoc.
999 869 1136 910 Adelph.
1150 868 1196 899 iii.

646 913 675 948 3,
685 913 735 943 39.
762 911 883 943 Mulier
893 911 951 942 tibi
960 914 1056 943 adest.
1076 911 1195 942 Heaut.

645 954 678 985 ii.
697 956 726 992 3,
744 956 773 985 2.
821 954 882 985 Ille
897 954 938 985 ad
958 953 1196 985 defendendum

644 999 740 1028 adest.
778 997 908 1028 Phorm.
930 996 963 1027 ii.
989 998 1016 1034 1,
1041 997 1091 1027 36.
1123 997 1197 1027 vide

647 1040 759 1071 Notas.
805 1039 870 1070 Ubi
894 1039 953 1076 vis,
977 1039 1063 1070 dona
1086 1041 1198 1070 adsunt

645 1082 704 1113 tibi
719 1093 739 1113 a
755 1082 912 1114 Phaedria.
931 1082 1016 1113 Eun.
1034 1082 1080 1113 iii.
1098 1083 1127 1119 2,
1148 1083 1196 1112 11.

644 1126 728 1162 Jam,
745 1125 888 1166 inquam,
906 1125 958 1156 hic
977 1127 1078 1156 adero.
1111 1125 1196 1156 And.

644 1168 686 1199 iv.
705 1169 735 1206 2,
752 1170 803 1199 32.
841 1170 953 1199 Aderit
977 1178 1041 1199 una
1065 1167 1100 1199 in
1125 1168 1198 1199 unis

644 1211 777 1243 aedibus.
817 1211 900 1242 Eun.
922 1210 955 1241 ii.
979 1212 1009 1247 3,
1027 1211 1078 1244 75.
1124 1211 1197 1242 Jam

645 1255 713 1285 haec
726 1254 893 1285 tibiaderit
901 1253 1097 1295 supplicans.
1112 1254 1197 1284 Eun.

645 1297 687 1328 iv.
703 1298 732 1335 7,
743 1298 795 1328 41.
828 1297 874 1328 At
888 1297 943 1339 pol
955 1298 1021 1337 jam
1037 1298 1147 1334 aderit,
1164 1307 1198 1327 se

645 1350 772 1381 quoque
785 1339 883 1370 etiam
894 1349 967 1370 cum
981 1339 1095 1370 oderit.
1115 1339 1197 1370 Hec.

646 1383 687 1414 iv.
709 1385 736 1420 1,
753 1384 804 1414 28.
835 1382 908 1414 vide
936 1382 1048 1413 Notas.
1094 1382 1197 1419 Dave,

646 1428 739 1457 ades.-
762 1425 886 1457 resiste.
932 1425 1018 1456 And.
1046 1424 1079 1456 ii.
1109 1426 1139 1462 2,
1169 1425 1197 1457 7.

649 1468 811 1510 Philippe,
844 1470 927 1505 ades,
965 1467 1040 1499 audi
1078 1467 1197 1509 paucis.

649 1511 731 1542 Hec.
748 1511 794 1542 iii.
806 1512 836 1548 5,
846 1511 897 1542 60.
925 1512 1080 1542 Adesdum
1092 1523 1102 1540 :
1118 1521 1198 1552 pau-

647 1554 694 1586 cis
710 1560 742 1585 te
758 1554 841 1585 volo.
858 1553 944 1585 And.
962 1553 983 1584 i.
998 1554 1024 1590 1,
1037 1554 1065 1584 2.
1095 1553 1197 1584 Fave-

649 1604 690 1634 te,
716 1599 820 1628 adeste
846 1607 935 1637 aequo
962 1596 1079 1627 animo.
1112 1596 1198 1627 And.

650 1640 733 1671 Prol.
746 1641 796 1671 24.
828 1640 946 1671 Jamne
961 1646 1074 1681 partus
1089 1641 1198 1670 adsiet.

650 1683 788 1724 Adelph.
812 1682 855 1714 iv.
881 1684 911 1719 4,
937 1684 985 1713 ll.
1032 1682 1115 1713 Volo
1139 1693 1198 1723 ego

647 1728 751 1757 adesse
777 1725 830 1756 hic
852 1725 1024 1756 advocatos
1048 1725 1141 1756 nobis
1164 1725 1198 1756 in

649 1769 741 1800 turba
751 1769 820 1799 hac.
835 1768 920 1799 Eun.
932 1768 974 1799 iv.
986 1768 1016 1804 6,
1028 1768 1078 1798 26.
1104 1767 1199 1799 Hunc

648 1811 825 1843 minime’st
845 1821 926 1852 opus
947 1811 981 1841 in
1005 1811 1066 1842 hac
1086 1821 1122 1842 re
1142 1813 1198 1842 ad-

647 1865 719 1886 esse.
746 1854 827 1885 Hec.
844 1854 890 1885 iii.
908 1855 938 1890 3,
955 1855 1006 1884 50.

690 1895 913 1937 adtemperate]
937 1897 1031 1927 Itane
1046 1897 1199 1936 adtempe-

647 1945 715 1971 rate
738 1939 857 1978 evenit,
881 1938 978 1970 hodie
1002 1939 1037 1969 in
1061 1938 1142 1980 ipsis
1166 1945 1202 1970 ut

647 1983 783 2020 veniret,
823 1982 959 2013 antehac
995 1991 1171 2022 numquam
1187 1983 1199 2013 2

649 2026 734 2057 And.
751 2036 781 2057 v.
799 2027 829 2063 4,
845 2027 894 2056 13.
911 2024 986 2056 vide
1002 2024 1116 2055 Notas.

689 2071 841 2106 adtentus,
856 2068 931 2099 vide
946 2073 1090 2098 attentus.

690 2110 820 2152 adveho]
854 2111 954 2142 Istam
981 2120 1068 2141 nunc
1097 2109 1201 2147 times,

648 2164 719 2195 quae
738 2155 918 2190 advecta'st,
935 2163 977 2184 ne
992 2152 1084 2184 illum
1105 2152 1201 2184 talem

648 2197 816 2239 praeripiat
831 2196 899 2228 tibi.
922 2196 1008 2227 Eun.
1025 2195 1045 2226 i.
1064 2197 1093 2232 2,
1111 2196 1162 2226 81.

691 2239 825 2281 advena]
849 2240 909 2270 Est
929 2249 947 2270 e
969 2238 1126 2269 Corintho
1149 2238 1201 2269 hie

648 2285 764 2314 advena
771 2293 852 2314 anus
860 2281 1067 2325 paupercula.
1081 2281 1200 2312 Heeut.

649 2326 669 2356 i.
690 2327 785 2363 1,11·4.

692 2367 835 2408 advenio]
847 2368 899 2398 Ad
913 2373 944 2398 te
956 2369 1091 2398 advenio.
1113 2366 1198 2398 And.

649 2410 683 2442 ii.
704 2413 730 2448 l,
747 2412 796 2443 19.
828 2411 950 2452 Optato
965 2411 1097 2441 advenis.
1113 2409 1199 2440 And.

649 2454 695 2485 iii.
712 2455 742 2491 3,
762 2455 789 2484 1.
835 2454 899 2485 Per
916 2459 1046 2494 tempus
1066 2454 1199 2484 advenis.

650 2497 735 2528 And.
746 2496 788 2528 iv.
799 2498 830 2533 4,
840 2498 892 2527 44.
919 2496 959 2527 111
972 2503 1118 2537 tempore
1129 2494 1201 2536 ipso

649 2540 694 2571 mi
710 2542 844 2571 advenis.
861 2538 948 2570 And.
965 2549 994 2570 v.
1007 2538 1036 2575 6,
1054 2539 1102 2569 10.
1130 2539 1199 2579 Op-

671 2589 788 2614 ortune
802 2583 935 2613 advenis.
953 2581 1074 2612 Heaut.
1091 2580 1112 2611 i.
1128 2582 1157 2618 2,
1170 2582 1200 2611 5.

683 2625 745 2656 nde
770 2625 839 2656 haec
860 2626 1008 2655 advenit?
1032 2623 1115 2654 Hec.
1132 2623 1152 2654 i.
1171 2625 1201 2657 2.

649 2669 679 2699 6.
703 2667 833 2699 Salvom
848 2674 881 2698 te
895 2668 1051 2698 advenisse
1065 2666 1199 2707 gaudeo.

650 2711 734 2742 Eun.
752 2721 781 2741 v.
799 2711 829 2748 6,
846 2710 876 2740 6.
923 2710 1013 2740 Bene
1033 2708 1153 2740 factum
1169 2715 1201 2740 te

648 2755 812 2785 advenisse.
831 2753 914 2784 Hec.
931 2752 976 2783 iii.
994 2753 1024 2788 5,
1042 2751 1071 2782 6.

692 2795 855 2836 adventus]
869 2795 941 2836 Ego
951 2793 1201 2826 commodiorem

649 2838 825 2876 hominem,
855 2839 1025 2875 ment-m,
1063 2843 1201 2878 tempus,

651 2892 715 2913 non
731 2880 808 2912 vidi.
834 2880 919 2912 And.
937 2890 967 2912 v.
984 2881 1014 2917 2,
1031 2880 1061 2911 3.
1106 2879 1200 2911 Salu-

1230 355 1264 386 in
1280 361 1432 386 mentem.
1457 354 1586 385 Phorm.
1603 353 1624 384 i.
1642 355 1672 391 8,
1690 355 1719 385 2.

1273 395 1483 438 adversarius]
1502 398 1703 428 Adversarius
1728 407 1781 428 ra·

1230 450 1307 482 pere
1335 439 1370 471 in
1395 441 1538 482 pejorem
1559 446 1694 481 partem.
1734 440 1781 471 A·

1230 483 1282 514 del
1307 483 1337 514 h.
1356 482 1441 514 Prol.
1453 484 1482 514 2.
1506 482 1638 514 Postam
1654 482 1783 514 restitui

1231 526 1264 557 in
1293 536 1396 563 ocum,
1412 535 1515 567 prope
1532 527 1601 566 jam
1623 532 1783 557 remotum

1231 569 1349 609 injuria
1364 570 1582 600 adversarium.
1614 568 1698 600 Hec.
1715 568 1783 600 Alt.

1233 612 1317 643 Prol.
1338 613 1386 643 14.
1424 611 1583 653 lnjurium
1599 618 1708 643 autem
1723 618 1783 649 est,

1231 654 1342 686 ulcisci
1372 656 1586 686 adversarios?
1614 654 1698 685 Hec.
1714 654 1735 685 i.
1756 656 1784 693 1,
1812 682 1819 688 ,

1236 699 1283 729 15.
1329 697 1469 729 Causam
1490 697 1619 728 tradere
1639 699 1784 729 adversa-

1232 743 1299 778 riis,
1326 740 1424 772 etiam
1452 740 1528 771 idne
1558 740 1612 771 lex
1648 740 1783 781 coegit?

1235 784 1363 814 Phorm.
1380 783 1413 814 ii.
1435 784 1461 820 l,
1479 783 1508 816 7.
1526 782 1600 814 vide
1616 783 1729 815 Notas.

1275 825 1449 866 adversum]
1468 826 1521 857 Ex
1534 827 1669 857 adverso.
1688 826 1784 858 Phor.

1233 869 1253 900 i.
1272 870 1300 906 2,
1318 870 1369 900 38.
1387 869 1461 900 vide
1477 869 1592 900 Notas.

1275 911 1516 952 advesperascit]
1539 912 1607 943 Cur
1622 921 1706 943 uxor
1720 921 1787 943 non

1232 954 1426 986 arcessitur?
1455 956 1523 994 jam
1552 956 1787 995 advesperascit.

1234 997 1319 1028 And.
1337 996 1382 1028 iii.
1400 999 1430 1033 4,
1451 998 1477 1027 1.

1276 1039 1426 1080 advigilo]
1451 1039 1486 1070 Si
1502 1041 1728 1081 advigilaveris,
1746 1049 1788 1071 ex

1233 1081 1307 1113 unis
1340 1082 1487 1123 geminas
1521 1081 1602 1113 mihi
1635 1082 1788 1114 conficies

1234 1125 1373 1167 nuptias.
1390 1125 1477 1156 And.
1494 1124 1536 1156 iv.
1555 1126 1582 1162 1,
1600 1126 1651 1156 50.
1680 1125 1788 1156 Tanto

1233 1168 1336 1209 magis
1358 1174 1391 1199 te
1413 1170 1585 1208 advigilare
1607 1169 1787 1208 aequom’st.

1236 1211 1364 1242 Phorm.
1381 1210 1403 1241 i.
1423 1211 1453 1247 4,
1471 1211 1522 1241 26.

1275 1252 1467 1294 adulescens]
1491 1255 1680 1285 Adulescens
1707 1253 1788 1285 luxu

1233 1296 1390 1337 perditus.
1433 1296 1574 1337 Adelph.
1604 1296 1647 1327 iv.
1677 1296 1706 1334 7,
1734 1298 1787 1328 42.

1237 1339 1421 1381 Inprudens
1457 1339 1567 1370 timuit
1602 1341 1789 1371 adulescens.

1235 1382 1365 1413 Phorm.
1381 1381 1415 1413 ii.
1433 1383 1460 1419 1,
1477 1382 1530 1412 64.
1577 1381 1687 1413 Homo
1708 1384 1788 1413 adu-

1234 1427 1346 1456 lescens
1361 1424 1389 1456 si
1404 1425 1502 1456 habet
1518 1434 1617 1455 unam
1639 1424 1786 1456 amicam.

1237 1468 1366 1498 Phorm.
1382 1478 1412 1498 v.
1431 1468 1460 1505 8,
1477 1468 1528 1498 52.
1562 1467 1646 1498 Cum
1661 1467 1788 1509 virgine

1235 1520 1299 1541 una
1328 1512 1505 1542 adulescens
1534 1510 1683 1541 cubuerit
1713 1510 1788 1552 plus

1233 1559 1339 1595 potus,
1373 1563 1444 1584 sese
1475 1553 1531 1584 illa
1559 1553 1723 1584 abstinere
1750 1560 1789 1585 ut

1234 1596 1394 1638 potuerit?
1415 1596 1496 1627 Hec.
1514 1595 1535 1626 i.
1552 1597 1581 1633 2,
1593 1596 1644 1626 64.
1679 1596 1790 1628 Mater

1234 1640 1319 1680 quod
1334 1639 1436 1670 suasit
1450 1649 1518 1676 sua,
1527 1641 1703 1670 adulescens
1714 1649 1787 1671 mu-

1233 1681 1294 1713 lier
1310 1682 1395 1713 fecit.
1421 1682 1503 1713 Hec.
1520 1681 1563 1713 iv.
1580 1684 1611 1719 4,
1629 1683 1680 1713 39.
1719 1682 1786 1714 Bo-

1234 1735 1312 1756 num
1334 1724 1504 1766 ingenium
1530 1735 1642 1756 narras
1665 1727 1787 1757 adules-

1234 1770 1339 1799 centis.
1356 1767 1442 1799 And.
1457 1767 1503 1798 iii.
1519 1769 1545 1804 l,
1557 1769 1586 1798 8.
1626 1767 1653 1798 F
1654 1778 1710 1799 ero
1724 1768 1789 1800 alia

1236 1810 1356 1850 flagitia
1378 1810 1420 1841 ad
1443 1816 1476 1841 te
1498 1810 1576 1841 boni
1596 1809 1685 1842 illius
1708 1812 1788 1842 adu-

1235 1855 1383 1884 lescentis.
1401 1852 1541 1894 Adelph.
1556 1852 1600 1884 iv.
1618 1852 1648 1890 7,
1664 1855 1695 1884 4.
1726 1853 1791 1885 Est

1235 1895 1358 1927 veritus
1379 1902 1521 1937 optumae
1540 1897 1727 1927 adulescenti
1740 1896 1789 1928 fa-

1235 1948 1309 1969 cere
1339 1938 1502 1979 injuriam.
1540 1938 1626 1970 And.
1646 1938 1692 1970 iii.
1710 1940 1739 1977 2,
1757 1941 1788 1971 8.

1237 1983 1468 2012 Adulescentem
1507 1981 1588 2012 adeo
1635 1981 1788 2014 nobilem.

1239 2024 1323 2055 Eun.
1339 2024 1360 2054 i.
1378 2025 1408 2061 2,
1428 2024 1498 2055 124.
1543 2024 1626 2060 Quae
1649 2024 1790 2056 liberum

1237 2067 1320 2098 scire
1339 2077 1464 2107 aequom
1487 2073 1537 2098 est
1558 2068 1788 2100 adulescentem.

1239 2110 1324 2141 Eun.
1341 2109 1387 2140 iii.
1403 2111 1432 2147 2,
1449 2110 1500 2140 25.
1546 2110 1614 2141 Cur
1627 2111 1737 2151 perdis
1751 2122 1788 2142 a·

1236 2154 1434 2184 dulescentem
1461 2151 1579 2184 nobis?
1602 2152 1743 2195 Adelph.
1764 2153 1788 2185 i.

1240 2196 1267 2233 1,
1285 2196 1336 2226 36.
1382 2194 1564 2226 Conserunt
1587 2195 1723 2228 consilia
1746 2197 1790 2229 ad

1235 2240 1450 2270 adulescentes.
1479 2238 1600 2269 Heaut.
1621 2237 1668 2270 iii.
1690 2240 1718 2277 1,
1734 2239 1787 2271 65.

1237 2281 1310 2312 vide
1332 2281 1445 2312 Notas.
1490 2281 1559 2312 Cur
1582 2287 1691 2322 partes
1716 2281 1789 2314 seui

1235 2326 1330 2365 poeta
1356 2322 1493 2360 dederit,
1514 2333 1586 2364 quae
1609 2331 1687 2356 sunt
1708 2327 1788 2356 adu·

1236 2368 1418 2398 lescentium.
1436 2366 1557 2397 Heaut.
1569 2366 1654 2398 Ptol.
1667 2369 1698 2398 2.
1720 2368 1787 2399 Ac-

1235 2409 1389 2451 cipiunda
1412 2415 1447 2440 et
1473 2409 1672 2441 mussitanda
1700 2409 1787 2451 inju-

1235 2453 1283 2484 ria
1295 2453 1582 2483 adulescentium'st.
1603 2452 1690 2484 And.
1705 2452 1740 2484 ii.
1759 2454 1788 2492 1,

1236 2496 1288 2526 53.
1333 2495 1438 2530 Quam
1460 2493 1565 2536 iniqui
1585 2501 1663 2527 sunt
1677 2502 1789 2538 patres

1236 2538 1270 2569 in
1293 2537 1399 2568 omnis
1423 2539 1627 2569 adulescentis
1649 2538 1787 2579 §udices-

1239 2580 1358 2612 Heaut.
1372 2580 1406 2611 ii.
1426 2581 1454 2617 1,
1473 2581 1502 2611 1.

1278 2622 1504 2663 adulescentia]
1531 2623 1604 2655 Nos
1625 2629 1787 2656 nostram-

1236 2676 1298 2707 que
1323 2667 1559 2697 adulescentiam
1581 2666 1704 2699 habent
1729 2667 1787 2699 de-

1235 2708 1401 2750 spicatam.
1419 2708 1504 2740 Eun.
1520 2708 1555 2741 ii.
1570 2710 1602 2748 3,
1617 2710 1670 2741 91.
1708 2709 1787 2742 Illa-

1235 2761 1309 2783 rum
1330 2751 1454 2783 adfines
1475 2761 1546 2783 esse
1566 2761 1687 2790 rerum,
1708 2763 1789 2794 quas

1236 2794 1298 2826 sert
1321 2795 1536 2826 adulemtia.
1567 2794 1689 2827 Heaut.
1704 2795 1738 2827 ii.
1758 2797 1788 2834 1,

1237 2838 1266 2868 3.
1311 2837 1386 2868 Jam
1408 2835 1486 2868 inde
1507 2837 1549 2870 ab
1570 2839 1788 2871 adulescentia.

1237 2879 1377 2922 Adelph.
1405 2879 1427 2912 i.
1454 2881 1482 2918 1,
1509 2881 1559 2912 16.
1611 2881 1788 2924 Sperabam

651 2930 742 2956 tant:
771 2923 812 2955 ad
835 2933 961 2955 coenam
987 2928 1119 2954 vocant:
1143 2923 1200 2954 ad-
1232 2924 1300 2963 jam
1330 2922 1505 2955 deservisse
1539 2925 1787 2956 adulescentiam.

107 2969 241 3011 adsoleo]
262 2971 345 3005 Quae
366 2970 511 3005 adsolent,
528 2978 614 3009 quae-
650 2973 768 2999 ventum
783 2966 997 3008 gratulantur.
1017 2966 1102 2997 Eun.
1119 2965 1153 2997 ii.
1171 2966 1200 3003 2,
1236 2965 1409 3008 Adelph.i.
1421 2966 1510 3005 2,72.
1534 2966 1700 2999 Persuasit
1710 2978 1787 3005 nox,

64 3024 127 3055 que
142 3019 271 3056 oportet
286 3012 379 3053 signa
391 3011 515 3044 essead
529 3011 616 3043 salu·
651 3012 703 3042 28.
750 3010 820 3041 Isse
843 3009 952 3047 dicito,
977 3014 1202 3051 percontatum
1235 3018 1336 3047 amor,
1352 3008 1474 3049 vinum,
1494 3011 1709 3042 adulescentia.
1738 3011 1786 3041 A-
