1852 3216
99 182 239 212 semu
259 168 339 224 ηπ]

693 168 1050 214 PHORMIO.

1535 171 1623 215 63⁵

157 258 245 301 Hic
264 257 387 301 simul
406 262 630 315 argentum
644 257 853 315 repperit,
875 274 979 302 cura
996 259 1094 303 'sese
1112 260 1354 318 expedivit:

120 333 141 363 5
158 323 256 381 Ego
276 323 393 366 nullo
412 339 589 380 possum
607 325 797 368 remedio
815 339 883 367 me
903 325 1098 368 evolvere
1118 341 1175 369 ex
1192 325 1261 368 his
1281 326 1435 377 turbis,

154 389 275 438 Quin
294 391 329 431 si
348 389 430 432 hoc
452 389 627 441 celetur,
646 391 690 432 in
706 397 824 433 metu
841 407 851 433 :

884 390 949 432 sin
969 390 1136 447 patefit,
1157 392 1201 434 in
1219 392 1381 448 probro
1402 392 1495 433 sim.

152 455 312 511 Neque
332 470 399 497 me
422 455 595 502 domum
614 470 727 499 nunc
747 456 996 512 reciperem,
1016 458 1060 499 ni
1079 457 1183 499 mihi
1198 464 1314 501 esset
1334 471 1433 514 spes
1449 462 1623 500 ostensa

153 520 351 576 Hujusce
371 520 606 563 habendae:
639 522 716 564 sed
738 518 909 564 ubinafn
928 522 1087 565 Getam
1107 523 1296 566 invenire
1316 538 1506 579 possum,

152 586 215 628 Ut
235 601 395 642 rogem,
413 587 530 642 quod
549 595 718 643 tempus
732 588 1014 631 conveniundi
1033 589 1168 645 patris
1184 604 1251 632 me
1267 603 1422 645 capere
1435 589 1619 645 jubeat?

291 752 579 800 ACTUS
640 752 955 806 QUINTI
1025 754 1305 804 SCENA
1362 756 1422 803 V.

608 878 841 910 PHORMIO.

876 879 1103 912 ANTIPHO.

149 961 415 1004 Ansam-un
436 961 605 1016 accepi:
630 961 788 1003 tradidi
806 960 974 1004 lenoni:
1005 963 1169 1005 abduxi
1188 963 1431 1006 mulierem:

153 1028 324 1077 Curavi,
339 1028 514 1083 propria
528 1042 579 1069 ea
594 1027 795 1068 Phaedria
807 1035 855 1069 ut
870 1029 1080 1083 potiretur
1092 1045 1102 1070 t
1124 1044 1220 1071 nam
1233 1030 1387 1072 emissa
1399 1037 1466 1072 est
1478 1046 1619 1073 manu.

148 1093 279 1136 Nunc
299 1109 384 1135 una
402 1093 503 1135 mihi
525 1107 592 1135 res
612 1094 738 1135 etiam
758 1101 907 1144 restat,
928 1109 1026 1149 quae
1045 1103 1112 1136 est
1131 1095 1417 1146 conficiunda,
1439 1097 1572 1138 otium

147 1158 222 1201 Ab
244 1160 417 1201 senibus
434 1160 489 1201 ad
510 1159 745 1214 potandum
762 1166 810 1201 ut
826 1158 1027 1201 habeam:
1056 1175 1154 1202 nam
1173 1159 1336 1216 aliquot
1355 1160 1435 1203 hos
1456 1177 1619 1204 sumam

233 1225 341 1267 dies.

112 1300 133 1331 6
149 1290 240 1333 ΑΝ.
270 1291 359 1333 Sed
390 1291 672 1333 Phormio’st:
705 1292 809 1347 quid
830 1292 921 1334 ais?
971 1291 1057 1333 ΡΗ.
1081 1290 1235 1339 Quid?
1285 1291 1379 1334 An.
1399 1293 1618 1342 Quidnam

234 1372 348 1399 nunc
367 1356 559 1399 facturus
581 1357 815 1399 Phaedria?

149 1422 252 1471 Quo
272 1430 399 1478 pacto
421 1423 660 1465 satietatem
680 1423 834 1464 amoris
855 1423 915 1464 ait
936 1438 981 1465 se
1000 1421 1108 1465 velle
1128 1423 1388 1466 absumere?

148 1487 233 1531 ΡΗ.
266 1487 467 1530 Vicissim
496 1488 631 1543 partis
661 1495 757 1530 tuas
777 1495 952 1531 acturus
981 1495 1061 1530 est.

232 1553 389 1609 fugitet
410 1560 575 1609 patrem
592 1569 602 1595 z

1119 1487 1212 1530 AN.
1239 1488 1392 1536 Quas?
1442 1489 1528 1532 Pu.
1551 1489 1617 1532 Ut

146 1619 215 1662 Te
237 1635 357 1662 suam
377 1621 542 1676 rogavit
561 1635 731 1661 rursum
747 1626 796 1661 ut
809 1634 984 1675 ageres3
1015 1633 1187 1661 causam
1199 1626 1248 1661 ut
1267 1634 1347 1675 pro
1364 1635 1411 1662 se
1426 1620 1618 1663 diceres:

133 1721 162 1752 5.
179 1722 229 1752 Ex
250 1722 297 1752 his
319 1719 434 1761 turbis]
461 1720 524 1752 Ms-
542 1720 582 1751 R.
600 1726 632 1751 et
647 1725 724 1752 vett.
740 1719 831 1751 codd.

91 1775 126 1795 ex
149 1766 217 1795 istis
233 1766 338 1796 tarbis.
378 1764 525 1794 L.—Pro
547 1763 669 1804 vulgari
687 1765 833 1794 exsolvere

90 1817 201 1838 omnes
213 1807 304 1838 codd.
320 1814 407 1838 recte
418 1809 547 1838 evolvere
558 1820 569 1843 ,·
584 1807 615 1837 h.
629 1817 657 1837 e.
670 1806 832 1848 expedire,

90 1850 185 1881 ducta
201 1850 388 1892 metaphora
402 1861 421 1881 a
437 1850 482 1881 fili
497 1849 647 1889 glomere.
681 1850 817 1880 Paean.

134 1894 162 1924 6.
181 1896 215 1925 Si
229 1896 282 1925 hoc
297 1896 417 1929 celetur,
434 1896 465 1924 in
487 1892 582 1934 metu]
604 1891 833 1924 Ἀνακόλυυθον

90 1944 247 1978 quartum.
296 1937 379 1968 Nam
395 1947 467 1968 cum
490 1936 710 1979 proposuisset
731 1938 758 1967 εἰ
778 1938 832 1967 hoc

89 1982 202 2011 celetur
211 1994 223 2016 ‚-
239 1980 357 2017 intulit,
369 1982 415 2011 sin
426 1981 539 2020 patefit.
578 1981 615 2011 In
624 1982 733 2020 probro
741 1979 830 2020 siem]

90 2023 187 2065 Apud
198 2031 319 2065 patrem
334 2023 464 2054 scilicet.
496 2023 646 2054 D.—Pro
656 2025 739 2060 siem,
748 2023 833 2063 quod

88 2066 122 2098 in
147 2067 295 2098 omnibus
319 2066 408 2098 codd.
437 2072 535 2102 extat,
559 2076 671 2098 versus
691 2065 833 2108 postulat

89 2112 154 2141 sim.
189 2110 324 2141 Fumi«.

875 1720 990 1750 dicabo.
1030 1719 1241 1757 D.—Curavi,
1253 1721 1380 1760 propria
1393 1724 1427 1751 ai
1446 1723 1619 1760 potiretur.-

875 1764 1021 1803 siquidem
1042 1764 1151 1793 emissa
1173 1768 1219 1793 eet
1247 1762 1355 1804 manu]
1386 1763 1504 1796 Tribus
1530 1764 1619 1797 enim

875 1805 979 1837 modis
1001 1806 1083 1836 fiunt
1098 1805 1201 1843 liberi,
1217 1805 1250 1836 id
1266 1812 1325 1843 est,
1341 1816 1450 1844 censu,
1466 1807 1619 1847 vindicta,

877 1848 928 1880 vel
940 1848 1199 1880 manumissione.
1224 1849 1269 1880 Et
1284 1859 1384 1880 censu
1399 1849 1539 1891 quidem,
1556 1861 1620 1892 quo

875 1902 909 1923 se
931 1891 1062 1923 redimit
1082 1891 1239 1933 captivus,
1261 1892 1367 1934 podio
1389 1893 1423 1924 in
1445 1893 1528 1925 libra
1542 1901 1618 1926 ante

875 1934 1079 1976 magistratus
1109 1935 1198 1966 urbis
1226 1935 1309 1966 liber
1337 1935 1483 1968 efficitur.
1536 1937 1619 1969 Vin-

875 1978 960 2010 dicta
991 1988 1066 2010 vero
1092 1985 1141 2009 est
1167 1978 1267 2019 virga,
1295 1989 1357 2020 qua
1383 1979 1417 2010 in
1444 1987 1620 2023 conspeetu

876 2021 1018 2053 omnium
1035 2031 1146 2053 servus
1158 2028 1261 2053 tactus
1272 2022 1504 2055 absolvebatur.
1543 2023 1618 2055 Ma-

875 2065 1031 2096 numissio
1043 2075 1167 2106 quoque
1183 2065 1279 2096 verbo
1291 2065 1426 2097 ubilibet
1437 2066 1545 2098 fiebat.
1577 2067 1618 2099 E.

877 2108 1052 2140 Bembinus
1075 2114 1107 2139 et
1136 2107 1238 2139 nostri
1263 2107 1328 2140 duo
1357 2108 1471 2151 optimi
1498 2109 1621 2142 babent

132 2153 161 2185 ⁷.
178 2155 251 2194 Spes
266 2152 399 2194 osteum]
417 2142 480 2184 Ms-
498 2152 538 2183 P..
554 2157 712 2184 ostentata.
750 2152 833 2183 L—
870 2157 1035 2192 poteretur,
1049 2150 1195 2193 apposite
1207 2150 1247 2182 ad
1262 2151 1419 2184 rationem
1429 2162 1558 2185 veram:
1581 2159 1620 2186 ut

175 2202 301 2233 ostensa,
318 2204 373 2228 aut
388 2201 547 2232 ostentata,
563 2195 648 2236 quod
670 2195 704 2226 in
720 2195 831 2227 multis

88 2239 248 2282 reperitur
269 2240 369 2277 libris,
387 2239 534 2271 meliores
551 2238 668 2270 Faerni
683 2245 715 2270 et
730 2238 832 2271 nostri

87 2282 208 2315 habent
222 2289 346 2315 ostenta.
379 2283 415 2314 B.

132 2327 161 2357 8.
188 2326 274 2368 Lege
303 2328 442 2358 habendi.
486 2324 571 2357 Vide
597 2325 637 2357 ad
664 2336 693 2356 v.
722 2326 752 2357 6.
778 2326 829 2357 40.

89 2369 134 2400 Et
148 2379 258 2401 omnes
273 2369 346 2401 libri
362 2376 449 2401 recte
460 2371 580 2409 possim.
612 2369 650 2400 Β.

132 2413 160 2443 9.
187 2412 249 2444 Pro
261 2413 373 2454 jubeat
394 2411 590 2453 antiquiores
619 2411 733 2443 Faerni
756 2411 831 2443 libri

88 2455 208 2486 habent
221 2458 356 2487 suadeat.
394 2456 516 2487 Verum
532 2466 573 2486 ne
588 2465 700 2486 versus
715 2455 830 2487 misere

88 2498 225 2536 incedat,
248 2509 379 2540 repone,
403 2510 512 2540 rogem,
538 2500 617 2540 quod
636 2501 832 2530 conveniundi

83 2543 188 2582 patris
199 2553 244 2573 me
259 2544 372 2583 te'mpus
379 2553 485 2583 capere
492 2541 613 2583 jubeat.
638 2542 721 2573 Nam
732 2554 831 2583 rogem

86 2584 121 2616 in
131 2584 236 2626 primo
245 2585 326 2626 pede
335 2595 486 2617 concessa
495 2585 588 2616 venia
596 2585 777 2627 corripitur.
793 2585 829 2617 B.

133 2629 159 2658 1.
177 2629 344 2669 Argentum
355 2627 474 2670 accepi]
490 2628 652 2660 lactantia
666 2628 718 2659 bic
733 2628 829 2660 indu·

87 2670 172 2702 citur
203 2671 424 2702 Phormionis:
459 2670 512 2712 qui
544 2671 578 2703 in
609 2671 697 2702 omni
724 2682 830 2710 scena,

87 2720 183 2756 prout
198 2714 232 2745 in
248 2724 284 2745 se
297 2716 446 2755 jactatur.
463 2714 597 2746 insultat
609 2714 654 2757 (et
668 2717 755 2755 quan·
770 2726 830 2746 om-

87 2769 140 2789 nes
155 2757 304 2798 fallacias
328 2769 365 2789 ea·
384 2759 534 2789 sententia
552 2760 722 2798 provenisse
743 2760 830 2789 Iaeta·

88 2800 165 2840 tur).
208 2801 460 2841 D.—Argentum
486 2800 605 2842 accepi]
631 2801 711 2832 Haec
735 2811 832 2832 scena

83 2843 292 2884 jactationem
330 2843 534 2875 Phormionis
562 2843 716 2881 continet,
746 2844 831 2885 quod

86 2887 231 2919 consiliis
257 2886 324 2918 suia
349 2897 421 2928 quae
445 2885 584 2918 voluerit
603 2893 719 2919 cuncta
741 2897 829 2919 com-

85 2930 233 2974 pleverit.
266 2930 306 2961 E.

130 2975 160 3005 2.
183 2975 315 3015 Propria
328 2985 366 3005 ea
390 2971 551 3014 Phaedria]
576 2972 691 3016 Virgil.
714 2972 791 3025 'AEm
807 2972 829 3005 i.

875 2201 908 2226 et
919 2194 1074 2230 Catullus.
1089 2196 1165 2226 liber
1179 2199 1214 2225 ut
1229 2196 1364 2244 innaptae
1377 2198 1619 2237 potereturfloro

874 2249 1035 2312 nori-{ratlac
1045 2238 1184 2322 ¹zamam]
1209 2280 1250 2313 Id
1271 2287 1329 2318 eat,
1349 2281 1535 2314 dilationem
1557 2292 1616 2326 pe-

874 2331 948 2399 mg.
971 2324 1024 2399 ἐκ
1046 2367 1177 2410 optimis
1198 2366 1317 2399 nostris
1338 2367 1460 2410 aliquot
1470 2367 1618 2410 facturae

873 2416 927 2443 eet.
1064 2410 1246 2452 facturu’aet.
1279 2411 1316 2442 B.

916 2455 946 2485 6.
971 2454 1034 2485 Pro
1052 2465 1169 2485 eumen
1188 2453 1333 2496 plerique
1353 2453 1429 2486 libri
1451 2454 1569 2488 Faerni
1582 2461 1619 2489 et

873 2497 984 2534 nostri,
998 2499 1160 2529 absumere.
1193 2497 1231 2528 Β.

917 2540 946 2574 7.
970 2542 1108 2572 Vicissim
1127 2546 1232 2581 partes
1247 2546 1316 2571 tuos
1330 2545 1457 2572 actum
1470 2541 1534 2583 ese]
1556 2542 1618 2575 Se-

874 2584 1013 2616 cundum
1038 2583 1118 2615 inud
1149 2583 1234 2624 quod
1263 2583 1386 2615 dictum
1408 2591 1467 2622 est,
1490 2587 1618 2619 trad-ne

873 2639 978 2668 operas
986 2632 1113 2659 mutuas.
1130 2627 1486 2669 D.—Vieiseimpartaes]
1495 2629 1616 2665 Quem-

874 2670 1044 2702 admodum
1061 2678 1096 2701 tu
1110 2676 1244 2719 propter
1254 2667 1376 2719 facinus
1390 2669 1495 2702 ductae
1506 2672 1618 2706 uxoris

873 2721 997 2756 patrem
1013 2713 1133 2754 fugisti,
1146 2722 1242 2744 euam
1253 2712 1308 2762 ille
1322 2720 1455 2756 propter
1469 2716 1617 2748 mereni-

872 2756 1617 2842 {fflzw‘fflzffi‘zfflae

873 2853 967 2896 pone,
983 2844 1474 2883 Vicissimpartietufflactarn'oe.
1508 2846 1617 2880 ands?

873 2885 956 2961 “1¹84
971 2898 1015 2962 ἷζε
1035 2886 1123 2961 ξηαπ
1148 2930 1268 2971 rogavit
1288 2939 1408 2962 mse-
1430 2935 1466 2962 a!
1490 2931 1615 2975 ageres]

872 2973 998 3005 Parte-
1026 2971 1137 3014 (Apud
1158 2977 1287 3013 puer-eni.
1332 2973 1515 3007 Praertim
1541 2985 1616 3008 cm

87 3013 139 3051 77.
166 3018 317 3051 Gonu-abio
330 3017 463 3059 jugan
483 3017 599 3055 stabili,
619 3027 831 3059 propria-que
869 3021 988 3057 patrea·
1008 3015 1044 3049 in
1061 3015 1125 3048 Ma.
1142 3015 1182 3048 B.
1203 3015 1477 3059 legathta-um
1497 3019 1615 3051 ouban.
