1852 3216
442 118 518 157 DE
546 116 860 157 TRAGOEDIA
889 115 962 155 ET
989 114 1285 154 COMOEDIA.
1547 118 1631 157 xvii

97 214 253 244 stratur.
312 203 412 242 Nam
431 212 521 254 post
540 202 643 242 illius
664 202 741 241 tale
760 210 988 253 tantumque
1013 195 1305 247 documentum}
1324 203 1374 240 ab
1398 202 1627 252 ingeniosis-

96 259 203 297 simis
221 258 481 296 imitatoribus
499 266 539 295 et
558 257 708 308 digesta
726 266 818 294 sunt
835 257 874 294 in
892 256 1080 300 ordinem,
1101 265 1141 293 et
1162 255 1289 293 divisa
1316 268 1374 299 ea,
1395 269 1485 306 quae
1509 258 1628 297 etiam

97 322 179 351 tum
211 321 355 350 temere
385 312 655 349 scribebantur
687 310 814 348 adhuc
842 309 1028 360 impolita,
1059 318 1176 358 atque
1206 308 1244 346 in
1275 309 1368 359 ipsis
1399 309 1627 350 rudimentis

95 366 408 426 haudquaquam,
429 374 473 403 ut
491 374 628 416 postea
656 364 760 404 facta
775 372 888 408 sunt,
908 363 1050 401 decora
1075 373 1194 413 atque
1219 362 1346 401 laevia.
1403 363 1458 401 At
1478 378 1548 402 nos
1567 378 1626 411 ea,

95 433 184 470 quae
205 419 358 470 proprie
378 418 426 456 de
447 418 638 470 tragoedia
654 417 819 456 dicenda
837 427 940 461 sunt,
969 417 1081 455 titulo
1107 417 1296 478 propositi
1323 418 1453 468 operis
1480 418 1627 457 instan-

95 485 166 519 tes,
187 474 223 510 in
243 473 317 511 alia
327 482 511 534 tempora
527 472 776 510 differamus:
808 481 848 510 et
865 472 914 510 de
932 472 992 509 his
1019 471 1196 509 fabulis
1181 486 1263 523 Jam
1289 471 1507 522 loquamur,
1527 486 1625 523 quas

93 527 300 565 Terentius
325 527 496 564 imitatus
524 536 599 564 est.
657 526 868 576 Postquam
900 525 1214 564 demonstrandae
1239 525 1400 575 originis
1432 540 1549 564 causa
1576 526 1626 565 de

95 581 296 630 utriusque
316 581 467 631 generis
488 580 598 618 initio
616 579 811 618 diximus:
841 579 947 630 quod
966 592 1124 617 necesse
1143 588 1203 617 est
1215 579 1299 631 jam
1318 579 1505 618 dicemus.

147 633 351 672 Comoedia
370 635 450 672 fere
466 644 590 681 vetus,
607 643 649 672 ut
668 634 752 685 ipsa
770 647 927 684 quoque
945 633 1038 671 olim
1059 634 1261 685 tragoedia,
1282 633 1448 684 simplex
1467 647 1624 673 carmen

92 687 439 738 (quemadmodum
452 687 536 739 jam
555 687 745 736 diximus)
764 688 837 725 suit
854 702 863 725 :
892 687 999 738 quod
1017 687 1159 726 chorus
1186 688 1289 726 circa
1318 700 1405 725 aras
1430 687 1625 727 fumantes

92 755 196 780 nunc
218 742 419 793 spatiatus,
440 755 542 780 nunc
570 742 796 786 consistens,
823 755 926 779 nunc
954 740 1160 780 revolvens
1187 755 1319 793 gyros,
1347 754 1435 779 cum
1464 742 1625 780 tibicine

93 796 332 834 concinebat.
389 795 468 834 Sed
496 796 622 847 primo
652 809 730 833 una
758 809 926 846 persona
952 795 1164 834 substituta
1187 805 1248 834 est
1274 796 1509 842 cantoribus,
1533 810 1623 848 quae

91 850 329 900 respondens
345 849 504 888 alternis
523 850 654 894 choro,
670 849 924 900 locupletavit
942 850 1183 900 variavitque
1201 863 1284 888 rem
1301 850 1512 888 musicam:
1540 859 1626 888 tum

91 903 224 950 altera,
255 912 337 941 tum
366 905 492 949 tertia,
522 913 565 941 ut
593 903 643 941 ad
670 912 912 954 postremum
940 912 1138 941 crescente
1162 917 1337 948 numero,
1356 917 1426 954 per
1445 912 1624 943 auctores

91 956 277 1002 diversos,
293 971 483 1008 personae,
496 957 623 1008 pallae,
640 957 832 1001 cothurni,
852 957 967 1002 socci,
982 966 1022 995 et
1041 958 1174 995 caeteri
1188 966 1347 995 ornatus
1366 966 1484 1008 atque
1503 958 1624 1009 insig-

91 1011 154 1049 nia
171 1012 412 1050 scenicorum
431 1020 606 1062 reperta:
636 1020 676 1049 et
694 1011 744 1049 ad
763 1011 837 1048 hoc
857 1011 1065 1061 unicuique
1086 1025 1179 1049 suus
1198 1011 1376 1049 habitus:
1406 1020 1446 1049 et
1462 1012 1512 1050 ad
1531 1012 1623 1050 ulti-

90 1078 197 1103 mum
219 1065 287 1116 qui
308 1066 519 1116 primarum
544 1066 726 1116 partium,
746 1065 814 1115 qui
834 1064 1104 1109 secundarum,
1125 1074 1164 1103 et
1182 1065 1398 1110 tertiarum,
1419 1067 1487 1117 qui
1506 1079 1623 1116 quar-

91 1128 217 1157 tarum
245 1128 363 1170 atque
391 1120 636 1170 quinctarum
665 1128 817 1157 actores
841 1128 982 1163 essent,
1002 1119 1211 1157 distributa
1229 1128 1269 1157 et
1287 1119 1414 1157 divisa
1431 1120 1623 1171 quinque·

90 1173 233 1224 partito
252 1182 334 1211 tota
350 1183 411 1212 est
438 1173 592 1211 fabula:
622 1187 711 1224 quae
731 1181 860 1211 tamen
879 1173 918 1210 in
938 1172 1032 1223 ipsis
1052 1181 1160 1211 ortus
1180 1174 1240 1211 sui
1260 1172 1368 1211 velut
1390 1174 1624 1223 quibusdam

91 1227 332 1272 incunabilis,
352 1237 391 1266 et
409 1228 478 1266 vix
501 1227 594 1265 dum
617 1227 816 1278 incipiens,
835 1225 1013 1278 εκωμῳδία
1028 1230 1181 1266 ἐτεώνιος
1198 1231 1253 1265 καὶ
1270 1230 1395 1276 ἀρχαία
1413 1227 1519 1266 dicta
1536 1237 1621 1266 est:

89 1282 213 1330 ἀρχαία
231 1280 389 1328 idcirco,
404 1282 496 1332 quia
513 1290 573 1319 est
591 1281 640 1319 de
659 1281 772 1319 nobis
790 1294 927 1331 parum
948 1281 1112 1332 cognitis
1130 1282 1258 1319 vitiis:
1288 1280 1461 1321 ’ἐτεώνιος
1478 1290 1622 1328 autem,

92 1335 183 1385 quia
202 1336 302 1373 inest
320 1335 359 1373 in
378 1349 424 1373 ea
442 1335 549 1373 velut
568 1335 752 1373 historica
770 1334 867 1372 fides
889 1348 995 1373 verae
1022 1335 1268 1381 narrationis,
1293 1344 1335 1373 et
1357 1335 1622 1375 denominatio

89 1389 275 1434 omnium,
294 1388 343 1427 de
361 1390 503 1440 quibus
521 1389 642 1427 libere
662 1388 968 1427 describebatur.
1026 1389 1181 1427 Etenim
1205 1402 1276 1440 per
1301 1389 1451 1440 priscos
1472 1398 1621 1440 poetas,

90 1455 166 1480 non
187 1452 230 1480 ut
248 1456 361 1487 nunc,
386 1444 554 1504 penitus.
566 1443 658 1481 ficta
682 1452 933 1493 argumenta:
962 1442 1033 1480 sed
1050 1457 1112 1481 res
1130 1452 1253 1494 gestae
1273 1457 1296 1481 a
1315 1443 1466 1481 civibus
1494 1443 1623 1495 palam

89 1510 178 1534 cum
196 1510 329 1534 eorum
350 1511 467 1548 saepe,
488 1497 554 1547 qui
574 1505 787 1548 gesserant,
807 1497 960 1534 nomine
977 1497 1294 1535 decantabantur.
1339 1496 1462 1536 Ideo
1451 1511 1536 1548 ipsa
1550 1512 1622 1536 suo

90 1558 264 1601 tempore
282 1551 455 1589 moribus
480 1550 645 1588 multum
665 1551 813 1602 profuit
830 1550 1020 1588 civitatis:
1050 1565 1139 1589 cum
1159 1551 1425 1602 unusquisque
1452 1561 1621 1599 caveret,

89 1603 204 1655 culpa
230 1618 278 1642 ne
305 1604 528 1656 spectaculo
557 1605 710 1643 caeteris
742 1613 858 1648 esset,
888 1613 928 1642 et
959 1604 1175 1643 domestico
1204 1607 1364 1656 probro.
1422 1605 1500 1643 Sed
1532 1619 1622 1644 cum

90 1667 216 1708 poetae
244 1659 350 1697 abuti
378 1658 556 1697 licentius
584 1659 686 1704 stilo,
714 1658 795 1697 et⁸
806 1659 951 1709 passim
977 1658 1122 1697 laedere
1150 1673 1201 1697 ex
1228 1659 1389 1697 libidine
1412 1660 1623 1710 coepissent

90 1711 220 1761 plures
243 1713 380 1757 bonos,
400 1726 447 1750 ne
467 1713 672 1763 quisquam
691 1713 730 1750 in
748 1712 911 1750 alterum
936 1726 1091 1751 carmen
1109 1713 1250 1751 infame
1269 1722 1515 1764 proponeret,
1534 1713 1622 1765 lege

88 1764 167 1803 lata
194 1765 348 1804 siluere.
401 1766 454 1804 Et
472 1767 561 1804 binc
579 1767 718 1804 deinde
737 1766 843 1804 aliud
861 1780 983 1816 genus
1004 1767 1160 1812 fabulae,
1180 1767 1221 1805 id
1240 1776 1313 1811 est,
1333 1776 1464 1818 satyra
1483 1768 1622 1806 sumsit

89 1819 319 1857 exordium.
360 1833 449 1870 quae
472 1834 496 1858 a
517 1821 670 1871 satyris,
692 1834 791 1871 quos
810 1819 941 1858 illotos
958 1834 1111 1871 semper
1127 1834 1173 1859 ac
1191 1821 1413 1871 petulantes
1432 1821 1527 1859 deos
1545 1822 1621 1860 sci-

88 1886 175 1911 mus
194 1886 292 1918 esse,
312 1874 482 1913 vocitata
499 1883 558 1911 est
575 1889 585 1911 t
617 1874 690 1912 etsi
708 1873 865 1911 aliunde
882 1887 1022 1912 nomen
1041 1875 1207 1912 traxisse
1231 1888 1353 1926 prave
1376 1883 1515 1926 putant
1541 1875 1621 1914 alii.

90 1926 204 1972 Haec,
235 1940 326 1978 quae
359 1937 489 1978 satyra
516 1927 671 1973 dicitur,
700 1927 893 1979 ejusmodi
920 1928 1006 1973 fuit,
1036 1938 1080 1966 ut
1107 1929 1147 1966 in
1176 1942 1222 1966 ea
1250 1928 1427 1978 quamvis
1455 1929 1555 1967 duro
1581 1936 1622 1967 et

89 1979 209 2018 veluti
237 1982 381 2032 agresti
404 1981 509 2032 joco,
538 1981 587 2020 de
615 1981 720 2019 vitiis
749 1981 892 2019 civium
921 1990 1050 2020 tamen
1079 1983 1162 2020 sine
1187 1982 1267 2020 ullo
1287 1983 1436 2033 proprii
1453 1983 1620 2021 nominis

90 2034 202 2072 titulo
221 2048 375 2073 carmen
394 2044 509 2073 esset.
559 2035 680 2078 Quod
699 2036 790 2074 item
810 2049 932 2085 genus
953 2036 1158 2074 comoediae
1182 2036 1316 2074 multis
1333 2036 1461 2074 obfuit
1478 2038 1619 2088 poetis,

88 2101 177 2126 cum
204 2088 243 2126 in
270 2090 529 2140 suspicionem
555 2090 780 2140 potentibus
809 2089 959 2127 civibus
988 2090 1196 2135 venissent,
1222 2089 1378 2128 illorum
1415 2090 1518 2129 facta
1549 2091 1618 2129 de-

87 2142 287 2193 scripsisse
305 2143 345 2181 in
363 2143 488 2194 pejus,
509 2157 554 2180 ac
574 2143 811 2181 deformasse
838 2157 959 2194 genus
990 2143 1079 2182 stilo
1112 2144 1318 2182 carminis.
1358 2145 1465 2194 quod
1491 2145 1619 2206 primo

86 2194 259 2234 Lucilius
286 2211 389 2235 novo
418 2197 646 2248 conscripsit
674 2197 804 2243 modo,
827 2207 870 2236 ut
894 2198 1028 2248 poesin
1056 2198 1147 2236 inde
1175 2198 1332 2243 faceret,
1352 2198 1392 2235 id
1411 2207 1483 2244 est,
1505 2199 1620 2237 unius

87 2250 264 2288 carminis
283 2250 415 2302 plures
431 2251 565 2289 libros.
614 2251 705 2290 Hoc
729 2252 860 2302 igitur,
886 2265 969 2313 quo
993 2266 1110 2303 supra
1137 2252 1308 2290 diximus
1335 2252 1465 2298 modo,
1495 2253 1620 2291 coacti

86 2304 263 2342 omittere
299 2314 480 2356 satyram,
514 2305 622 2343 aliud
655 2319 780 2356 genus
813 2306 992 2344 carminis
1028 2309 1090 2353 τὴν
1120 2309 1197 2344 νέαν
1227 2308 1414 2355 κωμῳδίαν,
1442 2306 1518 2345 hoc
1545 2315 1618 2352 est,

86 2369 226 2396 novam
242 2359 473 2397 comoediam
485 2373 663 2410 reperere
678 2368 829 2410 poetae,
820 2375 829 2383 ·
861 2374 950 2410 quae
969 2369 1197 2410 argumento
1211 2360 1407 2398 communi
1425 2361 1563 2411 magis,
1578 2371 1620 2399 et

87 2411 315 2461 generaliter
334 2413 384 2451 ad
403 2427 536 2451 omnes
554 2414 742 2458 homines,
764 2414 832 2464 qui
851 2414 1112 2452 mediocribus
1137 2414 1304 2452 fortunis
1335 2423 1466 2465 agunt,
1495 2414 1618 2465 perti-

86 2474 219 2504 neret.
247 2475 287 2504 et
304 2467 431 2505 minus
452 2468 719 2506 amaritudinis
748 2468 1045 2518 spectatoribuS,
1074 2477 1114 2506 et
1141 2468 1275 2506 eadem
1304 2482 1425 2519 opera
1453 2468 1618 2507 multum

87 2518 351 2558 delectationis
379 2521 562 2559 afferret:
609 2522 797 2560 concinna
833 2530 1078 2573 argumento,
1115 2523 1398 2561 consuetudine
1434 2535 1616 2573 congrua,

128 2656 143 2677 ⁸
159 2658 309 2697 Κωμῳδία
323 2659 493 2698 ἐπώνυμος
514 2659 565 2691 καὶ
588 2659 720 2702 ἀρχαία]
746 2661 826 2692 Mss.
872 2660 996 2698 βιβλία,
1026 2661 1069 2692 τὰ
1101 2660 1161 2700 μὲν
1193 2663 1252 2699 τῆς
1288 2662 1426 2693 παλαιᾶς
1460 2661 1620 2702 κωμῳδίας

86 2699 202 2740 ἄρχαία
215 2701 357 2740 κωμῳδία
371 2710 404 2733 et
419 2705 702 2735 EPONOMATOS.
736 2705 772 2735 L.
872 2705 1055 2743 σκώμματα,
1079 2705 1130 2736 καὶ
1151 2704 1303 2744 ταραχὰς,
1325 2704 1377 2736 καὶ
1399 2703 1539 2743 στάσεις,
1566 2705 1619 2737 καὶ

129 2743 142 2764 7
164 2744 343 2783 their-uos
364 2745 480 2787 auten]
507 2747 587 2778 Mss-
613 2751 826 2779 EPONOMA·
872 2747 1079 2788 αἰχρολινγίας
1095 2747 1248 2786 σημαίνει.
1271 2747 1313 2779 τὰ
1327 2747 1363 2779 δὲ
1375 2749 1436 2785 τῆς
1454 2746 1522 2780 ’τόθ’
1536 2748 1620 2787 ἡμᾶς

85 2787 162 2818 Το8
177 2793 286 2818 autem.
318 2788 355 2818 1..
871 2791 1039 2830 κωμῳδίας,
1062 2791 1104 2821 τὰ
1123 2790 1183 2829 μὲν
1203 2790 1292 2822 ἄλλα
1313 2789 1370 2823 ἶσα
1393 2792 1437 2833 τῇ
1460 2791 1619 2833 τραγῳδίᾳ

128 2830 142 2849 ⁸
157 2831 276 2861 Partim
291 2832 399 2862 laedere
413 2842 451 2863 et
464 2832 607 2874 libidme]
625 2833 754 2865 Veteris
772 2844 826 2865 co-
872 2833 1026 2873 σημαίνει,
1049 2834 1091 2865 τὰ
1115 2834 1150 2865 δὲ
1174 2832 1257 2872 τέλη
1281 2834 1410 2875 χρηστὰ
1436 2835 1487 2866 καὶ
1514 2835 1619 2875 ἀγαθὰ

86 2872 211 2904 moediae
231 2882 406 2905 scommata
423 2881 456 2905 et
472 2875 641 2907 maledicta
663 2877 829 2918 eleganter
871 2876 1068 2917 ὑπαγορενει·
1111 2877 1242 2909 τοιαῦτα
1281 2877 1343 2918 γὰρ
1386 2878 1419 2909 αἱ
1456 2876 1619 2910 ὑποθέσεις

85 2915 278 2948 Artemidor.
302 2917 355 2948 lib.
377 2918 398 2948 i.
417 2928 486 2959 cap.
503 2920 555 2949 58.
573 2918 612 2950 τὸ
627 2919 660 2951 δὲ
675 2922 829 2959 κωμῳδῶν
870 2922 934 2951 τῶν
957 2918 1127 2961 δραμάτων.
1170 2921 1254 2952 Vide
1275 2921 1381 2953 Schol.
1407 2921 1617 2964 Aristophan-

85 2957 218 2997 ἂκούευ,
239 2960 260 2998 ἦ
282 2960 402 2999 κωμικὰ
427 2960 516 3001 ἔχειν
543 2961 784 3002 &randena-m,
807 2964 828 3001 ἦ
872 2963 910 2995 L.

837 3007 863 3045 d
