1852 3216
84 167 224 199 semu
243 158 296 212 1.]

712 159 1004 203 ANDRIA.

1570 164 1621 204 19

131 254 172 284 55
195 245 382 300 Egomet
403 247 607 289 continuo
626 261 807 298 mecum,
830 248 960 291 Certe
979 256 1133 304 captus
1153 257 1236 299 est,

194 309 359 352 Habet.
410 310 710 353 Observabam
730 326 854 354 mane
873 312 1042 355 illorum
1061 313 1254 355 servulos

194 373 447 416 Venienteis
467 382 543 417 aut
564 376 814 418 abeunteis:
847 379 1102 432 rogitabam,
1124 378 1250 420 Heus
1271 392 1394 433 puer,

191 440 279 482 Dic
301 441 444 492 sodes,
465 442 562 496 quis
581 442 678 484 heri
698 442 956 497 Chrysidem
975 441 1157 484 habuit?
1189 441 1305 484 Nam
1326 442 1507 484 Andriae

193 505 259 546 Illi
280 505 324 546 id
344 514 438 548 erat
458 521 627 548 nomen.
668 506 745 548 So.
769 507 937 549 Teneo.
977 506 1043 548 S1.
1066 506 1318 557 Phaedrum,
1339 515 1415 548 aut
1435 507 1617 549 Cliniam

127 578 169 607 60
193 569 428 620 Dicebant,
450 578 527 613 aut
545 571 825 622 Niceratum3
855 586 953 612 nam
972 570 1019 612 hi
1034 578 1123 613 tres
1139 578 1231 612 tum
1250 571 1374 612 simul

189 633 424 676 Amabant.
476 634 593 685 Eho,
613 636 718 689 quid
740 634 1022 690 Pamphilus?
1068 634 1219 682 Quid?
1250 634 1487 690 symbolam

192 698 343 748 Dedit,
363 700 569 741 coenavit:
602 700 859 754 gaudebam.
909 699 1021 740 Item
1039 698 1123 740 alio
1141 699 1212 741 die

189 762 475 809 Quaerebam:
508 764 826 818 comperiebam
844 763 951 805 nihil
970 764 1027 805 ad
1048 763 1320 819 Pamphilum

192 827 442 882 Quidquam
462 828 659 870 attinere.
710 828 945 870 Enimvero
966 836 1207 883 spectatum
1225 829 1328 871 satis

126 899 167 928 65
193 891 422 942 Putabam,
442 899 487 934 et
505 907 708 947 magnum
728 892 973 947 exemplum
993 894 1281 935 continentiae.

190 955 306 998 Nam
325 957 400 1012 qui
419 971 517 999 cum
536 957 718 1012 ingeniis
739 957 1012 1000 conflictatur
1027 957 1255 1012 ejusmodi,

74 1092 139 1114 una
153 1083 261 1114 cibum
273 1090 416 1124 caperet.
450 1085 664 1116 Perduxerunt
679 1086 753 1116 illuc
773 1096 820 1116 se-

72 1125 156 1165 cun]
174 1126 291 1156 Secum
306 1126 438 1163 duxere,
451 1133 488 1157 ut
502 1137 613 1158 secum
629 1134 724 1158 esset.
756 1128 799 1159 D.

117 1169 168 1199 55.
192 1170 318 1208 Ego-iet
333 1171 471 1199 continuo
492 1169 620 1210 meeum]
647 1170 738 1200 Bene
759 1181 821 1201 me-

73 1221 163 1242 eum.-
194 1217 231 1241 ut
250 1217 407 1252 appareat
434 1211 518 1242 nihil
547 1218 669 1243 temere
698 1212 820 1243 consti-

74 1260 189 1290 tutum,
218 1253 270 1284 vel
294 1253 456 1295 prolatum
482 1253 586 1290 sorasz
620 1254 682 1285 hoc
711 1254 820 1295 ipsum

72 1295 150 1326 satis
164 1295 334 1336 quaesitum
350 1306 431 1333 esse,
444 1297 530 1336 quod
545 1296 660 1328 statuit
673 1297 715 1328 de
730 1297 820 1328 falsis

72 1337 206 1379 nuptiis,
230 1344 265 1369 et
287 1338 433 1370 infensus
460 1347 546 1370 esset
572 1339 650 1370 filio.
692 1341 821 1379 Egomet

71 1382 211 1411 cont-'nuo
224 1380 354 1421 neca-u]
372 1381 475 1412 Deest
494 1381 671 1418 volvebam,
694 1381 817 1422 cogita-

71 1423 155 1459 bam,
176 1423 351 1454 versabam.
397 1425 512 1463 Captus
533 1423 596 1464 est]
619 1424 766 1455 Tenetur
786 1430 821 1455 et

70 1465 235 1496 irretitur:
259 1475 301 1496 ex
316 1465 527 1497 translatione
548 1466 700 1503 ferarum,
722 1472 819 1507 atque

71 1514 215 1538 venatus.
260 1507 366 1548 Certe]
391 1507 469 1539 Sine
492 1508 612 1539 dubio:
644 1519 706 1550 pro
727 1515 817 1540 certo

68 1556 183 1590 captus
198 1555 265 1580 est:
290 1549 475 1588 ῖδωτισμός.
508 1551 688 1582 D.—Gerte
709 1557 817 1590 eaptus

68 1591 132 1632 est]
143 1592 233 1622 Serv.
247 1591 438 1623 AEneidxii.
451 1593 525 1624 296.
563 1595 632 1624 Hoc
641 1594 742 1631 habet,
754 1596 819 1624 haec

71 1637 183 1665 melior.
215 1634 252 1665 L.

114 1678 167 1708 56.
197 1676 319 1717 Habet]
361 1677 400 1708 ld
435 1683 495 1715 est,
533 1677 722 1710 vulneratus
758 1684 817 1709 est.

71 1720 175 1750 Habet
190 1720 278 1750 enim
289 1719 346 1759 qui
360 1730 533 1761 percussus
548 1727 615 1752 est:
639 1728 673 1752 et
686 1721 819 1769 proprie

70 1761 112 1792 de
133 1761 366 1802 gladiatoribus
384 1762 521 1794 dicitur:
553 1762 629 1804 quia
650 1773 742 1804 prius
763 1763 819 1794 alii

71 1803 194 1840 vident,
209 1814 305 1844 quam
321 1803 384 1845 ipsi
405 1805 558 1841 sentiant,
581 1815 616 1836 se
638 1816 817 1846 percussos.

72 1845 192 1886 Habet]
208 1846 261 1877 Sic
275 1846 395 1877 dicitur
405 1846 447 1877 de
461 1857 510 1884 eo,
525 1847 580 1887 qui
595 1847 735 1879 letaliter
748 1848 818 1879 vul-

71 1895 204 1919 neratus
240 1894 298 1919 est.
346 1888 515 1929 Virgilius,
547 1890 624 1920 AEn.
652 1889 709 1921 xii.
744 1891 817 1921 296.

71 1932 139 1961 Hoc
153 1933 252 1968 habet,
269 1933 333 1962 haec
348 1933 451 1962 melior
466 1934 584 1972 magnis
599 1934 676 1963 data
696 1934 819 1963 victima

69 1975 159 2004 divis.
207 1974 296 2014 Ergo

71 2014 195 2046 occidi?
232 2017 348 2055 Captus
369 2015 433 2056 est]
457 2016 586 2047 Sallust.
610 2017 685 2057 Jug.
709 2016 731 2047 i.
763 2019 819 2047 Sin

69 2063 176 2097 coptus
211 2061 322 2097 pravis
358 2061 561 2098 cupidinibus.
617 2061 819 2090 Observabam

72 2099 173 2140 nane]
198 2102 292 2132 Mane
315 2101 551 2133 adverbialiter.
597 2101 816 2142 Observabam]

72 2143 175 2174 Deest
200 2150 325 2174 tamen:
361 2143 422 2174 hoc
446 2150 505 2181 est,
533 2143 680 2184 quamvis
703 2151 818 2185 captus

72 2190 151 2222 erat,
167 2191 200 2216 et
214 2185 283 2216 haec
299 2192 406 2216 tamen
422 2187 642 2217 observabam.
673 2187 715 2217 D.

113 2228 164 2260 57.
186 2228 386 2268 flagitabam]
402 2229 478 2259 Non
494 2230 647 2269 rogabam,
662 2229 720 2260 sed
735 2231 817 2270 rogi-

72 2271 171 2301 tabat
183 2283 195 2301 .·
217 2270 293 2310 quia
305 2271 417 2301 sedulo
431 2271 577 2302 faciebat.
607 2272 649 2303 D.

113 2314 164 2343 58.
188 2314 250 2343 Dic
269 2313 372 2353 sodes]
395 2315 467 2350 Dic,
493 2313 722 2355 imperativum
747 2319 814 2345 est:

71 2354 145 2386 ideo
174 2355 366 2396 temperavit
394 2355 547 2396 injuriam
576 2356 815 2392 blandimento;

68 2399 163 2435 codes,
178 2404 228 2428 est
241 2404 360 2435 autem,
376 2398 405 2429 si
420 2398 539 2433 audes:
563 2406 600 2430 ut
619 2401 672 2436 sis,
695 2399 724 2430 si
749 2399 814 2430 vis:

69 2449 145 2471 nam
167 2439 284 2472 delirat
309 2441 365 2481 qui
394 2442 477 2472 σῶος
502 2440 560 2480 Γῆς
582 2441 816 2483 interpretatur

70 2484 163 2514 sodes.
212 2484 274 2514 Die
293 2482 397 2523 sodes]
425 2483 638 2515 Exhortantis
665 2491 715 2515 est
739 2495 814 2521 vox,

65 2527 183 2562 nabo,
199 2536 280 2565 rogo.
317 2527 393 2559 Quis
407 2527 474 2557 hen·
489 2528 666 2566 Chrysidem
680 2529 789 2558 habuit
798 2530 815 2557 2

70 2567 151 2597 Nau
172 2569 300 2598 Andria
321 2570 371 2598 illu·
393 2570 428 2599 id
448 2574 516 2599 erat
538 2569 660 2610 nomen]
684 2571 814 2610 Oppor-

71 2614 150 2639 tune
171 2619 288 2640 nomen
310 2609 422 2641 intulit
442 2611 620 2652 Chrysidis.
667 2612 713 2642 Et
733 2613 816 2643 bene

69 2653 139 2685 illi.-
169 2651 261 2691 quasi
282 2651 378 2689 dieat,
398 2663 494 2693 quam
515 2660 552 2685 tu
573 2654 733 2685 Andriam
755 2665 815 2685 no-

68 2693 210 2725 minasti.
249 2695 331 2725 Nan
345 2696 536 2730 Andriaeiui
558 2698 592 2727 id
611 2702 679 2727 erat
701 2708 813 2728 nomen.

71 2735 182 2766 Attico
197 2746 296 2773 more,
317 2737 497 2777 peregrinae
518 2738 647 2770 mulieri
669 2749 689 2770 a
709 2739 816 2780 patria

69 2787 188 2809 nomen
203 2778 367 2819 imposuit.
405 2779 450 2810 Et
470 2779 568 2811 simul
589 2781 731 2812 celebrat
752 2792 811 2813 no-

69 2829 145 2851 men
159 2821 335 2858 oomoediae,
350 2820 498 2858 dicendo,
514 2825 563 2854 Ex
574 2825 682 2854 Andro
692 2827 812 2855 conni-

66 2865 190 2902 gmou't:
214 2869 247 2893 et
262 2873 358 2901 nunc,
377 2865 459 2895 Nan
478 2866 603 2896 Andria
624 2868 672 2896 ius·
693 2869 728 2898 id
747 2873 816 2898 erat

71 2915 186 2936 nmen.
220 2906 261 2936 D.

65 2966 86 2981 ,ῃ
113 2948 165 2980 59.
188 2949 240 2980 Ob
251 2949 347 2981 metri
358 2949 528 2988 rationem,
544 2956 576 2982 et
590 2951 814 2984 auctoritatem

317 1973 396 2014 quid
418 1974 565 2014 sequitur
590 1981 732 2015 captum,
754 1974 819 2005 nisi

866 1084 945 1116 Cod.
974 1084 1071 1125 Regii
1099 1084 1182 1125 lege,
1208 1087 1371 1116 Phaedrum
1396 1092 1451 1117 aut
1484 1088 1615 1118 Cliniam

865 1133 920 1158 aut
934 1129 1114 1158 Niceratum
1128 1129 1280 1159 dicebant.
1312 1128 1351 1159 B.

909 1170 962 1206 61,
979 1170 1030 1200 62.
1066 1169 1176 1204 Quid?
1206 1172 1371 1210 symbolam
1397 1171 1500 1212 dedit]
1531 1171 1612 1211 (Ms.

867 1211 978 1243 Hulst.
994 1212 1177 1247 interserit;
1207 1214 1287 1250 Non,
1305 1222 1394 1245 Quin
1415 1222 1613 1244 svusonsn

864 1255 996 1285 nem-r?
1009 1254 1082 1294 sed)
1091 1254 1323 1296 Subdistingue
1332 1257 1437 1289 Quid?
1454 1256 1616 1287 utsitvox

862 1297 1047 1337 quaerentis,
1062 1297 1141 1337 quid
1156 1297 1243 1328 dicat
1254 1298 1294 1328 de
1308 1298 1489 1339 Pamphilo.
1524 1301 1613 1339 Sym-

864 1341 959 1370 bolon:
966 1338 1069 1379 dedit]
1082 1339 1185 1375 Mire3
1205 1340 1295 1371 nulla
1303 1351 1364 1381 pro
1374 1341 1545 1382 Pamphilo
1554 1351 1613 1372 ne-

861 1381 950 1422 gatio
970 1381 1046 1412 facti
1068 1388 1119 1413 est
1139 1382 1262 1423 posita:
1295 1384 1353 1414 sed
1374 1393 1434 1424 per
1454 1383 1615 1424 puerilem

862 1423 1103 1465 simplicitatem
1117 1424 1226 1455 omnia
1236 1431 1329 1466 gesta
1339 1432 1470 1457 narrata
1484 1432 1570 1462 sunt,
1581 1433 1616 1458 et

863 1466 993 1506 quidem
1017 1467 1150 1498 tacitum
1166 1474 1225 1505 est,
1242 1478 1308 1499 non
1322 1468 1479 1499 celatum:
1503 1468 1561 1499 sed
1577 1474 1615 1499 ut

860 1518 927 1539 non
946 1509 1066 1540 factum
1089 1519 1160 1540 esse
1181 1509 1228 1541 ita
1243 1510 1400 1542 videatur.
1439 1513 1516 1548 Eho,
1539 1513 1615 1551 quid

860 1552 1039 1591 Pamphilus
1048 1551 1082 1592 f]
1104 1551 1215 1583 Primo
1229 1552 1277 1583 sic
1299 1553 1377 1594 egit,
1392 1559 1430 1584 ut
1450 1553 1492 1584 de
1514 1554 1613 1584 Pam-

861 1593 952 1634 philo
966 1604 1111 1634 quaerere
1125 1593 1307 1626 videretur:
1331 1595 1373 1626 ad
1388 1595 1539 1626 ultimum
1554 1596 1612 1627 ad-

856 1636 938 1675 jecit
967 1646 1108 1672 nomen;
1145 1646 1188 1668 ne
1222 1637 1301 1677 quid
1332 1637 1451 1678 reliqui
1480 1638 1610 1669 faceret.

863 1678 1019 1719 Coenaoit]
1036 1679 1162 1710 Caetera
1176 1679 1212 1710 in
1226 1686 1322 1720 gestu
1335 1686 1412 1711 sunt
1427 1681 1613 1720 quaerentis,

861 1720 940 1760 quid
954 1721 1042 1752 dicat
1055 1721 1097 1752 de
1117 1722 1298 1763 Pamphilo,
1321 1733 1382 1754 nec
1403 1722 1611 1754 invenientis.

863 1764 1063 1797 D.—Qm·‹1?
1091 1764 1272 1805 symbolam]
1291 1765 1343 1796 Ita
1359 1765 1433 1796 MS.
1451 1766 1613 1806 quomodo

862 1813 896 1836 et
911 1806 1046 1837 Plautus
1062 1806 1097 1836 in
1120 1807 1251 1837 Curcul.
1288 1809 1497 1847 Symbolarum
1518 1811 1611 1839 eolla-

862 1847 1133 1888 toresapudsorum
1142 1851 1318 1888 piscarium.
1341 1849 1506 1880 Eubulus:
1522 1850 1613 1882 ὅστις

862 1890 889 1920 δ’
902 1890 953 1920 ἐπὶ
964 1891 1090 1921 δεῖπνον
1101 1891 1123 1928 ᾖ
1134 1890 1232 1930 φίλον
1244 1891 1304 1922 τιν’
1315 1891 1337 1928 ἦ
1348 1890 1437 1930 ξένον
1450 1891 1610 1930 Καλέσας,

862 1931 972 1963 ἔπειτα
993 1933 1159 1970 συμβολὰς
1174 1931 1339 1973 ἐπράξατο,
1355 1939 1415 1965 etc.
1449 1935 1610 1976 Attiuere]

863 1974 903 2004 V.
921 1975 961 2005 C.
977 1977 1149 2015 Attingere.
1180 1975 1220 2006 1..

906 2017 957 2047 62.
980 2018 1059 2047 Item
1083 2020 1146 2048 alio
1168 2017 1237 2058 die]
1262 2019 1352 2056 leem,
1376 2019 1544 2056 umiliten
1575 2026 1611 2051 et

862 2058 947 2096 vide,
970 2058 1144 2099 diligenter
1169 2066 1299 2101 tempus
1323 2061 1495 2101 adjectum,
1517 2062 1611 2103 quasi

861 2111 927 2132 non
949 2102 1111 2133 sufficeret
1132 2112 1218 2134 unus
1242 2103 1322 2134 dies.
1355 2104 1522 2135 D.—Item
1548 2107 1611 2136 alio

860 2146 911 2175 die
926 2143 1113 2184 querebam]
1131 2145 1176 2175 Et
1190 2144 1243 2175 hic
1257 2152 1445 2186 perseverat
1459 2146 1611 2178 similiter

861 2186 949 2217 senis
973 2186 1152 2227 diligentia,
1177 2197 1219 2218 ne
1243 2187 1341 2219 unius
1364 2188 1430 2219 diei
1448 2188 1610 2228 judicium

861 2229 948 2260 circa
969 2229 1176 2270 disciplinam
1201 2239 1313 2261 verum
1338 2240 1410 2262 esse
1436 2241 1504 2263 non
1531 2241 1609 2272 pos-

860 2271 912 2302 sit.
942 2271 983 2302 E.

904 2314 955 2344 63.
981 2314 1221 2355 Comperiebam]
1249 2315 1333 2346 Vide
1362 2314 1389 2346 si
1418 2325 1484 2347 non
1509 2317 1609 2349 verba

859 2356 963 2397 patris
986 2364 1072 2394 sunt,
1100 2364 1134 2388 et
1159 2357 1201 2388 de
1224 2358 1321 2390 rebus
1347 2358 1496 2390 venereis
1521 2359 1610 2391 circa

860 2399 920 2431 filii
935 2399 1135 2431 mentionem
1156 2400 1292 2440 agentis.
1337 2402 1430 2431 Nihil
1449 2403 1493 2431 ad
1511 2401 1607 2432 Pan-

854 2444 972 2482 philum
994 2441 1175 2482 quidquam]
1199 2442 1382 2482 Παρέλκονε
1406 2453 1482 2474 nam
1503 2444 1607 2475 abun-

858 2485 915 2515 dat
929 2487 1091 2525 quidquam
1101 2498 1114 2520 ,·
1145 2495 1231 2523 nam,
1246 2497 1330 2517 nemo
1350 2487 1518 2526 quisquan,
1539 2496 1608 2519 non

858 2527 987 2558 dicitur.
1020 2527 1062 2558 D.

902 2570 954 2600 64.
978 2569 1169 2609 Spectatum]
1181 2570 1235 2600 Ad
1252 2570 1469 2611 Pamphilum,
1484 2581 1551 2603 non
1565 2571 1609 2605 ad

859 2612 1046 2653 exemplum
1067 2612 1224 2643 refertur:
1249 2620 1282 2644 et
1295 2618 1472 2652 epectatun,
1487 2615 1606 2656 proba-

860 2660 939 2686 tum.
969 2655 1012 2686 D.

902 2698 953 2728 65.
975 2699 1020 2728 Et
1044 2708 1186 2737 maguum
1209 2699 1374 2737 esen-plan
1394 2699 1604 2741 continentiae]

858 2739 1037 2779 ’Τπερβολὴ
1059 2739 1174 2776 laudis,
1204 2740 1395 2782 Pamphilus
1418 2741 1606 2784 exmplum

856 2782 1075 2813 continentiae.
1105 2782 1148 2812 D.

902 2825 952 2855 66.
977 2826 1059 2855 Nam
1073 2826 1127 2864 qua·
1141 2823 1225 2865 cun]
1245 2826 1316 2863 Qui,
1327 2825 1456 2858 animus
1470 2826 1605 2864 scilicet,

858 2874 914 2898 aut
927 2874 1014 2898 certe
1027 2867 1125 2897 homo
1135 2867 1403 2900 subaudiendum.
1432 2869 1606 2900 D.-Nam

858 2912 911 2948 qui
947 2921 1013 2939 cum
1050 2911 1181 2949 ingenii-r
1215 2912 1405 2949 conflictatur
1439 2912 1603 2952 ejusmodi]

859 2952 1038 2983 Confirmat
1058 2961 1119 2993 per
1139 2952 1334 2986 sententiam
1354 2953 1455 2998 vitam
1477 2954 1547 2991 filii,
1572 2961 1605 2984 et
