1852 3216
524 126 766 167 VICTOR
801 127 883 166 DE
919 124 1253 165 COMOEDIA.
1579 129 1649 167 xlv

127 214 427 266 Aristophanem
446 213 667 265 accepimus
694 213 910 265 prasertim
928 226 952 251 a
969 225 1061 263 rege
1081 212 1332 251 celebratum.
1388 211 1534 251 Contra
1556 228 1649 254 vero

127 283 229 308 nova
246 268 437 308 comoedia
454 268 615 311 iambos,
634 276 678 305 ut
704 267 914 319 plurimum
934 266 1046 310 solet,
1067 275 1248 317 usurpat:
1279 266 1606 316 quemadmodum
1626 283 1650 307 a

127 324 295 367 Stobaeo,
319 321 541 366 Plutarcho,
561 321 691 359 Gellio
710 321 825 359 citata
845 320 1051 358 Menandri
1070 320 1240 358 carmina
1258 319 1536 358 demonstrant.

180 376 299 414 Binas
326 383 514 427 apparatu
542 374 779 412 differentias
803 375 985 412 extitisse
1013 373 1253 424 grammatici
1283 373 1536 418 tradiderunt,
1560 388 1650 413 cum

126 430 274 469 scilicet
304 430 342 468 in
365 429 565 480 personis,
602 437 684 466 tum
730 428 768 466 in
797 428 880 479 ipsa
913 427 1023 471 serie,
1057 427 1413 477 comoediarumque
1447 437 1648 466 contextu.

126 484 325 522 Platonius
344 484 446 521 enim
466 491 598 521 auctor
617 491 676 521 est
694 483 835 520 veteris
855 481 1059 520 comoediae
1083 491 1218 532 poetas
1236 494 1258 518 e
1278 494 1392 518 scena
1410 480 1545 519 solitos
1564 495 1651 520 esse

126 551 192 576 eos
226 537 392 575 educere
423 546 662 588 personatos,
693 536 759 586 qui
788 536 918 574 statim
952 549 1003 573 ex
1036 535 1120 586 ipsa
1150 535 1247 573 facie
1280 548 1378 585 quos
1408 544 1536 572 essent
1567 544 1650 574 toto

125 605 242 642 opere
271 592 453 642 carpturi,
483 590 766 642 spectatoribus
794 590 1032 628 indicarent:
1061 598 1104 626 ut
1131 589 1164 627 si
1184 589 1283 626 forte
1311 588 1398 639 quis
1417 602 1495 626 non
1515 589 1650 627 audire

126 646 294 684 carmina
318 652 531 695 cogeretur,
555 644 603 682 de
630 657 795 695 persona
822 653 963 688 tamen,
993 643 1168 694 quisnam
1196 651 1299 680 esset
1323 642 1557 680 deridendus
1581 657 1649 694 ag-

124 708 314 738 nosceret.
371 698 449 736 Sed
478 698 615 736 comici
646 698 881 736 recentiores
906 697 957 735 ad
983 696 1236 735 excutiendos
1260 696 1504 747 potissimum
1534 697 1650 742 risus,

125 753 356 791 histrionum
386 753 503 790 facies
537 751 841 802 configurarunt.
899 751 961 789 De
993 751 1181 788 industria
1215 750 1370 801 quidem
1408 759 1648 789 monstrosos

125 807 324 844 hominum
362 806 492 844 vultus
537 805 723 856 effingere
761 807 1011 849 conabantur,
1050 819 1097 842 ne
1133 805 1300 855 cuipiam
1346 805 1447 842 forte
1492 805 1651 843 fortuna

125 859 335 899 Macedoni
364 869 456 898 tunc
485 860 671 910 praefecto
700 859 842 897 similes
872 873 957 897 esse
985 858 1232 897 viderentur:
1263 858 1504 909 proindeque
1532 859 1649 897 miser

123 914 189 952 ille
209 923 323 965 poeta
340 927 417 952 non
436 927 548 952 secus
567 927 611 951 ac
626 914 658 951 si
675 915 881 951 barbarum
901 913 1114 963 principem
1135 912 1226 950 data
1244 926 1361 962 opera
1380 913 1648 958 subsannaret,

123 968 279 1020 publice
294 968 524 1006 multaretur
540 981 549 1004 :
578 967 677 1005 adeo
695 967 837 1005 nobilis
863 966 928 1004 illa
947 965 1177 1004 Graecorum
1197 966 1378 1017 majestas
1398 967 1559 1016 impuris
1577 968 1649 1005 ob·

124 1023 377 1073 temperabat.
436 1021 595 1072 Quippe
622 1021 786 1059 distorta
815 1034 979 1071 corpora
999 1020 1216 1057 Menander
1241 1020 1292 1070 (si
1320 1019 1497 1057 Platonio
1520 1021 1647 1058 credi-

123 1077 230 1125 mus)
265 1076 455 1127 planeque
491 1089 733 1113 communem
767 1075 967 1112 hominum
998 1074 1226 1112 excedentia
1258 1082 1438 1111 naturam
1471 1075 1648 1124 personis

123 1130 357 1175 imitabatur,
378 1130 554 1180 profecto
569 1129 774 1179 sapienter,
791 1128 998 1173 Quoniam,
1015 1128 1142 1178 inquit
1160 1127 1236 1172 ille,
1252 1141 1329 1165 non
1351 1127 1474 1165 solum
1490 1128 1647 1174 malum,

123 1184 192 1222 sed
223 1193 262 1222 et
290 1183 381 1222 mali
413 1183 568 1221 vitanda
595 1191 655 1220 est
684 1183 864 1234 suspicio.
922 1181 1042 1224 Quod
1070 1191 1198 1219 autem
1227 1181 1277 1219 ad
1309 1181 1452 1219 fabulae
1480 1182 1649 1232 pertinet

123 1246 360 1281 contextum,
399 1237 539 1275 chorus
568 1237 606 1274 in
643 1251 759 1275 causa
790 1245 850 1274 est
879 1250 947 1274 cur
978 1236 1077 1273 inter
1113 1249 1155 1273 se
1184 1244 1335 1273 veteres
1366 1236 1536 1286 novique
1569 1250 1647 1274 non

122 1292 333 1342 quadrent:
363 1291 674 1341 quandoquidem
694 1291 749 1328 illi
768 1291 875 1328 varia
893 1290 1070 1341 quaedam
1091 1289 1352 1327 modulamina
1368 1291 1648 1340 temperabant,

124 1359 213 1396 quae
232 1346 372 1383 chorus
385 1344 546 1396 singulis
565 1345 715 1383 actibus
735 1344 998 1382 intercinendo
1017 1343 1170 1394 plebem
1192 1344 1273 1381 sine
1293 1343 1423 1387 taedio,
1444 1357 1648 1394 quousque

122 1400 213 1437 novi
242 1399 515 1450 egrederentur
545 1399 762 1443 histriones,
791 1398 994 1436 detineret.
1051 1397 1224 1448 Populus
1252 1397 1356 1435 enim
1386 1397 1647 1443 Atheniensis,

123 1462 312 1503 quatenus
348 1467 477 1491 rerum
510 1452 689 1490 dominus
721 1453 948 1496 habebatur,
982 1452 1188 1501 quotannis
1218 1451 1352 1489 aediles
1380 1453 1547 1496 creabat,
1581 1452 1648 1502 qui

123 1516 274 1545 sumtus
300 1506 446 1545 alendis
474 1520 682 1557 puerorum
711 1506 837 1544 choris
866 1506 1213 1543 subministrarent.
1279 1505 1476 1543 Caeterum
1505 1506 1647 1544 chorus

123 1570 289 1612 quatuor
313 1571 352 1598 et
371 1561 506 1611 viginti
535 1561 640 1604 viris,
670 1560 850 1610 puerisve
869 1568 936 1597 aut
963 1559 1115 1597 feminis
1144 1559 1417 1603 instruebatur,
1437 1560 1537 1597 sicut
1556 1559 1647 1597 Ari-

122 1616 329 1666 stophanes
347 1615 384 1652 in
405 1615 557 1652 Avibus
576 1615 707 1653 fabula
725 1623 915 1652 numerat.
964 1613 1004 1650 Si
1026 1627 1118 1651 vero
1136 1613 1355 1664 promiscue
1376 1613 1448 1650 viri
1469 1613 1645 1651 feminae-

123 1682 199 1719 que
218 1669 268 1707 ad
286 1668 520 1719 explendum
549 1668 655 1706 chori
680 1681 883 1706 numerum
903 1667 1180 1705 adhiberentur
1197 1666 1323 1717 (quod
1349 1667 1486 1704 fecisse
1505 1667 1647 1706 dicitur

121 1723 270 1773 primus
297 1723 468 1760 omnium
495 1722 697 1772 Tyrtaeus)
732 1735 858 1759 mares
895 1721 1097 1759 dimidium
1129 1721 1382 1759 excedebant.
1439 1721 1481 1758 Si
1521 1722 1645 1771 pueri,

124 1786 206 1814 tum
237 1776 387 1814 feminis
417 1776 570 1814 illorum
600 1776 724 1826 major
754 1788 938 1813 numerus
967 1783 1062 1813 erat.
1120 1775 1187 1812 Sin
1216 1784 1344 1812 autem
1378 1774 1451 1812 viri
1482 1783 1645 1820 tantum,

117 1829 284 1881 juvenes
304 1830 450 1868 scilicet
468 1843 512 1867 ac
544 1843 665 1874 senes,
685 1829 895 1867 identidem
925 1838 1053 1879 poetae
1080 1828 1246 1879 majores
1269 1828 1466 1873 tredecim,
1487 1829 1646 1866 minori-

127 1886 197 1922 bus
221 1883 399 1921 undecim
428 1883 704 1927 admiscebant,
725 1892 859 1933 utpote
879 1896 1044 1932 quorum
1064 1882 1113 1920 de
1141 1883 1296 1920 nomine
1315 1882 1455 1920 chorus
1473 1882 1646 1933 appella-

120 1948 240 1975 retur.
298 1937 477 1980 Quilibet
494 1946 622 1974 autem
648 1950 698 1974 ex
725 1937 786 1974 his
806 1937 946 1974 chorus
974 1936 1012 1974 in
1033 1945 1200 1986 quatuor
1218 1936 1281 1985 (ut
1299 1935 1425 1985 aiunt)
1444 1940 1527 1986 ζυγὰ
1545 1936 1646 1974 divi-

120 1991 296 2036 debatur,
316 2004 480 2041 quorum
500 1990 650 2041 singula
669 2004 739 2028 sex
758 1991 996 2028 continerent
1015 1990 1232 2028 saltatores.
1286 1988 1468 2027 Comicus
1487 1990 1646 2040 inquam

119 2046 194 2084 hoc
225 2055 340 2097 pacto
372 2046 513 2083 chorus
546 2045 819 2095 apparabatur.
875 2043 976 2082 Nam
1007 2044 1107 2082 sicut
1143 2043 1352 2094 AEschylus
1383 2044 1498 2089 canit,
1532 2046 1645 2094 quin-

121 2113 196 2150 que
226 2109 375 2137 tantum
409 2109 447 2137 et
477 2099 612 2137 decem
649 2099 687 2136 in
718 2098 910 2149 tragoedia
948 2098 1161 2136 constabat.
1219 2097 1499 2148 Interdumque
1530 2098 1645 2136 dimi-

121 2153 226 2192 diato
245 2167 408 2192 numero
428 2153 558 2203 (sicuti
589 2152 730 2190 Pollux
757 2151 829 2200 ait)
849 2152 1107 2189 semichorum
1135 2151 1265 2189 induci
1293 2151 1405 2189 facile
1433 2151 1645 2191 admodum

120 2216 180 2246 est
212 2207 357 2246 videre.
414 2207 525 2245 Idem
553 2215 720 2244 attamen
756 2206 890 2244 scribit
922 2206 962 2243 in
991 2205 1114 2243 veteri
1144 2204 1346 2256 tragoedia,
1380 2205 1541 2243 chorum
1569 2205 1645 2244 sal-

120 2270 263 2300 tatores
292 2262 473 2299 habuisse
505 2261 807 2311 quinquaginta:
850 2272 983 2297 verum
1023 2259 1204 2310 quoniam
1237 2258 1447 2309 AEschylus
1482 2259 1646 2298 totidem

121 2315 356 2354 Eumenidas
386 2315 615 2360 induxisset,
654 2328 743 2364 quae
775 2322 898 2352 totum
931 2327 1013 2364 prae
1045 2312 1292 2351 multitudine
1325 2313 1518 2350 theatrum
1551 2327 1645 2352 con-

95 2378 366 2414 .sternassent,
404 2369 606 2407 cohibente
642 2368 728 2419 lege
774 2367 824 2406 ad
871 2368 1072 2418 pauciores
1110 2381 1195 2405 esse
1233 2367 1457 2405 deventum.
1525 2367 1644 2405 Arbi-

121 2431 202 2461 tror
236 2424 351 2461 etiam
387 2423 426 2460 in
457 2422 648 2461 comoedia
677 2436 765 2460 cum
795 2421 952 2460 Donato
989 2421 1103 2471 longe
1139 2421 1269 2471 plures
1302 2422 1351 2458 ab
1386 2421 1494 2458 initio
1524 2421 1644 2459 fuisse

120 2486 307 2520 cantores,
346 2477 528 2527 quoniam
564 2476 626 2527 (ut
659 2475 890 2514 Aristoteles
925 2476 965 2513 in
996 2474 1159 2512 naturali
1191 2474 1357 2525 quadam
1388 2474 1507 2511 sentit
1534 2488 1644 2525 quae·

120 2530 263 2580 stione)
290 2531 400 2568 multi
428 2530 579 2569 facilius
606 2544 762 2568 servare
791 2543 973 2568 numeros
1006 2538 1183 2580 possunt.
1240 2527 1374 2570 Quum
1406 2528 1525 2579 igitur
1554 2538 1646 2579 post

118 2583 262 2622 fabulae
281 2584 486 2635 prologum
505 2594 607 2622 esset
625 2584 862 2622 orchestram
891 2583 1147 2634 ingressurus,
1168 2583 1200 2620 si
1219 2582 1374 2619 rusticis
1395 2591 1600 2627 constaret,
1621 2597 1646 2621 a

119 2637 261 2675 dextro
287 2637 406 2676 latere
434 2638 584 2676 solebat
602 2638 749 2675 emitti:
779 2638 838 2675 sin
858 2645 987 2675 autem
1016 2637 1187 2679 urbanis,
1208 2650 1230 2673 a
1248 2636 1403 2673 sinistra
1420 2645 1532 2686 parte
1550 2650 1642 2687 pro-

118 2691 239 2737 dibat,
260 2691 522 2743 quadrataque
546 2692 670 2730 forma
686 2692 900 2730 consistens
918 2690 1143 2729 recedentes
1170 2690 1377 2727 histriones
1394 2690 1642 2729 observabat.

119 2744 273 2784 Deinde
302 2758 511 2784 conversus
539 2746 589 2783 ad
616 2755 867 2796 spectatores,
898 2756 1251 2794 quorsumcumque
1280 2743 1423 2794 septies
1450 2743 1644 2782 theatrum

119 2799 355 2844 intuebatur,
377 2799 613 2849 totidemque
632 2799 839 2837 cantilenas
858 2799 1058 2836 moderato
1076 2807 1188 2848 gestu
1208 2797 1511 2848 pronunciabat:
1540 2798 1646 2848 quod

119 2866 233 2891 omne
250 2857 447 2902 παράβασις
464 2854 513 2891 ab
532 2853 792 2904 Aristophane
819 2852 997 2903 pluribus
1025 2852 1064 2888 in
1088 2851 1183 2889 locis
1202 2861 1456 2902 nuncupatur.
1513 2850 1646 2890 Prima

119 2906 236 2957 igitur
253 2906 445 2945 cantilena
462 2906 591 2944 statim
610 2908 659 2945 ab
678 2907 908 2945 histrionum
927 2906 1100 2944 discessu
1115 2904 1278 2955 prolata,
1292 2909 1431 2954 κορωνὶς
1449 2906 1645 2944 communi

119 2961 271 3000 nomine
290 2961 444 2999 dicitur.
502 2959 604 2999 Nam
623 2960 807 3011 quicquid
834 2973 999 3012 persona
1017 2958 1196 3010 quapiam
1224 2959 1430 2998 recedente
1455 2968 1644 3005 cantatur,
