1852 3216
517 134 758 173 VICTOR
793 134 876 172 DE
910 133 1246 172 COMOEDIA.
1562 136 1647 174 xliii

118 229 273 261 secutus
290 227 362 266 est,
382 219 553 265 Cratino,
579 221 730 260 fabulas
758 221 797 259 in
829 233 939 259 suam
967 219 1130 258 formam
1157 232 1242 258 esse
1270 219 1425 258 tandem
1454 220 1643 261 redactas.

118 275 315 326 Siquidem
342 282 431 312 ante
459 274 636 313 devictos
665 275 803 313 Persas
830 274 880 313 ad
907 273 1111 319 Salamina,
1132 273 1243 324 cujus
1259 273 1436 311 victoriae
1460 274 1644 322 fabulam,

143 343 204 367 uae
220 341 322 366 nunc
340 337 481 372 exstat,
502 327 709 379 AEschylus
736 328 856 374 dedit,
884 327 1014 366 nullus
1042 328 1080 365 in
1106 327 1152 365 iis
1170 327 1267 365 ordo
1285 335 1439 378 poterat
1465 329 1641 379 reperiri.

176 382 406 420 moediarum
426 383 554 431 itaque
573 383 699 434 prima
722 383 869 421 semina
887 382 935 420 ad
956 381 1164 433 AEgyptios
1194 381 1418 426 referamus,
1439 381 1645 421 formulam

117 449 248 475 earum
277 444 317 473 et
344 435 518 474 ordinem
536 435 688 474 cratini
718 436 957 487 temporibus
984 435 1260 479 adscribentes,
1281 434 1359 472 stili
1378 449 1465 473 cum
1492 436 1645 474 caeteris

116 490 316 541 scripturis
332 489 469 527 eadem
487 503 572 528 esse
590 490 808 528 differentia
827 490 992 535 videtur,
1008 489 1168 539 antiqua
1182 489 1284 526 enim
1301 489 1494 527 comoedia
1512 490 1644 540 gravis

115 553 155 582 et
184 543 284 581 elata
314 556 466 594 semper
498 544 654 589 incedit,
680 558 725 582 ac
755 557 1028 594 nonnunquam
1055 542 1290 581 obsoletiora
1317 543 1494 592 quaedam
1524 545 1646 582 verba

117 606 307 636 sectatur:
336 605 376 635 at
406 606 543 635 contra
571 599 763 636 recentior
791 598 1041 649 perspicuum
1071 610 1290 635 sermonem
1316 596 1484 643 affectat,
1504 606 1643 648 utpote

116 665 204 702 quae
224 651 336 688 novis
354 664 399 688 ac
419 651 663 702 politioribus
682 660 813 690 utatur
832 652 1047 690 atticismis.

169 704 362 749 Materiae,
383 718 503 755 quum
531 714 611 743 tres
638 719 723 744 esse
750 719 865 743 nemo
893 706 1063 756 ambigat
1090 705 1294 750 sectiones,
1320 704 1499 756 quaedam
1527 705 1644 744 altius

115 758 296 796 videntur
314 759 426 797 nobis
445 772 530 796 esse
549 759 773 810 repetenda.
832 760 908 797 Per
926 760 1071 797 Atticae
1090 760 1198 797 urbis
1225 759 1462 797 incrementa
1485 760 1643 810 potissi-

115 826 221 850 mum
238 813 391 863 vigente
409 812 618 863 republica,
633 827 753 864 quum
773 813 919 852 scilicet
934 813 1063 851 omnia
1078 812 1210 864 populi
1230 813 1390 851 arbitrio
1403 822 1642 864 regerentur,

115 875 243 918 poetae
258 867 324 917 qui
344 866 484 906 fabulis
504 880 662 918 operam
681 868 839 911 dabant,
855 869 903 905 ab
922 867 1173 905 insectatione
1192 866 1316 904 aliena
1335 866 1464 905 stilum
1485 868 1644 906 minime

116 929 295 971 poterant
313 921 531 958 continere:
562 935 629 959 seu
649 922 830 971 quoniam
851 921 972 958 Attici
992 930 1128 971 suapte
1154 930 1291 958 natura
1316 922 1532 959 nasutiores
1557 935 1643 960 esse

117 974 321 1012 dicuntur:
351 975 433 1012 sive
453 975 582 1025 potius
601 975 707 1025 quod
726 975 867 1026 plebeii
892 988 1045 1026 semper
1072 975 1203 1012 innato
1233 974 1324 1012 odio
1347 975 1530 1025 patricios
1550 989 1642 1026 pro-

117 1037 343 1078 sequuntur.
401 1028 555 1066 Etenim
585 1029 817 1080 praepotenti
844 1042 991 1066 morem
1023 1028 1169 1079 populo
1199 1037 1391 1079 gerentes,
1424 1038 1463 1066 et
1489 1029 1644 1080 judices

117 1090 156 1120 et
174 1092 362 1133 praetores
386 1082 601 1121 maledictis
628 1083 807 1121 insectari
833 1083 992 1120 minime
1023 1082 1278 1120 dubitabant:
1308 1096 1353 1120 ac
1378 1082 1499 1120 nihilo
1518 1085 1644 1122 secius

116 1136 300 1186 privatos,
327 1136 359 1174 si
385 1137 471 1187 quis
490 1136 553 1174 vel
577 1150 729 1181 avarus,
749 1136 812 1174 vel
839 1137 1014 1187 impurus
1039 1150 1124 1174 esse
1144 1135 1369 1174 videretur:
1397 1138 1645 1188 maximeque

117 1189 282 1228 dabatur
300 1190 418 1235 laudi,
436 1191 468 1227 si
486 1200 602 1242 poeta
617 1191 808 1242 quispiam
829 1205 850 1228 e
864 1204 978 1228 scena
996 1190 1251 1240 gravioribus,
1264 1203 1309 1228 ac
1328 1190 1440 1241 plene
1460 1193 1646 1230 censoriis

118 1245 246 1282 verbis
283 1244 324 1282 id
359 1258 481 1295 genus
513 1245 700 1290 homines,
732 1244 853 1283 veluti
885 1244 1026 1296 jaculis
1055 1244 1296 1282 confecisset.
1355 1243 1443 1282 Hoc
1478 1258 1645 1296 namque

117 1297 229 1336 multi
261 1298 474 1336 domestico
506 1301 651 1349 probro
680 1299 791 1350 quasi
828 1298 981 1349 flagello
1011 1298 1180 1348 quodam
1212 1298 1357 1343 vexati,
1392 1312 1479 1336 cum
1516 1313 1645 1338 mores

116 1352 337 1402 praeteritos
354 1361 518 1397 mutare,
535 1362 617 1390 tum
633 1353 694 1390 vel
714 1366 798 1390 esse
818 1353 933 1402 frugi,
947 1351 1009 1389 vel
1029 1351 1165 1390 saltem
1185 1365 1371 1403 apparere
1386 1353 1645 1403 cogebantur:

118 1418 167 1443 ne
186 1405 315 1443 denuo
333 1419 417 1444 sese
435 1406 536 1444 male
555 1415 746 1457 gerentes,
766 1406 865 1444 male
885 1406 1096 1444 identidem
1121 1405 1323 1443 audirent:
1352 1406 1463 1457 cujus
1492 1407 1547 1444 rei
1573 1422 1647 1446 nu-

118 1472 246 1498 meros
265 1473 400 1498 omnes
426 1458 608 1498 Cratinus
633 1461 775 1498 dicitur
802 1460 1048 1511 implevisse:
1079 1460 1225 1511 quippe
1244 1460 1397 1498 caeteris
1422 1461 1647 1500 austeritate

118 1522 323 1564 praestans,
357 1514 605 1552 acerbissima
630 1514 762 1565 jurgia
793 1514 1009 1565 procaciter
1041 1515 1270 1565 exspuebat.
1334 1514 1423 1552 Hac
1458 1515 1575 1553 etiam
1608 1516 1648 1554 in

118 1576 229 1617 parte
248 1568 374 1605 bonus
393 1567 458 1606 ille
476 1568 757 1619 Aristophanes
780 1581 858 1606 non
884 1567 1121 1606 dormitavit.
1180 1567 1277 1619 Ejus
1303 1568 1405 1605 enim
1425 1567 1570 1620 Vespae
1590 1570 1648 1608 fa-

119 1620 223 1664 bula,
253 1631 446 1672 quotquot
475 1630 585 1660 erant
617 1623 881 1673 sycophantae,
907 1635 1005 1672 quos
1030 1621 1187 1673 quidem
1220 1622 1304 1673 ipse
1331 1630 1445 1660 vocat
1470 1624 1648 1670 ἠπιάλους,

120 1673 213 1712 fecit
229 1676 278 1713 ab
298 1676 452 1726 incepto
471 1675 671 1721 desistere,
687 1690 765 1727 quo
784 1677 883 1714 inter
903 1685 1045 1714 caetera
1063 1676 1235 1714 facinore
1255 1684 1407 1714 tantum
1426 1675 1584 1727 placuit,
1604 1686 1650 1716 ut

120 1727 307 1779 oleagina,
328 1743 417 1779 quae
446 1743 516 1780 par
544 1739 605 1768 est
633 1743 763 1768 aureae
793 1743 959 1775 coronae,
986 1729 1209 1768 donaretur.
1265 1730 1418 1767 Deinde
1445 1730 1647 1770 labefactis

119 1782 255 1833 populi
273 1782 434 1828 viribus,
454 1797 575 1834 quum
600 1783 746 1822 scilicet
772 1784 978 1835 imperium
1002 1783 1052 1822 ad
1076 1797 1222 1835 paucos
1248 1784 1405 1821 omnino
1431 1785 1647 1830 recidisset,

120 1835 227 1873 nulla
246 1837 371 1887 poetis
390 1837 554 1887 amplius
572 1837 693 1875 libere
710 1837 895 1888 loquendi
915 1837 1078 1875 facultas
1098 1837 1397 1882 concedebatur,
1418 1838 1488 1875 sed
1512 1852 1649 1889 poenas

120 1888 212 1927 dare
231 1891 515 1941 potentioribus
534 1904 689 1929 necesse
708 1900 803 1935 erat,
819 1892 851 1928 si
871 1892 958 1941 quis
972 1891 1035 1929 vel
1053 1891 1253 1928 minimum
1273 1900 1376 1928 esset
1395 1891 1648 1942 obloquutus.

121 1942 231 1981 Idem
259 1945 360 1982 enim
378 1945 669 1995 Aristophanes,
690 1944 1016 1995 quemadmodum
1041 1945 1082 1982 in
1102 1945 1416 1983 Acharnensibus
1442 1945 1574 1985 fabula
1599 1947 1649 1986 de

120 2011 161 2035 se
182 1998 264 2048 ipse
283 1999 470 2043 meminit,
491 1999 662 2049 quinque
682 1999 915 2036 talentorum
937 1998 1099 2037 multam
1123 2012 1331 2049 perpessus
1350 2007 1422 2044 est,
1442 2009 1651 2051 propterea

121 2051 227 2102 quod
246 2051 402 2090 Cleonis
422 2053 623 2104 cujusdam
650 2066 701 2090 ex
722 2053 1017 2091 Atheniensium
1044 2053 1295 2103 optimatibus
1319 2053 1584 2104 impotentiam
1608 2063 1649 2093 et

119 2105 341 2156 peculatum
361 2120 430 2157 per
452 2106 614 2157 Equites
632 2106 802 2145 fabulam
827 2107 1009 2158 detegere
1028 2116 1245 2144 conaretur.
1303 2107 1459 2145 Etenim
1476 2107 1531 2145 illi
1551 2109 1650 2148 adeo

121 2158 194 2197 fuit
213 2160 396 2205 infensus,
419 2169 460 2198 ut
480 2161 661 2211 quoniam
686 2162 734 2198 ab
760 2161 899 2212 opifice
926 2174 1130 2211 personam
1156 2160 1293 2198 Cleoni
1317 2161 1480 2199 similem
1504 2162 1649 2202 habere

120 2225 196 2251 non
213 2222 358 2264 posset,
378 2215 451 2253 sibi
471 2215 593 2253 multo
613 2216 840 2265 caeterisque
859 2215 899 2252 id
924 2228 1047 2266 genus
1071 2214 1170 2252 fucis
1198 2215 1463 2253 concinnarit:
1493 2216 1659 2255 histrio--

122 2268 313 2318 nibusque
346 2282 429 2319 prae
461 2269 580 2306 nimio
608 2277 715 2306 metu
740 2283 762 2306 e
790 2282 906 2307 scena
932 2268 1088 2320 prodire
1120 2282 1196 2306 non
1221 2268 1467 2314 audentibus,
1492 2268 1650 2315 Cleonis

120 2333 325 2371 personam
353 2322 459 2360 solus
486 2336 602 2374 agere
628 2336 706 2361 non
733 2323 933 2361 dubitarit.
991 2322 1156 2373 Eupolis
1174 2335 1268 2359 vero
1287 2336 1463 2373 praeceps
1482 2323 1523 2361 in
1541 2337 1648 2363 mare

121 2373 236 2413 datus
254 2384 325 2421 est,
346 2389 393 2414 eo
413 2376 518 2427 quod
537 2378 777 2428 potentiores
804 2376 952 2427 aliquot
979 2377 1018 2414 in
1045 2376 1181 2427 Baptis
1206 2376 1338 2414 fabula
1361 2377 1647 2417 momordisset.

123 2427 257 2471 Quum
276 2430 395 2480 igitur
414 2431 496 2468 haec
516 2431 869 2469 animadverterent
888 2439 1026 2482 poetae‚
1047 2430 1305 2469 decreverunt
1329 2431 1403 2468 sibi
1430 2431 1513 2469 fore
1536 2445 1649 2483 pror-

123 2495 189 2520 sus
207 2497 229 2521 a
247 2483 463 2522 maledictis
483 2484 558 2522 illis
578 2485 883 2534 temperandum.
940 2484 1079 2535 Itaque
1099 2484 1177 2522 stili
1207 2498 1343 2522 nasum
1371 2485 1421 2522 ob
1446 2485 1649 2525 imminens

122 2536 213 2573 vitae
236 2536 442 2576 discrimen
467 2538 544 2576 alio
563 2548 851 2583 converterunt,
872 2552 1011 2589 poema
1036 2538 1182 2576 scilicet
1202 2538 1380 2583 Homeri,
1401 2538 1464 2576 vel
1491 2539 1649 2578 alterius

123 2589 161 2626 in
184 2589 395 2629 ludibrium
414 2605 516 2643 saepe
537 2593 694 2643 quidem
724 2592 907 2644 injuriose
926 2601 1122 2630 vertentes
1140 2606 1148 2629 :
1178 2606 1344 2642 quorum
1363 2593 1531 2631 maxime
1551 2592 1648 2632 Cra-

123 2643 227 2681 tinus
253 2657 379 2682 scenae
405 2646 628 2697 populoque
657 2646 719 2695 (ut
746 2647 872 2696 aiunt)
896 2646 1041 2684 servire
1072 2646 1283 2684 contendit.
1341 2646 1517 2685 Noverat
1544 2649 1648 2686 enim

124 2695 328 2747 (arbitror)
342 2698 381 2736 id
399 2700 503 2749 quod
522 2701 560 2738 in
579 2701 751 2738 oratione
772 2700 820 2738 de
841 2714 984 2739 corona
1003 2700 1290 2737 Demosthenes
1308 2700 1457 2746 asserit,
1473 2714 1558 2740 esse
1577 2716 1647 2741 na-

125 2758 212 2788 tura
230 2762 506 2802 comparatum,
527 2763 571 2791 ut
588 2754 764 2792 homines
782 2754 916 2792 libenti
936 2754 1063 2792 animo
1089 2753 1300 2791 calumnias
1325 2753 1488 2793 aliorum
1512 2756 1648 2794 audire

125 2804 344 2843 videantur.
402 2806 563 2857 Ulysses
582 2808 710 2858 itaque
735 2807 875 2859 plurali
900 2821 1061 2845 numero
1085 2807 1256 2845 fabulam
1281 2807 1401 2851 dedit,
1419 2821 1506 2860 quae
1527 2810 1648 2848 totius

125 2857 317 2910 Odysseae
347 2859 645 2899 calumniaretur
677 2862 891 2900 historiam.
948 2861 1229 2912 Aristophanes
1257 2875 1411 2912 quoque
1442 2872 1649 2914 postquam

126 2924 197 2950 suo
215 2913 318 2951 malo
336 2923 471 2952 contra
497 2915 695 2954 stimulum
720 2916 845 2954 calces
870 2915 966 2954 nihil
985 2914 1114 2953 valere
1136 2914 1348 2962 didicisset,
1368 2916 1407 2954 in
1425 2917 1586 2956 alteram
1606 2931 1648 2956 se

126 2965 288 3005 formam
315 2968 424 3017 quasi
452 2968 645 3007 Protheus
672 2970 873 3016 convertit,
894 2969 1053 3008 AEolum
1080 2968 1228 3008 scilicet
1254 2970 1424 3009 fabulam
1450 2985 1474 3010 a
1493 2972 1649 3022 tragicis
