1852 3216
105 163 352 220 semusta]

693 161 1050 208 PHORMIO'.

1543 167 1624 209 621

161 254 276 297 Nam
295 253 399 299 mihi
418 254 613 296 veniebat
631 251 677 295 in
693 261 877 296 mentem
896 255 989 310 ejus
1010 254 1334 307 incommodum,

160 319 211 361 In
232 320 477 362 servitutem
496 334 730 376 pauperem
749 319 804 361 ad
825 320 956 362 ditem
977 321 1095 362 dari:

163 386 251 428 Sed
270 385 371 428 mihi
392 401 501 442 opus
522 393 628 436 erat,
650 393 700 427 ut
717 393 865 441 aperte
885 386 963 427 tibi
982 401 1096 428 nunc
1116 386 1296 439 fabuler,

107 459 148 489 50
164 451 490 507 Aliquantulum
509 466 606 507 quae
625 450 812 501 afferret,
833 452 906 507 qui
927 451 1203 494 dissolverem

162 517 275 565 Quae
297 518 435 559 debeo
452 534 462 558 ι
494 525 539 559 et
557 517 683 558 etiam
702 532 829 568 nunc,
853 518 888 558 si
907 517 994 559 volt
1014 517 1233 573 Demipho

162 582 298 633 Dare,
320 591 525 638 quantum
545 583 600 624 ab
618 582 699 624 hac
719 583 880 638 accipio
900 598 996 638 quae
1018 584 1228 639 sponsa'st
1247 583 1374 634 mihi3

162 648 336 690 Nullam
356 649 458 690 mihi
477 647 631 698 malim,
653 663 778 703 quam
798 649 948 698 istanc,
969 663 1147 690 uxorem
1167 649 1275 690 dari.

164 713 254 756 AN.
278 714 434 756 Utrum
455 714 631 756 stultitia
651 713 792 756 facere
812 728 894 768 ego
913 713 1043 764 hunc,
1064 729 1119 756 an
1138 714 1297 756 malitia

107 788 148 818 55
167 781 321 823 Dicam
338 799 348 832 ;
381 782 597 830 scientem,
617 795 670 821 an
690 780 1014 835 imprudentem,
1035 781 1222 822 incertus
1247 796 1353 822 sum.

163 846 252 888 DE.
277 847 426 894 Quid?
458 847 494 887 si
513 846 691 887 animam
712 845 871 887 debet?
922 845 1011 886 Gn.
1033 844 1155 901 Ager
1175 846 1431 901 oppositu’st
1449 846 1618 902 pignori

164 912 238 954 Ob
258 913 406 954 decem
424 912 573 961 minas,
595 911 744 965 inquit.
797 909 885 952 DE.
906 911 1020 965 Age,
1042 925 1137 966 age,
1153 911 1242 966 jam
1262 911 1415 963 ducat;
1446 912 1573 954 dabo.

165 977 253 1020 Gn.
276 977 492 1020 AEdiculae
511 978 611 1019 item
632 984 732 1018 sunt
751 977 807 1018 ob
828 976 976 1018 decem
996 974 1113 1017 alias.

1165 975 1255 1018 DE.
1278 976 1367 1018 Hoi
1386 976 1485 1019 hui!

162 1043 421 1085 Nimium’st.
472 1042 556 1084 Cn.
579 1041 651 1084 Ne
671 1041 827 1084 clama:
858 1041 995 1096 petito
1013 1041 1142 1083 hasce
1163 1056 1188 1082 a
1206 1056 1273 1084 me
1294 1042 1455 1084 decem.

107 1117 149 1148 60
166 1109 254 1151 GE.
278 1107 418 1150 Uxori
437 1108 622 1150 emunda
637 1106 887 1150 ancillula'st
903 1122 913 1148 ε
945 1114 1034 1148 tum
1053 1106 1248 1162 pluscula

166 1173 439 1230 Supellectile
459 1189 568 1229 opus
589 1181 679 1215 est:
710 1188 819 1228 opus
840 1179 907 1214 est
928 1179 1069 1214 sumtu
1089 1173 1143 1214 ad
1163 1173 1334 1229 nuptias
1353 1190 1363 1215 ε

164 1240 248 1282 His
267 1241 397 1282 rebus
420 1254 521 1282 sane
541 1254 667 1295 pone,
688 1239 840 1295 inquit,
861 1239 1009 1280 decem
1027 1238 1175 1281 minas.

163 1305 254 1348 DE.
278 1305 512 1347 Sexcentas
532 1305 712 1361 proinde
735 1305 908 1347 scribito
923 1304 1010 1359 jam
1031 1304 1134 1345 mihi
1154 1304 1295 1347 dicas:

150 1411 201 1444 47.
214 1412 357 1453 Repone,
370 1413 450 1442 Nam
464 1413 537 1442 mihi
547 1413 667 1442 venibat
678 1413 710 1442 in
722 1417 847 1443 mentem

107 1455 172 1495 ejus
186 1457 359 1486 incommodi
368 1468 379 1490 ,·
402 1455 433 1485 h.
450 1465 477 1486 e.
500 1454 539 1485 Id
554 1454 789 1486 incommodum
812 1454 847 1485 in

107 1506 248 1529 mentem
264 1498 429 1533 veniebat;
454 1505 489 1528 ut
505 1508 611 1539 supra,
626 1498 646 1528 i.
665 1499 693 1528 3.
710 1499 739 1528 2.
762 1498 847 1528 Nam

107 1552 126 1572 e
141 1542 265 1583 vulgari
280 1541 403 1572 ratione
418 1541 484 1581 ejus
499 1548 548 1571 est
571 1541 687 1572 Phanii
703 1540 846 1582 virginis.

110 1585 215 1626 Igitur
244 1584 385 1626 generali
413 1584 573 1615 sententia
595 1595 659 1615 non
687 1595 847 1625 pauperem

108 1628 243 1659 debebat
258 1628 359 1669 sequi,
374 1628 431 1659 sed
445 1639 518 1659 eam.
551 1628 587 1658 B.

149 1673 200 1702 49.
225 1673 285 1703 Sed
306 1671 395 1712 mihi]
422 1670 609 1710 Παρένθεσις
630 1671 743 1713 prima.
789 1672 850 1702 Sed

108 1717 181 1746 mihi
195 1714 356 1755 opuserat]
375 1714 512 1746 Indictio
523 1713 694 1755 (Inductio)
710 1713 774 1744 doli
789 1721 847 1745 est.

108 1758 193 1789 Nam
209 1765 379 1799 antequam
394 1765 492 1799 petat,
509 1757 639 1799 petendi
654 1767 781 1788 causam
797 1757 847 1788 in-

107 1801 200 1842 gerit.
231 1801 271 1832 D.

151 1846 202 1875 50.
222 1844 295 1878 Quae
311 1845 443 1884 afferret,
458 1847 511 1884 qui
525 1843 730 1884 dissolverem]
754 1843 847 1881 Quia,
895 1843 922 1873 B

108 1887 135 1918 si
150 1898 246 1929 opum
262 1898 357 1918 causa
372 1887 588 1918 habendarum
606 1888 745 1918 dotatam
762 1898 847 1927 quae-

108 1938 203 1968 reret,
238 1931 344 1962 minor
370 1939 453 1961 esset
480 1930 654 1961 necessitas
683 1931 848 1971 captandae

108 1974 327 2016 opulentioris.
373 1974 432 2004 AEs
461 1973 602 2004 alienum
633 1973 765 2010 addidit,
795 1974 847 2004 cui

108 2018 155 2049 rei
171 2017 251 2048 nihil
268 2017 387 2059 opponi
403 2024 518 2058 potest.
551 2017 591 2047 D.

152 2063 202 2091 52.
226 2063 276 2092 Ab
297 2063 354 2091 hac
368 2063 482 2100 accipio
496 2071 562 2101 quae
577 2071 684 2100 sponsa
698 2066 743 2091 est
757 2059 846 2100 mihi]

108 2104 195 2135 Mire
217 2106 350 2144 accipio:
388 2114 452 2134 non
480 2108 657 2143 accepturus
678 2115 751 2134 sum.
806 2104 849 2134 Et

107 2147 309 2179 definitivum
333 2147 461 2177 modum
483 2146 584 2188 ponit,
608 2156 648 2177 ne
663 2146 703 2177 de
726 2157 850 2178 summa

108 2190 192 2222 dotis
208 2191 348 2232 supersit
363 2190 546 2231 disputatio.
578 2190 619 2220 D.

152 2236 202 2265 54.
240 2236 346 2265 Utrum
375 2235 508 2264 stultitia
528 2231 651 2273 facere]
688 2231 851 2272 Παρέλκον

108 2277 256 2308 tertium:
280 2277 339 2308 hoc
350 2277 434 2307 idem
446 2276 532 2308 enim
543 2276 627 2307 valet
639 2282 749 2314 utrum,
765 2276 850 2317 quod

108 2332 158 2351 an.
192 2321 231 2351 D.

153 2365 203 2395 55.
214 2365 370 2400 Scientem,
380 2375 418 2394 αη
430 2362 662 2404 imprudentem]
672 2361 851 2393 ’Aurios-mv

109 2408 294 2438 secundum.
341 2407 424 2438 Nam
461 2406 576 2438 scienti
611 2405 850 2448 imprudentem

108 2450 257 2481 reddidit.
289 2450 330 2481 D.

153 2494 203 2523 56.
231 2492 313 2527 Quid
337 2495 365 2524 εἰ
386 2495 517 2523 animam
545 2494 631 2524 debet
643 2491 676 2533 ?]
700 2493 848 2524 Graecum

108 2536 323 2577 proverbium,
339 2536 390 2567 καὶ
406 2536 503 2573 αὐτὴν
523 2535 583 2573 τὴν
596 2536 703 2576 ψυχὴν
717 2535 848 2575 ὀφείλει.

111 2580 283 2620 D.--Ager
307 2581 455 2619 oppositus
481 2585 526 2610 est
548 2578 687 2620 pignori]
723 2579 760 2609 ld
784 2586 848 2615 est,

109 2633 221 2663 agrum
248 2622 322 2653 dedi
344 2622 413 2653 loco
438 2621 593 2663 pignoris,
620 2622 654 2653 id
677 2629 735 2660 est,
760 2622 848 2653 vadi-

110 2665 219 2696 monii.
251 2665 289 2696 E.

153 2709 202 2740 57.
227 2710 312 2748 Ager
332 2710 481 2747 oppositus
495 2713 541 2739 est
557 2710 681 2748 pignori
695 2710 730 2738 ob
752 2710 852 2738 decem

108 2751 222 2792 minas]
240 2753 356 2782 Astute
372 2761 435 2781 non
451 2751 598 2792 protinus
613 2752 741 2791 triginta
756 2753 852 2782 minas

109 2795 202 2831 dixit,
227 2794 283 2825 sed
311 2793 465 2835 paulatim
489 2793 619 2834 colligit,
647 2800 683 2829 ut
708 2794 853 2835 partibus

109 2838 270 2879 congestis
286 2837 318 2868 in
329 2847 453 2867 summa
464 2847 564 2867 senex
575 2836 682 2867 minus
692 2843 851 2877 gravetur.

111 2882 141 2912 N
146 2892 197 2912 am
213 2881 238 2912 si
255 2879 353 2911 semel
369 2879 498 2915 diceret,
511 2880 687 2910 deterreret
702 2879 851 2921 parcissi-

111 2935 199 2956 mum
236 2934 355 2955 senem.
412 2923 560 2963 Denique
589 2922 707 2953 auditis
741 2923 851 2954 decem

110 2967 218 3003 minis,
234 2967 343 2998 statim
364 2966 537 3007 respondet
551 2967 649 2997 dabo.-
670 2965 851 2997 concedun-

113 3012 226 3042 tur-ab
248 3010 311 3042 alio
332 3010 474 3042 decemz·
492 3009 533 3041 de
554 3008 686 3050 reliquis
707 3016 854 3051 superest

890 1409 1063 1446 dubitatio;
1080 1421 1154 1442 nam
1167 1411 1305 1444 difficilis
1315 1418 1363 1443 est
1372 1413 1412 1444 ad
1421 1412 1571 1445 dandum.
1590 1414 1633 1448 D.

889 1455 981 1484 —Ob
996 1456 1095 1485 decem
1116 1454 1229 1495 minas]
1245 1455 1389 1491 Quarum
1410 1456 1545 1498 singulae
1565 1466 1635 1489 xxx

890 1496 1000 1528 solidis
1015 1498 1251 1539 appenduntur.
1286 1499 1400 1530 Noluit
1414 1500 1512 1531 semel
1530 1501 1636 1541 (simul

893 1540 947 1580 Z.)
974 1550 1131 1571 summam
1159 1551 1348 1583 proponere,
1377 1553 1418 1574 ne
1446 1544 1634 1584 magnitudo

891 1589 1035 1614 terreret.
1081 1584 1145 1615 Sed
1175 1585 1314 1625 perscite
1342 1586 1496 1627 paulatim
1524 1597 1633 1619 rerum

891 1626 1142 1658 necessariarum
1153 1628 1317 1659 mentione
1332 1639 1456 1660 summa
1468 1630 1632 1661 concludi-

891 1676 953 1707 tur,
969 1670 1045 1701 dum
1067 1678 1185 1711 praeter
1199 1671 1331 1703 ancillas
1353 1679 1385 1703 et
1401 1673 1632 1714 supellectilem

891 1713 976 1744 inter
991 1713 1099 1744 omnia
1109 1714 1150 1745 ad
1164 1724 1232 1745 xxx
1245 1715 1348 1746 minas
1362 1717 1518 1757 pervenit.
1550 1717 1635 1748 E.—

892 1756 1029 1798 Repone
1058 1769 1150 1794 mnas,
1177 1768 1266 1788 more
1287 1759 1344 1789 Gr.
1366 1759 1453 1798 μνᾶς.
1500 1760 1553 1791 Ita
1574 1770 1634 1791 sae-

891 1810 1067 1841 penumero
1096 1800 1182 1842 apud
1211 1801 1361 1833 Plautum
1393 1803 1634 1844 pronunciatur.

935 1887 986 1917 58.
1013 1886 1076 1917 Pro
1098 1888 1170 1925 Hm‘,
1193 1889 1255 1924 hui,
1279 1887 1361 1919 liber
1383 1888 1493 1920 Bemb.
1522 1891 1569 1928 Oi,
1595 1892 1634 1921 ei.

892 1929 1046 1960 Rescribe
1058 1931 1134 1961 oie'i.
1169 1930 1253 1961 Vide
1262 1932 1302 1962 ad
1314 1931 1431 1963 Heaut.
1445 1931 1465 1963 i.
1479 1933 1507 1963 3.
1519 1934 1570 1964 31.
1595 1933 1635 1964 B:

934 1973 985 2003 59.
1014 1973 1078 2047 Pi?
1107 1975 1194 2005 hasce
1223 1984 1343 2016 repone
1374 1985 1485 2006 versus
1520 1975 1633 2017 gratia,

895 2017 1007 2047 illasce.
1069 2039 1078 2047 .

934 2060 984 2090 60.
1001 2059 1083 2090 Cum
1099 2060 1167 2091 cod.
1185 2060 1332 2091 Petrensi
1354 2061 1425 2102 lege
1440 2061 1563 2099 melius,
1577 2073 1634 2093 an-

892 2104 1012 2134 cilla’st.
1059 2103 1159 2134 Porro
1181 2103 1262 2144 lege,
1277 2109 1339 2134 tum
1354 2110 1453 2135 autem
1471 2107 1611 2145 pluscula
1621 2118 1635 2141 ,·

892 2156 963 2186 quae
984 2145 1079 2177 lectio
1094 2157 1253 2177 consensu
1274 2155 1455 2179 nostrorum
1470 2148 1560 2179 codd.
1577 2149 1634 2180 fir-

892 2196 1007 2226 matur,
1019 2196 1051 2220 et
1060 2199 1120 2220 usu
1130 2189 1276 2220 Terentii
1285 2192 1518 2232 comprobatur.
1547 2191 1634 2223 And.

893 2232 914 2263 i.
931 2234 960 2262 5.
978 2234 1029 2262 34.
1046 2239 1079 2263 et
1091 2232 1176 2264 alibi.
1210 2233 1247 2263 B.

892 2318 914 2349 d
935 2276 986 2306 61.
1002 2277 1108 2307 Sumtu
1122 2278 1165 2307 ad
1184 2276 1323 2318 nuptias]
1344 2279 1425 2318 Opus
1439 2283 1493 2315 est,
1517 2278 1635 2310 subau-

916 2318 988 2350 itur.
1022 2319 1063 2350 D.

936 2363 987 2392 62.
998 2363 1080 2393 Pone
1088 2374 1168 2399 sane,
1179 2365 1286 2404 inquit,
1297 2365 1394 2394 decem
1406 2363 1520 2405 minas]
1536 2364 1634 2403 Bene,

892 2416 965 2436 sane
977 2418 987 2436 :
1010 2405 1100 2446 quasi
1115 2405 1188 2447 plus
1200 2405 1303 2447 (quasi
1318 2418 1374 2437 non
1386 2407 1471 2447 plus)
1483 2407 1635 2448 quiddam

893 2449 1009 2490 exigat,
1037 2449 1092 2480 sed
1116 2449 1176 2480 hoc
1197 2456 1368 2480 contentus
1390 2449 1441 2481 sit.
1481 2450 1636 2482 D.—Hic

893 2502 1004 2523 versus
1019 2492 1146 2523 enervis
1158 2500 1191 2524 et
1203 2492 1339 2524 elumbis
1355 2493 1484 2524 incedit.
1522 2494 1636 2526 Nostri

893 2545 1004 2566 omnes
1022 2547 1100 2575 pone
1114 2547 1195 2567 sane.
1241 2537 1271 2567 Α
1287 2535 1410 2567 duobus
1425 2537 1515 2568 abest
1529 2539 1635 2569 nim.

893 2578 1038 2620 Repone,
1056 2581 1116 2610 Hie
1133 2581 1222 2609 re‘bus
1236 2581 1315 2610 alias
1332 2582 1409 2619 pone
1420 2591 1504 2618 saue,
1526 2582 1636 2622 inquit,

894 2623 993 2652 decem
1003 2634 1014 2657 ,·
1038 2623 1156 2652 omisso
1170 2622 1215 2661 τῷ
1229 2624 1334 2653 minas.
1367 2623 1404 2653 Β.

937 2665 988 2695 63.
1012 2666 1173 2696 Sexcentas
1189 2667 1315 2704 proinde
1335 2668 1460 2697 scribito
1471 2665 1542 2706 jam
1562 2668 1637 2698 nilon·

894 2707 995 2748 dicas]
1020 2707 1207 2749 Pei-spicere
1229 2708 1304 2739 hinc
1333 2708 1410 2740 licet
1430 2709 1635 2742 consuetudi-

895 2761 969 2782 nem
982 2750 1148 2791 utriusque
1157 2751 1323 2783 sermonis.
1362 2752 1447 2783 Nam
1461 2752 1635 2794 Apollodo-

895 2804 951 2824 rus
972 2793 1079 2833 μυρίας
1093 2794 1184 2831 dixit,
1200 2804 1260 2835 pro
1274 2794 1393 2826 multis.
1438 2795 1483 2827 Et
1497 2804 1535 2828 ut
1544 2797 1634 2839 apud

896 2837 1026 2867 Graeeos
1039 2835 1140 2877 μύρια,
1156 2837 1201 2868 ita
1212 2838 1297 2880 apud
1307 2848 1365 2870 nos
1379 2844 1518 2871 sescenta
1529 2839 1636 2871 dicere

894 2890 955 2921 pro
969 2879 1088 2917 multis,
1104 2880 1256 2911 usitatum
1273 2888 1331 2912 est.
1375 2882 1596 2914 CiceroVerr.
1611 2883 1634 2915 i.

895 2923 946 2956 47.
958 2924 1102 2954 Sexcenm
1112 2934 1231 2964 possum
1242 2925 1363 2956 decreta
1374 2924 1519 2966 preferre.
1548 2926 1637 2957 D.—

897 2968 1058 2997 Sexcentas
1063 2968 1188 3006 proinde
1200 2969 1324 2999 scribito
1335 2970 1409 3000 aila
1419 2968 1531 3011 dicae]
1539 2970 1634 3011 Mag-

896 3009 1043 3041 nitudine
1055 3019 1188 3042 summa
1199 3010 1357 3044 excitatus
1365 3011 1532 3052 exclamat,
1546 3013 1635 3049 Quas
