1852 3216
107 143 247 173 semu
266 128 335 185 11.]

718 127 1035 170 HECYRA.

1552 127 1639 170 475

164 219 413 270 Philotium,
434 219 601 275 cepisse
619 232 753 275 eaepe,
773 225 818 260 et
837 224 881 260 te
900 225 1022 261 tuum

107 296 145 326 15
163 285 397 328 Consilium
412 285 704 328 contemsisse.
753 283 842 326 Pu.
864 282 971 325 Non
990 283 1075 325 dici
1095 290 1255 339 potest,
1271 300 1275 303 ’

164 351 308 399 Quam
328 352 486 407 cupida
506 366 623 394 eram
642 350 728 393 huc
748 349 975 400 redeundi,
997 350 1186 395 abeundi
1204 365 1231 391 a
1248 348 1397 400 milite,

164 417 353 473 Vosque,
365 416 436 459 hic
456 417 646 468 videndi,
667 416 843 472 antiqua
860 423 911 458 ut
930 416 1242 458 consuetudine

164 482 390 538 Agitarem
410 483 522 525 inter
541 498 618 525 vos
640 482 774 525 libere
793 481 1046 526 convivium.

164 548 280 589 Nam
300 547 383 591 illic
403 548 523 591 haud
541 548 715 599 licebat,
732 549 818 591 nisi
835 546 1065 604 praefinito,
1085 546 1219 602 loqui,

105 622 147 652 20
164 614 278 662 Quae
297 613 357 655 illi
375 614 611 670 placerent.
664 614 747 657 ΡΛ.
768 613 906 656 Haud
926 613 1080 668 opinor
1100 613 1322 656 commode

165 679 315 721 Finem
336 681 537 722 statuisse
558 680 739 722 orationi
757 679 946 722 militem.

165 746 251 788 Pu.
276 745 365 787 Sed
382 746 488 802 quid
507 745 590 789 hoc
610 746 758 801 negoti
776 752 843 787 est
861 747 878 787 2
908 744 1038 787 modo
1057 759 1156 800 quae
1175 745 1363 787 narravit
1381 744 1485 787 mihi

167 810 256 853 Hic
275 811 391 853 intus
411 810 626 854 Bacchis?
658 811 777 866 quod
796 825 879 865 ego
897 826 1117 866 nunquam
1137 811 1300 853 credidi

164 875 292 927 Fore,
313 884 362 918 ut
382 876 451 919 ille
471 877 553 920 hac
573 877 670 918 viva
688 884 839 932 posset
858 876 1043 918 animum
1062 876 1269 919 inducere
1526 911 1528 913 .

109 951 149 981 25
168 941 361 984 Uxorem
380 942 555 985 habere.
609 941 691 984 Pi.
724 941 903 984 Habere
921 944 1094 984 autem?
1145 941 1231 984 PH.
1255 941 1357 984 Eho
1385 949 1448 992 tu,
1470 957 1524 984 an
1554 957 1641 984 non

251 1007 385 1050 habet
399 1009 417 1050 2

167 1073 248 1115 ΡΑ.
270 1072 448 1115 Habet:
481 1072 558 1116 sed
577 1072 714 1115 firmae
732 1071 802 1114 hae
820 1086 972 1114 vereor
990 1078 1040 1114 ut
1062 1072 1147 1115 sint
1167 1073 1344 1129 nuptiae.

110 1209 339 1233 nesinsnxun
354 1209 511 1234 censae.
542 1199 763 1242 Ἀμφιβολία).
794 1202 853 1232 AE-

110 1246 197 1284 depol
213 1249 242 1275 te
256 1246 439 1276 desiderium
454 1246 643 1276 Athenarum
658 1245 792 1275 arbitror
806 1254 855 1275 ce-

105 1290 188 1328 pisse
202 1286 298 1328 ηερε]
314 1288 410 1324 Quod
423 1298 497 1320 cum
510 1287 612 1320 milite
624 1285 855 1318 inhumanissi-

109 1341 173 1362 mo.
204 1331 247 1362 D.

157 1375 205 1405 15.
232 1375 395 1406 Consilium
415 1371 622 1413 conten-tine]
648 1372 857 1404 Poenitudine

111 1427 182 1449 esse
203 1427 383 1459 possessam
406 1416 597 1457 (poenituiue
611 1421 640 1447 to
654 1427 718 1448 esse
737 1414 856 1456 profec-

159 1504 208 1535 16.
232 1505 304 1534 Huc
323 1502 486 1544 redeundi]
511 1503 634 1534 Iterum
649 1512 669 1533 a
685 1501 765 1534 loco.
788 1504 856 1533 Ab

111 1548 203 1578 eundi
225 1558 246 1577 a
274 1545 388 1587 milite]
415 1548 447 1578 A
470 1556 617 1587 persona.
667 1546 781 1586 Vosque
807 1547 857 1577 hic

110 1589 249 1630 videndi]
267 1590 297 1620 A
319 1599 364 1620 re.
408 1591 577 1626 Redeundi,
593 1590 734 1626 abeundi,
750 1599 857 1638 vosque

111 1635 161 1664 hie
185 1631 324 1673 videndi]
352 1632 502 1663 Oratorie
525 1642 623 1663 unam
645 1642 714 1662 rem
736 1631 770 1662 in
794 1631 856 1663 tria

110 1675 232 1714 divisit,
257 1676 333 1707 Huc
346 1675 514 1713 redeundi,
533 1674 685 1707 Abeundi
700 1684 719 1705 a
741 1674 854 1712 milite,

111 1719 243 1760 Vosque
258 1719 310 1750 hic
326 1718 478 1751 videndi:
503 1725 539 1750 ut
554 1718 686 1756 diceret,
705 1718 781 1750 Huc
796 1728 852 1750 ve-

113 1762 235 1798 niendi.
270 1762 312 1794 D.
336 1772 337 1775 ¹

158 1807 207 1836 18.
223 1807 383 1846 Agitarem
398 1807 479 1836 inter
492 1816 543 1836 vot
564 1806 657 1835 libere
672 1804 852 1846 convivium]

114 1849 206 1881 Inter
220 1858 311 1889 agere
326 1855 360 1879 et
478 1859 495 1879 e
512 1848 573 1879 hoc
588 1847 744 1880 interest:
768 1848 855 1889 quod

110 1903 212 1933 agere,
236 1899 286 1923 est
309 1891 430 1941 aliquid
454 1890 591 1931 (excidit
612 1890 704 1929 forte,
727 1891 854 1934 serium)

112 1935 162 1967 vel
180 1935 397 1967 necessarium
412 1934 539 1966 facere:
561 1937 693 1975 agitare,
706 1932 855 1976 volupta-

110 1978 206 2014 rium.
252 1979 341 2019 Ergo
355 1981 514 2019 agitarem,
532 1987 725 2009 exercerem.
758 1978 800 2010 D.

157 2023 207 2054 19.
224 2023 307 2054 Nam
322 2023 387 2053 illic
401 2023 485 2052 haud
503 2023 614 2052 licebat
628 2023 689 2052 nisi
706 2023 856 2061 prefinito

113 2064 209 2106 loqui]
234 2065 369 2106 Legitur
384 2071 417 2096 et
432 2067 478 2096 illi
488 2077 499 2095 .-
522 2071 558 2095 ut
574 2064 617 2095 sit
631 2064 857 2097 circumflexus

113 2115 275 2147 accentus,
300 2115 334 2139 et
350 2107 512 2149 significet
534 2109 621 2139 illic.-
652 2114 698 2145 ut,
723 2108 800 2140 AEn.
822 2108 855 2139 ii.

113 2151 205 2193 548.)
220 2154 269 2183 illi
285 2163 350 2184 mea
373 2153 477 2183 tristia
489 2150 603 2191 sacta.-
626 2157 659 2182 et
675 2151 857 2184 ahsolutum

113 2202 173 2230 eet.
216 2194 389 2235 Praefim'to]
414 2195 517 2226 Deest
537 2201 692 2236 tempore,
709 2203 765 2225 aut
779 2195 857 2235 quid

113 2238 187 2273 tale.
231 2240 305 2270 Nisi
332 2240 482 2278 proefinito
511 2237 608 2278 loqui]
639 2239 671 2269 A
699 2244 854 2279 tempore.

115 2281 182 2313 Hic
203 2281 355 2318 ostendit,
377 2281 454 2322 quid
476 2280 562 2312 dixit
583 2291 692 2322 supra,
713 2283 771 2313 tuli
784 2293 796 2312 .·
823 2288 856 2313 et

112 2324 190 2365 quid
219 2325 263 2356 sit
291 2327 412 2366 agitare
441 2327 606 2356 convivium
635 2326 738 2356 libere.
782 2326 857 2356 Nisi

110 2370 261 2407 prefinito
290 2370 379 2409 ὶοᾳιιί,
409 2379 476 2408 quoe
506 2369 554 2399 illo·
578 2366 752 2408 placerent]
781 2368 856 2400 Duo

115 2410 221 2443 dixit:
245 2417 279 2442 et
298 2413 456 2451 praefiru'to,
471 2418 505 2442 et
523 2422 591 2452 quae
612 2413 661 2442 illi
679 2413 857 2451 placerent.-

115 2460 152 2486 ut
181 2463 286 2494 neque
315 2461 470 2494 quantum
500 2454 610 2492 velles,
639 2464 743 2495 neque
773 2454 859 2495 quod

115 2495 225 2533 velles,
240 2496 372 2528 diceres.
412 2497 582 2528 D.—-Nam
602 2499 667 2528 illic
687 2499 771 2529 haud
785 2500 858 2529 lice-

117 2541 179 2575 bat,
194 2541 255 2571 nisi
263 2541 422 2579 praefinito,
435 2542 525 2580 loqui,
537 2552 604 2581 quae
618 2542 667 2571 illa·
677 2540 857 2581 placebant]

117 2583 203 2614 Nam
211 2583 299 2624 apud
310 2582 456 2620 militem,
467 2583 531 2615 nisi
541 2590 659 2621 certus,
671 2594 743 2615 esse
751 2594 858 2615 sermo

116 2635 182 2659 non
200 2632 334 2667 poterat,
351 2625 403 2657 vel
421 2626 455 2657 in
470 2636 615 2663 numero,
631 2626 682 2658 vel
703 2626 739 2658 in
754 2627 857 2667 quali-

117 2676 204 2704 tate;
227 2675 264 2699 ut
285 2674 319 2699 et
331 2675 487 2709 quantum
502 2668 652 2706 dicerem,
671 2670 857 2710 praefiniret,

117 2719 151 2744 et
165 2711 244 2753 quid
264 2711 414 2742 dicerem.
453 2711 602 2743 E.—Pro
623 2714 689 2743 illic
711 2713 859 2745 Donatus

116 2763 205 2794 recte
220 2754 300 2796 legit
315 2756 372 2785 illi.
406 2754 481 2785 Non
497 2754 585 2786 enim
600 2754 694 2786 aliter
708 2762 772 2786 stat
786 2765 859 2787 ver·

118 2809 184 2834 sus.
217 2798 254 2830 B.

163 2843 214 2873 20.
243 2842 340 2873 Haud
365 2843 469 2881 opinor
499 2839 662 2881 commode]
695 2842 859 2879 Commode,

118 2893 179 2928 pro
202 2884 328 2921 blande,
357 2893 390 2915 et
419 2884 522 2915 bene:
550 2892 597 2922 ut,
621 2895 771 2925 uunquam
798 2890 860 2916 tam

119 2931 202 2961 dim
214 2930 369 2960 cor-mode.
404 2928 444 2958 D.

146 2972 215 3004 -.21
247 2973 352 3003 Finem
379 2973 522 3003 statuisse
551 2973 681 3003 orationi
717 2970 859 3011 militem]

899 1199 1026 1241 Argute
1047 1203 1196 1232 militem.-
1218 1201 1294 1242 quia
1315 1201 1406 1242 quasi
1428 1200 1580 1234 inimicus
1602 1201 1645 1233 sit

899 1243 1047 1280 orationi,
1060 1254 1131 1283 quae
1142 1244 1177 1275 in
1188 1255 1268 1286 pace
1279 1244 1454 1286 plurimum
1464 1252 1581 1286 potest.
1600 1245 1644 1276 D.

943 1288 995 1318 22.
1022 1289 1083 1318 Sed
1102 1289 1176 1327 quid
1195 1290 1250 1318 hoc
1268 1290 1371 1328 negoti
1394 1288 1483 1329 esu]
1512 1288 1578 1319 Hic
1603 1289 1645 1320 ad

899 1337 1126 1370 argumentum
1150 1341 1236 1361 nunc
1258 1330 1436 1362 descendit.
1483 1332 1524 1362 In
1541 1332 1644 1362 Phor-

899 1373 1018 1410 mione,
1046 1375 1101 1404 sed
1125 1376 1200 1414 quid
1222 1379 1257 1404 tu
1284 1385 1318 1405 es
1341 1376 1470 1406 vistis?
1501 1374 1644 1416 praelatis

900 1415 1024 1447 scilicet
1039 1416 1297 1454 allocutionibus,
1313 1423 1347 1448 et
1366 1425 1588 1468 separatarum
1610 1424 1644 1449 et

900 1459 1127 1500 permistarum
1149 1470 1384 1502 personarum:
1409 1471 1451 1491 ne
1469 1462 1581 1501 jejune
1603 1461 1645 1493 ad

900 1508 1127 1551 argumentum
1147 1503 1292 1541 veniens,
1315 1514 1380 1534 non
1397 1507 1468 1544 (aut
1482 1504 1555 1535 dele
1576 1516 1645 1543 nou,

900 1552 957 1576 aut
977 1545 1102 1587 corrige
1122 1558 1202 1577 nunc
1225 1547 1279 1586 Z.)
1296 1557 1392 1588 agere
1413 1547 1565 1584 fabulam,
1586 1548 1645 1580 aed

899 1598 1031 1620 narrare
1047 1589 1220 1620 videretur.
1268 1589 1352 1625 Quid
1371 1592 1426 1621 hoc
1439 1593 1540 1631 negoti
1552 1590 1643 1632 esst]

900 1632 991 1663 Bene
1006 1631 1131 1663 addidit
1150 1635 1262 1682 negoti,
1279 1639 1315 1664 ut
1332 1640 1467 1675 augeret
1487 1634 1645 1665 invidiam

898 1675 985 1706 facti.
1030 1675 1116 1707 Nam
1138 1676 1245 1718 potuit
1265 1676 1383 1714 dicere,
1402 1679 1486 1711 Quid
1501 1679 1557 1708 hoc
1571 1683 1617 1709 est
1629 1681 1646 1709 1

898 1718 972 1755 sed.
993 1724 1031 1750 ut
1052 1718 1204 1758 diximus,
1220 1719 1262 1751 ad
1283 1720 1439 1751 invidiam
1462 1727 1496 1752 et
1516 1721 1643 1762 magni-

897 1761 1045 1793 tudinem
1066 1761 1125 1800 rei,
1146 1765 1247 1804 negoti
1265 1763 1358 1794 dixit.
1406 1765 1482 1797 Quae
1504 1766 1645 1796 narravit

897 1804 988 1846 mihi]
1026 1805 1111 1843 Qua,
1142 1806 1248 1847 qualia
1285 1806 1418 1844 scilicet,
1450 1813 1484 1838 et
1513 1813 1643 1848 quanta.

897 1850 989 1880 Modo
1003 1851 1083 1890 quod
1096 1852 1235 1880 narravit
1250 1849 1341 1890 mihi]
1362 1852 1446 1887 Quae,
1467 1850 1643 1891 legendum

898 1899 968 1924 est:
1001 1898 1038 1923 ut
1058 1892 1111 1929 sit,
1132 1892 1239 1933 qualia
1261 1899 1295 1924 et
1309 1900 1449 1934 quanta:
1474 1900 1506 1925 et
1532 1894 1594 1925 hoc
1609 1895 1645 1926 ἐν

900 1935 1069 1975 ὑποκρίσει.
1102 1935 1143 1966 D.

942 1980 994 2009 23.
1012 1980 1099 2012 Quod
1111 1990 1166 2020 ego
1179 1990 1331 2020 nunquam
1345 1978 1479 2020 credidi]
1504 1979 1577 2011 Hoc
1592 1985 1642 2011 ω·

899 2027 967 2052 tum
983 2032 1057 2052 cum
1079 2021 1203 2053 invidia
1219 2022 1499 2063 pronunciandum
1515 2033 1557 2054 ex
1571 2023 1643 2055 ani-

900 2075 954 2096 mo
983 2065 1172 2102 meretricis,
1203 2075 1275 2105 quae
1311 2065 1436 2097 facinus
1472 2065 1643 2108 indignum

900 2108 1032 2149 nuptias
1060 2115 1163 2150 putat.
1208 2109 1386 2142 D,—Qu0d
1412 2120 1467 2150 ego
1491 2121 1644 2161 nunquam

900 2150 1105 2192 credidisore,
1123 2157 1158 2182 ut
1172 2154 1230 2183 hac
1243 2154 1296 2183 ille
1309 2154 1378 2183 viva
1396 2157 1496 2192 posset
1511 2155 1643 2186 anim

900 2197 1042 2226 inducere
1068 2206 1188 2226 uxorem
1211 2194 1337 2235 habere]
1367 2195 1456 2226 Hinc
1478 2196 1641 2238 proponit,

899 2245 936 2269 ut
950 2248 1002 2269 res
1022 2238 1147 2279 origine
1169 2238 1344 2269 narrationi
1366 2238 1501 2270 seducat
1514 2239 1643 2272 audisse

899 2291 944 2317 se,
976 2291 1073 2322 quam
1100 2281 1303 2323 Pamphilam
1327 2281 1467 2313 duxerit.
1512 2282 1643 2315 Deinde

899 2324 1003 2357 serius
1026 2323 1106 2365 (Hic
1124 2326 1274 2365 proponit,
1296 2330 1331 2356 ut
1352 2336 1415 2356 rem
1436 2327 1479 2356 ad
1497 2328 1643 2367 origine-

899 2370 1084 2399 narrationis
1098 2369 1233 2404 reducat,
1246 2370 1448 2406 audinisoese,
1459 2371 1641 2410 quodeun-

897 2413 1002 2451 philus
1015 2422 1136 2442 uxorem
1149 2413 1282 2443 duxerit.
1325 2413 1445 2443 Deinde
1459 2423 1562 2443 servm
1586 2412 1643 2454 Z.)

900 2454 1054 2496 proponit
1081 2454 1114 2486 id
1141 2454 1258 2495 ipsum,
1286 2455 1371 2495 quod
1395 2455 1644 2488 confirmatum:-

902 2505 961 2534 εει,
968 2497 1311 2549 sicutsupradiximus,
1318 2508 1377 2538 per
1386 2506 1584 2539 argumenta.
1601 2499 1643 2531 E.

945 2542 997 2572 24.
1019 2542 1062 2572 Ut
1075 2543 1133 2572 hac
1147 2542 1199 2572 ille
1214 2543 1281 2572 viva
1292 2540 1411 2582 posset]
1429 2541 1517 2573 Mite
1532 2550 1642 2575 osten·

900 2583 950 2615 dit
964 2594 1004 2615 ex
1026 2583 1148 2615 eisdem
1172 2583 1278 2615 verbis
1299 2583 1435 2616 eandem
1456 2584 1540 2617 hanc
1561 2596 1644 2625 αα,

900 2637 997 2667 quam
1034 2637 1132 2669 supra
1167 2626 1261 2664 dixit,
1294 2638 1445 2668 nunquan
1479 2630 1535 2660 illa
1572 2632 1643 2662 viu

901 2681 1020 2702 “rorem
1047 2672 1216 2701 ducturum.
1262 2671 1368 2702 Pouet
1393 2673 1526 2703 mamm
1550 2674 1641 2706 indu-

902 2712 986 2753 cere]
996 2712 1119 2749 Quasi
1110 2723 1144 2744 m
1155 2723 1222 2744 rem
1232 2712 1345 2744 duram
1358 2713 1581 2747 etimmanem.
1598 2717 1641 2749 D.

946 2757 998 2787 25.
1021 2758 1145 2787 Habere
1159 2761 1259 2787 autem
1268 2756 1302 2797 ἓ]
1325 2757 1477 2789 Ostendit
1496 2768 1641 2800 pronun-

902 2798 1052 2836 ciatione,
1061 2799 1145 2839 quod
1157 2809 1258 2841 prope
1267 2806 1325 2837 est,
1335 2806 1446 2832 utnon
1456 2801 1582 2834 haheat.
1598 2804 1642 2836 D

947 2842 997 2872 26.
1014 2844 1075 2873 Sed
1087 2844 1187 2881 ¹firmet
1207 2844 1254 2874 kae
1268 2854 1369 2874 vereor
1383 2849 1419 2875 ue
1433 2846 1496 2876 ciat
1511 2846 1641 2889 nuptia]

905 2885 994 2916 Bene
1016 2895 1076 2926 pro
1088 2895 1236 2934 ‘persona
1255 2886 1351 2924 servi,
1371 2886 1427 2928 qui
1447 2887 1518 2920 vult
1538 2889 1642 2922 domi-

903 2938 982 2960 num
1004 2927 1154 2960 uxorium
1175 2939 1245 2960 ease
1267 2939 1299 2962 m
1403 2941 1499 2973 quam
1519 2940 1642 2965 arnato·

904 2981 973 3004 rem
1004 2971 1184 3005 Bacchidis.
1229 2975 1292 3005 Sed
1318 2975 1418 3013 fimo
1446 2976 1495 3008 1·ae
1523 2977 1643 3019 vereor]
