1852 3216
105 165 245 196 semu
265 151 328 208 v.]

677 150 1037 195 PHORMIO.

1537 152 1622 195 627

158 243 290 286 Dicat
308 257 401 285 eam
419 243 621 286 dai-enos
641 241 890 285 Phormioni
908 247 1102 297 nuptum,
1122 255 1178 285 ne
1196 247 1446 285 succenseat
1458 257 1471 284 ε

157 309 220 352 Et
236 310 370 365 magis
391 323 486 351 esse
505 307 621 351 illum
639 307 853 358 idoneum,
874 307 949 362 qui
967 307 1050 363 ipsi
1070 306 1126 349 sit
1144 305 1387 350 familiarior
1401 322 1414 349 ς

105 381 145 412 10
162 373 258 416 Nos
278 382 426 416 nostro
445 374 584 416 officio
603 372 708 415 nihil
726 373 968 429 digressos:
999 379 1205 428 quantum
1223 373 1259 415 is
1278 371 1475 424 voluerit,

156 439 321 481 Datum
349 455 444 482 esse
474 440 600 482 dotis.

241 505 406 560 Magni,
430 501 661 560 Demipho.

662 438 750 481 Da.
773 438 893 487 Quid
922 446 1011 489 tua,
1040 437 1210 490 malum,
1240 439 1285 481 id
1313 438 1481 481 refert?
1536 437 1622 480 Cn.

155 570 244 612 DE.
269 570 369 612 Non
385 579 450 612 sat
470 579 589 612 tuum
605 578 646 612 te
660 569 841 611 officium
858 568 1023 619 fecisse,
1041 569 1077 611 si
1095 584 1180 611 non
1199 569 1244 611 id
1262 568 1372 611 fama
1386 569 1621 625 approbat?

152 635 237 677 Cn.
270 635 382 677 Volo
412 637 546 691 ipsius
576 650 746 691 quoque
776 635 992 677 voluntate
1027 634 1109 677 hoc
1143 634 1252 686 fieri,
1282 650 1337 677 ne
1367 650 1414 677 se
1443 636 1623 692 ejectam

238 702 458 756 praedicet.

153 765 243 808 DF..
267 766 387 808 Idem
407 782 489 823 ego
508 767 619 809 istuc
638 766 777 809 facere
798 781 987 822 possum.
1037 765 1122 808 Cn.
1138 765 1298 808 Mulier
1310 765 1475 808 mulieri
1485 766 1620 822 magis

239 833 448 888 congruit.

99 904 137 935 15
154 896 244 939 ΒΕ.
267 896 467 953 Rogabo.
519 896 603 939 Cu.
623 897 713 939 Ubi
727 896 819 939 illas
834 913 947 941 nunc
963 913 1044 954 ego
1060 899 1251 954 reperire
1271 899 1446 954 possim,
1462 899 1620 955 cogito.

278 1074 532 1123 ACTUS
569 1074 848 1129 QUINTI
902 1073 1153 1121 SCENA
1187 1073 1450 1122 PRIMA.

586 1200 851 1233 SOPHRONA.

886 1200 1124 1232 CHREMES.

150 1285 275 1334 Qum
304 1287 456 1341 agam?
488 1299 614 1340 quem
642 1283 746 1325 mihi
774 1284 956 1326 amicum
984 1284 1194 1325 inveniam
1221 1283 1411 1327 misera?
1446 1291 1521 1327 aut
1549 1286 1620 1328 cui

235 1349 409 1392 consilia
426 1349 520 1392 haec
540 1349 751 1391 referam?

150 1415 244 1457 Aut
263 1416 378 1458 unde
396 1415 499 1457 mihi
517 1414 719 1457 auxilium
738 1417 912 1471 petam?

151 1481 267 1523 Nam
279 1496 443 1532 vereor,
456 1481 562 1523 hera
574 1495 627 1523 ne
642 1481 698 1523 ob
706 1496 847 1523 meum
861 1495 1034 1523 suasum
1044 1481 1217 1537 indigne
1229 1481 1383 1538 injuria
1390 1482 1618 1527 afficiatur:

135 1572 165 1603 9.
198 1572 286 1613 Lege
316 1581 357 1602 ex
391 1571 461 1602 cod.
496 1570 649 1602 Academ.
685 1572 745 1611 ipsi
780 1572 834 1611 qut*

91 1617 133 1646 sie
161 1638 169 1645 .
202 1614 239 1646 B.

139 1613 184 1689 lsi).
216 1658 327 1689 Nostri
347 1668 458 1689 omnes
482 1659 561 1688 nihil
582 1668 722 1698 egressos.
768 1656 832 1688 Sed

91 1700 154 1742 leg.
182 1703 260 1732 nihil
281 1703 432 1742 degressos
444 1715 456 1737 ,·
490 1709 526 1732 ut
550 1701 669 1742 passim
692 1702 833 1731 decedere

91 1746 192 1783 officio.
238 1744 365 1775 Deinde
387 1744 468 1775 adde
489 1744 595 1774 versui
611 1745 690 1779 dari,
712 1743 798 1784 quod
811 1753 832 1774 a

92 1794 246 1828 sequente
261 1795 309 1819 est
325 1788 518 1829 absorptum.
551 1787 588 1818 B.

139 1833 186 1862 ll.
203 1832 285 1864 Quid
299 1837 362 1867 tua.
376 1833 496 1867 malum,
507 1832 540 1861 id
551 1828 685 1871 refert?]
702 1831 830 1867 Malum,

91 1874 287 1915 interjectio:
305 1881 338 1905 et
349 1881 398 1905 est
407 1874 494 1910 ordo,
504 1874 591 1909 Quid
603 1881 658 1904 tua
665 1873 698 1904 id
710 1873 828 1904 refert?

91 1919 211 1958 Magni,
234 1917 396 1958 Demipho]
421 1918 507 1948 Nota
521 1927 708 1958 responsum
721 1923 833 1947 contra

95 1963 177 1995 Quid
201 1960 303 2001 reffert,
335 1971 399 1991 non
430 1960 470 1991 ad
500 1962 574 2001 quid
598 1959 743 1990 relatum.
790 1960 832 1990 Et

91 2014 197 2044 quaere
213 2004 371 2044 quomodo
392 2003 524 2040 dicatur,
544 2004 627 2038 Quia
646 2014 710 2034 mea
722 2005 738 2034 ?
759 2005 834 2044 quid

93 2050 172 2078 tua?
194 2058 235 2078 an
250 2047 340 2078 deest
355 2049 419 2082 ad‚·
443 2054 478 2077 ut
499 2046 550 2083 sit,
569 2049 612 2077 ad
631 2058 705 2082 mea,
721 2054 777 2076 aut
791 2048 834 2077 ad

91 2097 146 2122 tua
158 2093 174 2121 2
213 2091 384 2124 D.—Quid
399 2096 461 2126 tua,
477 2092 585 2120 malum
595 2089 626 2130 l]
640 2089 726 2125 Quid
742 2089 775 2120 id
790 2089 831 2120 ad

90 2140 124 2165 te
142 2134 279 2165 attinet?
318 2135 434 2164 Malum
456 2141 561 2164 autem
584 2133 764 2173 interjectio
782 2140 831 2164 est

90 2177 279 2209 irascentis:
314 2177 364 2208 cui
389 2177 601 2217 subjungitur,
626 2178 743 2217 Magni,
766 2178 829 2207 De-

90 2223 198 2260 mipho,
214 2221 247 2251 id
263 2227 320 2256 est,
337 2221 444 2261 magni
460 2220 566 2251 refert.
599 2220 637 2251 E.

137 2265 184 2294 12.
204 2264 266 2294 Hic
277 2274 397 2299 versus,
408 2263 461 2304 qui
477 2263 540 2304 ipsi
554 2263 716 2294 Chremeti
733 2262 830 2294 ratio·

91 2316 165 2337 nem
188 2307 344 2342 reddenti,
367 2318 421 2338 cur
442 2309 544 2348 magni
564 2317 620 2337 sua
641 2305 762 2346 reserat.
783 2312 832 2337 est

91 2349 289 2386 tribuendus,
319 2350 365 2381 sic
395 2350 520 2390 legatur
548 2357 581 2380 et
606 2349 830 2390 distinguatur,

91 2394 160 2424 Nm·
175 2396 251 2424 sacis
265 2399 311 2424 est
332 2399 414 2424 tuum
430 2399 459 2424 te
474 2395 597 2431 officium
610 2392 727 2433 jacere,
741 2392 831 2433 [ἄνια

89 2438 118 2467 εἰ
142 2437 175 2466 id
199 2447 255 2467 non
277 2439 447 2477 approbat.-
478 2437 547 2467 sine
570 2436 829 2476 interrogatione.

92 2479 177 2510 Nam
194 2480 289 2510 verba
306 2481 375 2510 Non
389 2482 465 2511 satis
479 2491 504 2510 e.
522 2485 543 2511 t.
561 2485 582 2510 t.
599 2491 624 2510 o.
639 2477 831 2520 sacere'quae

91 2530 203 2553 extant
232 2522 267 2553 in
298 2523 408 2554 Bemb.
440 2522 503 2554 nisi
534 2523 619 2564 quod
647 2523 691 2553 ibi
717 2522 831 2563 secisse

90 2565 227 2639 {egatun
269 2566 411 2597 efficiunt
456 2567 650 2597 sententiam
696 2575 829 2607 genera-

103 2618 164 2639 em.
194 2608 231 2639 B.

136 2653 184 2682 13.
210 2652 273 2682 Pro
293 2653 347 2682 hoe
361 2651 461 2682 nostri
475 2658 562 2683 recte
584 2651 737 2683 exhibent
757 2654 829 2688 haec,

91 2705 133 2726 sc.
165 2704 362 2735 quaecunque
391 2695 425 2725 in
452 2694 589 2726 divortio
612 2702 772 2726 transacta
798 2702 831 2726 et

91 2738 296 2778 transigenda
310 2744 395 2768 sunt.
428 2737 465 2768 Β.

137 2782 184 2812 14.
203 2782 316 2812 Mulier
330 2779 466 2821 mulieri]
481 2780 614 2811 Femina
622 2780 750 2811 ferninae
761 2790 829 2811 ma-

89 2824 140 2866 gis
162 2824 279 2866 poterit
300 2824 501 2865 persuadere.
548 2824 660 2854 Partes
679 2824 765 2854 enim
781 2823 829 2854 vi-

89 2877 198 2899 rorum
215 2867 311 2904 viros,
328 2867 518 2898 feminarum
534 2866 677 2904 seminas,
691 2874 727 2898 ut
738 2867 831 2898 docet

90 2910 258 2947 Horatius,
289 2920 374 2952 aegre
404 2909 543 2952 (corrige
571 2921 669 2951 agere.
727 2909 831 2941 Locus

90 2953 126 2985 in
147 2955 218 2986 Art.
243 2954 334 2985 Poet.
360 2954 430 2986 176.
455 2953 583 2985 videtur
603 2953 752 2995 spectari.
776 2952 830 2993 Z.)

90 2996 251 3030 eonvenit-
289 2997 417 3029 E.—1n
439 2997 551 3029 Bemb.
574 3003 624 3029 est
637 2998 781 3035 convenit,
796 2996 831 3028 in

875 1570 1036 1612 plerisque
1063 1570 1181 1602 Faemi
1203 1574 1364 1613 oongnie,-
1396 1571 1431 1604 in
1459 1573 1558 1605 Bazil.
1584 1579 1619 1606 et

875 1613 1023 1645 omnibus
1046 1614 1174 1652 nostris,
1197 1622 1315 1657 praeter
1337 1623 1412 1654 tres,
1434 1622 1523 1648 recte
1545 1628 1616 1649 eon-

871 1662 972 1697 graec.
1005 1658 1042 1688 B.

920 1701 968 1731 15.
996 1702 1072 1732 Illas
1096 1711 1114 1731 r

875 1743 1083 1775 D.—Praeter
1110 1700 1617 1788 mgeJUAEssgxtnlggdgffffi

874 1786 1018 1818 Faernus
1044 1794 1076 1818 et
1101 1787 1356 1830 Lindenbrogius
1377 1796 1616 1830 expresserunt,

873 1840 984 1861 omnes
1007 1830 1123 1862 Faerni
1146 1838 1179 1862 et
1200 1831 1300 1862 nostri
1322 1831 1396 1863 libri
1417 1832 1536 1864 habent
1556 1835 1618 1865 Ubi

873 1875 928 1914 e'go
954 1875 1024 1904 illas
1046 1885 1125 1905 nunc
1138 1886 1150 1910 ,·
1181 1882 1278 1911 recte,
1305 1873 1479 1907 dummodo
1502 1886 1616 1909 verm·

874 1916 978 1957 gratia
992 1917 1090 1948 addas
1104 1919 1174 1948 ϊοπι.
1207 1917 1245 1948 Β.

921 1961 947 1990 l.
973 1959 1055 1994 Quid
1068 1972 1156 2002 agam
1169 1959 1204 2001 Ρ]
1230 1960 1270 1991 In
1291 1960 1352 1992 hae
1373 1971 1469 1992 scena
1483 1968 1534 1993 est
1554 1962 1616 1994 So-

876 2003 1008 2044 phrona,
1023 2013 1094 2044 quae
1108 2013 1248 2034 errorem
1268 2003 1371 2035 solum
1392 2004 1518 2047 patiens
1533 2005 1616 2047 (qu

875 2057 912 2077 et
926 2058 1041 2078 rumore
1062 2048 1122 2077 solo
1143 2049 1269 2078 audiens
1291 2046 1355 2088 Ζ.),
1378 2047 1463 2088 quod
1484 2048 1613 2081 excludi

873 2089 990 2120 babeat
1004 2091 1127 2128 (debeat
1147 2090 1202 2129 Z.)
1217 2100 1235 2120 a
1251 2090 1373 2132 nuptiis
1392 2090 1510 2132 puella,
1525 2102 1614 2133 que-

873 2133 917 2164 rit
931 2132 1095 2164 auxilium.
1142 2133 1272 2164 Invenit
1293 2143 1403 2164 senem
1424 2141 1560 2176 patrem,
1579 2142 1615 2168 et

874 2184 991 2212 narrat,
1008 2176 1272 2216 quemadmodum
1287 2186 1340 2208 res
1360 2184 1459 2218 geste
1473 2178 1556 2215 sintz
1579 2185 1615 2211 et

873 2229 907 2250 se
923 2220 963 2250 ab
985 2220 1045 2251 hoc
1060 2219 1152 2256 facto,
1168 2219 1253 2260 quod
1274 2219 1381 2261 puella
1396 2220 1540 2262 nupserit
1556 2231 1615 2253 ex-

874 2262 993 2293 clusam
1017 2273 1075 2304 per
1091 2262 1246 2293 venialem
1261 2270 1379 2294 statum
1394 2263 1478 2304 quod
1493 2263 1613 2297 factum

875 2306 926 2342 sit,
944 2305 1134 2337 necessitate
1155 2306 1198 2337 sit
1212 2306 1329 2338 factum
1347 2307 1391 2346 (et
1403 2312 1519 2348 purgat
1532 2319 1565 2340 se
1577 2310 1616 2340 ob

874 2351 927 2380 hoe
939 2348 1069 2390 sactum,
1090 2351 1169 2390 quod
1186 2351 1288 2389 puella
1309 2351 1445 2390 nuptm-it
1465 2352 1614 2390 inducta,

870 2403 927 2432 per
947 2394 1090 2423 venitzlem
1112 2398 1222 2423 statum
1235 2404 1248 2427 ,·
1281 2404 1379 2433 qaum,
1402 2395 1481 2434 qnod
1492 2393 1614 2434 factm

872 2438 923 2472 sit,
939 2438 1114 2466 necessitate
1128 2437 1170 2466 sit
1180 2434 1310 2476 sactum.
1328 2435 1392 2476 Ζ.).
1430 2436 1615 2470 R—Hune

874 2486 907 2509 et
935 2489 1000 2519 seq.
1028 2478 1074 2510 sic
1099 2479 1243 2516 restitue,
1271 2478 1352 2513 Quid
1377 2483 1499 2520 agan?
1528 2492 1615 2522 qne-

873 2524 948 2553 ’1ιίἠί
962 2524 1088 2553 amicum
1109 2524 1219 2553 misera
1240 2524 1396 2559 intres-iem,
1412 2533 1469 2563 quo
1489 2525 1615 2556 mci&

873 2567 936 2596 haec
950 2564 1089 2605 reseram,
1103 2571 1194 2606 aeque
1213 2564 1219 2606 Ι
1244 2566 1330 2596 Unde
1342 2567 1384 2596 ni
1398 2567 1544 2598 auilz'aen
1555 2578 1611 2608 pe-

874 2613 935 2639 tam
947 2611 963 2639 ?
986 2608 1090 2640 deleto
1112 2608 1212 2650 priori
1233 2613 1297 2645 aut,
1314 2615 1347 2639 et
1367 2607 1469 2640 altero
1490 2616 1614 2642 mutato

871 2651 907 2682 in
923 2657 1014 2692 alque
1025 2652 1065 2683 ob
1079 2651 1235 2682 rationem
1249 2661 1370 2682 sensus.
1411 2653 1477 2686 Quo
1490 2663 1549 2695 pro
1562 2655 1614 2686 eui

872 2694 969 2725 habet
990 2695 1101 2726 Bemb.
1138 2694 1226 2725 Ordo
1240 2696 1350 2726 ninere
1362 2696 1511 2727 mia-
1524 2702 1615 2730 ant

873 2737 907 2768 in
923 2737 1041 2769 nostris
1055 2737 1213 2769 omnibus.
1246 2737 1284 2768 B.

916 2782 945 2811 3.
971 2782 1052 2812 Nan
1077 2791 1188 2817 vereor,
1215 2782 1289 2812 hera
1311 2780 1367 2822 ne]
1394 2781 1613 2816 Vehementer

872 2823 1073 2866 pertimesco,
1089 2834 1131 2855 ne
1147 2823 1338 2855 Philumena
1357 2831 1492 2874 Propter
1504 2835 1612 2859 meum

872 2866 1041 2898 eonsilium
1066 2866 1157 2908 gravi
1182 2866 1339 2898 afficiatur
1363 2867 1490 2910 injuria.
1527 2869 1613 2902 E.-

874 2909 938 2941 Pro
965 2911 1100 2951 indigna,
1124 2909 1210 2951 quod
1239 2910 1383 2943 Faernus
1403 2921 1423 2944 e
1444 2911 1556 2945 Bemb.
1578 2920 1614 2945 et

873 2952 946 2985 aliis
971 2952 1081 2991 edidit,
1111 2953 1211 2985 nostri
1241 2963 1353 2986 omna
1380 2960 1468 2988 recte
1492 2955 1614 2990 hahent

873 2998 997 3038 indigne
1006 3009 1019 3029 .-
1039 3003 1077 3028 nt
1092 2996 1212 3030 Haut.
1226 2996 1274 3030 iii.
1289 2997 1321 3030 ὃ.
1336 2998 1368 3030 4.
1397 2998 1437 3031 Β.
