1852 3216
129 178 270 206 semu
290 163 358 219 11.]

686 161 1105 205 EUNUCHUS.

1584 166 1660 207 141

129 261 171 289 40
188 253 291 294 Abii
310 252 423 294 huc:
454 252 528 307 qui
547 250 649 293 mihi
669 250 840 306 reliquit
859 250 969 301 haec,
989 266 1088 306 quae
1108 251 1264 303 habeo,
1282 253 1436 294 omnia.

186 316 301 358 PAR.
338 315 582 371 Utrumque
615 315 699 358 hoc
730 314 886 357 falsum
915 323 1006 358 est:
1051 315 1213 359 effluet.
1278 316 1320 359 T
1324 331 1371 358 u.
1406 316 1497 364 Qui
1529 317 1667 360 istuc?

271 380 386 423 PAR.
409 381 527 428 Quia

184 444 343 501 Neque
365 453 414 487 tu
433 461 519 488 uno
540 461 634 488 eras
655 454 872 497 contenta,
893 461 1035 501 neque
1057 445 1175 488 solus
1193 446 1329 489 dedit.

184 511 301 553 Nam
320 511 390 553 hic
410 527 584 567 quoque
604 513 761 554 bonam
780 527 1064 568 magnamque
1086 520 1254 567 partem
1273 513 1331 555 ad
1352 520 1396 554 te
1416 511 1574 554 attulit.

185 576 277 618 ΤΗ.
300 576 445 618 Ita’st:
478 577 555 619 sed
577 578 667 619 sine
687 591 755 619 me
775 578 1017 632 pervenire,
1038 592 1126 632 quo
1145 576 1256 619 volo.

127 651 169 680 45
187 642 359 685 Interea
379 642 514 693 miles,
535 644 610 698 qui
629 658 696 685 me
715 657 857 685 amare
878 651 1122 698 occeperat,

186 707 238 749 In
259 707 431 749 Cariam
451 716 517 749 est
538 707 783 763 profectus:
815 715 859 750 te
879 709 1045 750 interea
1062 707 1146 750 loci

185 772 378 827 Cognovi
398 780 490 814 tute
512 773 610 823 scis,
632 781 733 828 post
751 772 823 814 illa
842 788 971 828 quam
989 774 1199 815 intumum

186 837 384 879 Habeam
405 844 463 887 te,
484 845 529 879 et
548 852 642 878 mea
662 837 839 879 consilia
858 845 907 879 ut
926 839 1004 880 tibi
1024 838 1199 880 credam
1218 838 1373 879 omnia.

185 902 271 943 Pu.
281 901 353 943 Ne
361 901 444 943 hoc
455 902 630 956 quidem
642 902 803 943 tacebit
816 901 1043 944 Parmeno.
1085 902 1201 944 PAR.
1214 902 1257 943 Ο
1270 902 1506 944 dubiumne
1518 902 1563 944 id
1575 904 1670 945 est?

127 976 168 1006 50
185 967 276 1009 ΤΗ.
300 967 400 1008 Hoc
419 967 548 1021 agite,
570 967 746 1008 amabo:
779 974 916 1008 mater
935 982 1030 1008 mea
1050 967 1134 1009 illic
1152 967 1377 1009 mortua’st

169 1052 220 1080 40.
245 1052 320 1081 Abii
334 1049 407 1090 hac]
431 1049 548 1081 Rhodo
570 1049 718 1081 Athenas
740 1049 873 1080 scilicet.

130 1095 190 1126 Qun·
212 1095 285 1123 nilus·
306 1095 431 1133 reliquit
452 1095 525 1129 haec,
541 1104 608 1134 quae
630 1095 733 1129 habeo,
756 1092 873 1133 mia]

128 1136 201 1166 Hoc
223 1135 307 1172 ideo,
326 1145 368 1166 ne
383 1135 574 1166 tantundem
596 1135 695 1176 obseq

126 1178 284 1209 Phaedria.
325 1178 405 1209 Ideo
419 1186 533 1209 contra
549 1178 718 1209 Parmeno.
751 1178 793 1209 D.

169 1222 220 1251 41.
258 1223 425 1262 Utrunque
447 1220 634 1261 hot-salsum
657 1227 726 1252 est.-
758 1220 872 1262 ψη]

127 1265 205 1305 lpse
219 1264 356 1305 exponit
375 1266 429 1295 1·oe
444 1270 603 1304 amu-que
617 1264 695 1304 quid
710 1264 797 1295 dieat
810 1276 818 1300 ;
841 1271 875 1295 et

125 1307 411 1338 contradicendum
427 1314 485 1343 est,
502 1307 577 1347 quia
591 1317 736 1348 praesens
750 1314 875 1338 amator

125 1356 279 1390 gravatur
295 1350 355 1380 hoc
370 1349 467 1380 dicto.
500 1350 541 1380 D.

169 1394 221 1422 42.
246 1394 353 1432 Neque
369 1398 401 1422 tu
417 1404 475 1423 ano
488 1403 558 1423 eras
569 1389 728 1432 contenta]
743 1391 875 1433 Quippe

127 1445 199 1475 quie
213 1434 383 1466 admiseris
403 1434 552 1465 militem.
597 1436 704 1474 Neque
725 1436 806 1465 solas
819 1436 872 1465 de-

125 1476 190 1518 dit]
200 1478 331 1518 Quippe
340 1477 415 1518 quia
425 1487 489 1508 non
499 1476 610 1508 omnia
618 1484 673 1508 tua
686 1477 774 1508 illius
785 1477 875 1508 fuere

126 1520 246 1551 mortui
263 1520 340 1561 (leg.
357 1520 444 1551 baud
458 1519 565 1555 dubie,
582 1522 699 1550 militis.
716 1520 782 1557 Ζ.).
815 1520 857 1550 D.

170 1564 220 1593 43.
254 1564 335 1594 Nan
359 1565 409 1593 Ιιίι·
431 1562 563 1603 quoque]
587 1564 776 1593 Δεικηκὸςε
808 1572 875 1593 non

128 1605 286 1641 Phaedria,
301 1605 359 1636 sed
380 1607 429 1636 hie
450 1605 543 1642 dixit,
659 1615 698 1635 ns
719 1604 821 1642 illum,
840 1611 874 1635 et

125 1648 215 1688 quasi
231 1647 335 1678 invito
356 1647 414 1678 illo
435 1648 496 1679 boc
513 1648 600 1688 (haic
616 1647 672 1686 Z.)
689 1648 872 1688 exprobrat.

126 1692 243 1721 Bonan
482 1696 602 1731 purten
627 1692 670 1721 ad
693 1696 722 1721 le
745 1689 871 1730 attulit]

128 1734 210 1764 Haec
231 1733 385 1764 dicuntur
406 1734 670 1772 ισοδυναῃωῦνναε
694 1739 740 1770 ut,
767 1735 823 1764 ab:
845 1739 875 1764 te

123 1782 227 1816 petere
235 1782 267 1807 et
276 1787 408 1816 parcere.
442 1777 496 1807 An
510 1776 620 1817 potius
634 1778 739 1806 bonam
753 1776 873 1817 specie,

126 1830 266 1859 awgm-
291 1819 494 1859 quantitate!
525 1825 560 1849 et
587 1829 674 1849 nunc
699 1818 874 1849 discretive

125 1862 248 1892 dictum
264 1868 332 1892 est:
356 1871 431 1892 nam
446 1861 527 1892 alias
549 1863 654 1892 bonan
675 1871 736 1902 pro
757 1871 876 1902 magna

125 1911 159 1935 et
175 1904 277 1935 multa
291 1904 476 1945 accipimus.
510 1905 552 1935 D.

169 1949 220 1977 44.
245 1949 298 1978 Ita
312 1946 376 1987 ese]
394 1948 471 1978 Non
486 1953 556 1978 erat
578 1946 772 1987 negandum,
787 1946 875 1986 quod

124 1989 209 2020 dixit
232 1990 391 2020 Parmeno
414 1989 577 2021 meretrici
603 1989 788 2020 satisfacere
814 1999 871 2019 cu-

126 2032 241 2073 pienti,
257 2039 291 2063 et
308 2043 374 2063 non
397 2032 517 2063 tacenti
539 2032 668 2073 culpam
690 2031 726 2062 in
747 2031 873 2062 consci—

124 2075 215 2106 entia
224 2086 305 2106 esse.
339 2075 605 2106 D.——Contendit
618 2074 734 2105 mulier
744 2074 786 2105 ad
798 2084 873 2105 nar·

125 2118 295 2155 rationem,
306 2118 438 2149 rediens
450 2117 538 2154 dicit,
548 2118 728 2159 profectum
738 2117 874 2147 militem

125 2169 302 2192 amatorem
314 2160 528 2192 adolescentis
542 2160 699 2191 Phaedriae
714 2159 873 2196 notitiam,

126 2204 184 2235 aed
196 2204 282 2235 bunc
300 2204 407 2243 (forte,
419 2205 462 2234 ad
471 2215 503 2234 se
518 2215 605 2234 nm.
638 2203 689 2234 W.
727 2204 775 2233 At
789 2202 875 2234 baud

126 2246 224 2278 dubie
235 2247 325 2278 locus
340 2246 560 2278 restituendus
572 2252 622 2277 est
637 2245 700 2276 ita:
720 2251 790 2285 post
802 2256 874 2285 pro-

117 2288 236 2329 secu-
262 2291 398 2326 militen,
422 2295 596 2325 omme-a,
620 2291 653 2319 in
676 2290 875 2319 adolescentis

129 2331 282 2363 Pkaedriae
293 2335 431 2363 notitiam
442 2343 474 2363 se
484 2333 600 2363 denum
610 2333 791 2371 per-venisse.
818 2331 873 2370 Z.)

127 2374 323 2415 pervenisse.
365 2375 440 2410 Qua
460 2374 496 2405 in
517 2384 553 2405 re
574 2373 780 2405 commendat
801 2373 872 2404 ani-

127 2426 227 2454 mum,
242 2428 317 2448 eum
331 2417 429 2448 dicit:
453 2423 519 2448 tute
539 2419 610 2454 scis,
628 2422 699 2456 poet
713 2418 770 2447 illa
784 2426 874 2457 qaam

128 2461 267 2490 wine-u
280 2462 406 2491 haben
421 2466 472 2495 te,-
494 2465 525 2491 et
539 2471 605 2490 nea
619 2461 746 2490 consilia
760 2465 795 2489 a!
817 2461 876 2489 tibi

128 2503 249 2532 creden
269 2505 377 2534 οιηιίο.
425 2502 537 2544 Pergit
557 2502 658 2543 igitur
679 2501 875 2533 narrationis

129 2551 239 2585 partes
257 2545 425 2576 universas
446 2545 618 2586 complere,
634 2545 730 2585 quod,
748 2551 875 2575 mortua

130 2594 244 2623 matre,
273 2587 374 2618 frater
406 2594 553 2618 materna
588 2588 674 2619 bona
709 2587 874 2624 invaserit,

130 2628 291 2669 virg-inem
305 2630 561 2668 venumdederit,
583 2637 618 2661 et
717 2630 818 2661 ‘osam
841 2637 876 2660 et

130 2671 269 2713 peritam
278 2671 368 2709 artis,
377 2673 463 2713 quod
474 2673 593 2704 fidibus
603 2673 710 2704 sciret.
746 2672 876 2704 Deinde

130 2714 216 2755 quod
231 2724 304 2745 eam
319 2714 375 2745 ine
395 2721 520 2746 amator
534 2725 613 2746 suus
633 2715 751 2746 emerit
771 2715 875 2753 milen,

131 2757 218 2798 quod
234 2756 368 2794 venerit,
382 2764 418 2788 et
431 2757 599 2794 irmtur,
613 2758 699 2798 quod
720 2758 876 2789 meretrix

130 2799 268 2841 coeperit
278 2799 378 2830 alium
391 2806 566 2830 amatorem
578 2799 706 2831 babere.
747 2800 812 2832 uic
823 2801 876 2831 in-

134 2842 343 2883 telligendum
362 2841 480 2873 acriter
493 2841 575 2873 illud
596 2848 656 2878 est,
672 2842 759 2883 quod
779 2852 879 2884 supra

133 2885 218 2916 dixit
242 2884 344 2922 miles,
368 2891 400 2915 te
423 2891 599 2916 amatorem
624 2885 732 2925 (forte,
754 2887 879 2917 militen

133 2928 322 2966 flueren).
353 2927 392 2958 E.

177 2972 229 3001 46.
267 2972 308 3001 Te
335 2973 451 3001 interea
479 2973 535 3002 1οεί
565 2969 703 3011 cognovi]
729 2970 879 3002 oratorie

695 1135 741 1166 nii
765 1135 875 1177 exigat
917 1145 1000 1176 cogn

917 1188 993 1209 cum
1019 1177 1116 1209 militi
1140 1177 1291 1208 Phaedria
1317 1177 1428 1208 rivalis
1454 1177 1670 1219 superductus
1720 1186 1735 1192 r

917 1049 1062 1091 priorem
1086 1056 1263 1081 amatorem
1292 1049 1371 1080 facit
1399 1049 1547 1086 militem,
1572 1059 1670 1090 quam

919 1092 1111 1123 Phaedriam.
1166 1093 1252 1123 Nam
1281 1092 1443 1133 posterius
1470 1091 1551 1122 dicit
1582 1092 1671 1123 hunc

1002 1135 1084 1166 itum
1110 1145 1171 1177 per
1197 1135 1377 1166 absentiam
1406 1134 1530 1166 militis.
1580 1134 1670 1175 Ergo

917 1219 1669 1305 ffieggffl‘iffffsssafzffissiztgssffzzssffi

917 1313 1098 1347 peecatum,
1119 1306 1147 1336 si
1170 1306 1284 1336 ordine
1305 1313 1436 1337 servato
1458 1305 1552 1336 milae
1574 1313 1666 1336 ante·

918 1349 1045 1391 positus
1054 1349 1151 1379 fuerit
1161 1348 1297 1379 amatori
1304 1350 1510 1390 postmodum
1521 1347 1668 1388 cognito;

918 1399 951 1422 et
973 1392 1034 1422 hoc
1056 1391 1128 1422 sine
1149 1391 1259 1432 puella
1281 1391 1421 1431 (puelle,
1446 1390 1512 1421 Ms.
1538 1390 1612 1430 IL),
1635 1397 1670 1421 et

917 1444 1090 1465 munerum
1104 1444 1211 1471 causa,
1228 1433 1365 1464 multum
1381 1443 1442 1475 pro
1463 1433 1568 1464 milite
1588 1443 1667 1464 eon-

918 1483 969 1507 tra
992 1476 1174 1507 Phaedriam
1196 1476 1293 1507 valet.
1334 1476 1400 1507 Sed
1423 1475 1497 1507 vide
1518 1476 1668 1507 meretri-

917 1529 1000 1555 cem,
1016 1519 1092 1560 quia
1105 1529 1174 1549 rem
1190 1519 1284 1556 dixit,
1299 1525 1519 1560 perurente-m,
1534 1526 1614 1559 quot
1634 1525 1670 1549 et

918 1561 1025 1602 qualia
1042 1561 1263 1592 blandimenta
1282 1561 1423 1602 subjicit,
1439 1561 1587 1598 dicendo,
1603 1566 1669 1592 tute

915 1607 1066 1678 :sstff‘
1083 1606 1145 1677 {3¹⁶
1159 1605 1669 1687 ἝΈΣῆΞὶἴ-Ἐᾞήῗὸξ

916 1690 991 1721 ideo
1013 1689 1107 1721 miles
1130 1689 1271 1730 pueilam
1295 1695 1388 1720 tanto
1411 1689 1517 1731 pretio
1541 1689 1667 1727 emerit,

917 1733 1003 1773 quod
1018 1733 1117 1764 sciret
1131 1742 1167 1763 se
1182 1739 1309 1763 tantum
1325 1732 1427 1763 amari
1442 1742 1460 1762 a
1475 1732 1666 1767 meretrice3

916 1776 1039 1817 quippe
1054 1786 1129 1806 cum
1145 1785 1215 1806 eam
1232 1775 1279 1806 sic
1301 1774 1496 1815 reliquisset,
1512 1785 1586 1805 cum
1608 1775 1667 1805 ad-

916 1819 981 1849 huc
1010 1818 1145 1849 haberet
1178 1817 1303 1848 nullum
1340 1824 1528 1848 amatorem.
1577 1817 1669 1858 Ergo

917 1868 1153 1901 consequenter
1174 1860 1271 1890 hodie
1293 1860 1389 1891 irasci
1411 1859 1515 1896 miles,
1536 1865 1666 1900 postea-

916 1913 1014 1943 quam
1030 1902 1157 1933 invenit
1171 1902 1375 1933 meretricem
1397 1912 1471 1934 cnm
1493 1902 1555 1933 hoc
1576 1912 1667 1933 ama-

918 1953 997 1977 tore.
1037 1946 1111 1976 Hoc
1141 1955 1219 1986 ergo
1240 1945 1408 1986 adjungit:
1430 1947 1528 1986 fingit
1547 1956 1668 1982 aaran,

917 1999 954 2019 ne
964 1991 1027 2025 det,
1038 1990 1150 2019 redula
1189 1988 1234 2018 Et
1244 1988 1305 2018 hoc
1317 1994 1498 2029 temperate
1511 1988 1667 2025 ostendit,

917 2031 978 2061 hoc
1003 2030 1140 2061 militem
1163 2030 1256 2068 velle,
1282 2037 1319 2061 ut
1341 2037 1551 2071 praeponatur
1570 2030 1667 2061 alteri

917 2073 1065 2104 amatori.
1122 2073 1231 2108 Quare
1268 2080 1453 2115 acceptasse
1493 2072 1669 2115 pollicetur

917 2127 1047 2153 munus,
1070 2116 1167 2147 miles
1189 2115 1275 2156 quod
1298 2122 1542 2157 comparaverat
1563 2115 1666 2147 dona-

918 2165 1011 2190 turus
1024 2159 1106 2199 (Ms.
1118 2158 1201 2189 alter
1212 2158 1360 2189 lacunam
1371 2158 1519 2199 agnoscit
1533 2157 1667 2196 nussam,

918 2202 1019 2233 alter:
1053 2204 1154 2235 Quare
1177 2203 1355 2232 concessisse
1373 2202 1538 2240 pollicetar
1560 2211 1670 2232 nante

918 2247 1013 2282 miles,
1036 2246 1116 2285 quod
1136 2249 1363 2284 conanoeverat
1382 2242 1590 2282 donnum).
1626 2244 1666 2274 E.

916 2289 1085 2318 -Inlerea
1100 2289 1158 2317 loci
1172 2286 1312 2327 cog-novi]
1326 2285 1451 2317 Charis.
1467 2285 1523 2316 lib.
1539 2285 1574 2316 ii.
1605 2286 1644 2317 1..

960 2330 1013 2362 47.
1053 2328 1201 2370 Cognovi]
1231 2329 1366 2371 Proprie
1403 2330 1534 2368 cognovi.
1590 2330 1669 2360 Tute

916 2375 1058 2413 scispm
1072 2374 1138 2408 illa,
1154 2371 1230 2413 eux]
1245 2371 1424 2408 Ἔπηλοκὴ
1445 2371 1567 2412 figura:
1590 2381 1668 2403 mn

917 2416 978 2446 hoc
994 2415 1036 2446 ad
1051 2415 1269 2446 narrationem
1285 2424 1350 2445 non
1365 2414 1518 2455 pertinet.
1549 2413 1593 2444 D.

961 2459 1014 2489 48.
1037 2460 1081 2489 Ec
1096 2469 1162 2488 nea
1175 2459 1303 2488 consilia
1324 2462 1359 2487 nt
1381 2458 1439 2487 tibi
1460 2457 1582 2486 creda-
1601 2467 1666 2488 ⁸·-

917 2500 988 2542 m'a]
1009 2501 1062 2532 Ex
1082 2500 1236 2542 praesenti
1258 2506 1333 2530 actu
1355 2499 1472 2530 sumsit
1492 2508 1667 2540 argumen-

919 2550 1000 2581 tum,
1016 2544 1102 2584 quod
1120 2553 1195 2574 eum
1218 2553 1305 2573 nunc
1327 2549 1480 2582 tanquam
1501 2541 1668 2573 consulto-

917 2597 987 2617 rem
1003 2586 1196 2617 adhibuerit.
1247 2585 1292 2616 Et
1308 2586 1390 2615 bene
1405 2585 1536 2622 credas,
1549 2594 1669 2616 secm-

917 2629 995 2660 dum
1007 2629 1099 2665 illud,
1112 2629 1207 2668 potin'
1225 2633 1271 2659 ese
1284 2629 1334 2658 hic
1349 2630 1475 2658 tacere?
1507 2627 1550 2658 D.

961 2673 1014 2703 49.
1038 2673 1087 2702 Ne
1102 2673 1156 2702 hoc
1169 2669 1306 2711 quiden]
1325 2669 1365 2700 Id
1380 2676 1441 2707 est,
1456 2669 1518 2701 hoc
1539 2679 1669 2711 quoqne

918 2714 1035 2746 salsum
1057 2720 1116 2745 est.
1159 2715 1331 2744 Dubium
1352 2714 1388 2743 id
1406 2711 1496 2754 esu]
1519 2712 1580 2743 He
1600 2722 1668 2744 non

919 2757 1092 2788 taciturum
1104 2755 1237 2787 scilicet.
1269 2754 1461 2786 D.—Metri
1473 2764 1573 2786 ear-
1585 2755 1668 2786 mihi

921 2800 1028 2842 placet
1042 2798 1193 2830 Vaticani
1215 2797 1324 2835 lectio,
1345 2799 1453 2839 Neque
1476 2799 1533 2828 11oe
1553 2799 1668 2836 tacebit

921 2844 1078 2874 Pam-eno.
1111 2841 1149 2871 B.

965 2887 1017 2915 50.
1056 2885 1124 2915 Hoc
1152 2882 1254 2924 agite]
1284 2882 1351 2915 Pro
1378 2882 1532 2914 adverbio
1565 2882 1666 2914 corri-

921 2927 1043 2969 pientis
1055 2932 1105 2958 est
1117 2925 1258 2967 positum
1267 2937 1277 2956 ι
1300 2932 1359 2957 aut
1371 2932 1460 2957 certe
1474 2936 1535 2967 pro
1549 2926 1667 2956 adhor—

922 2970 1044 3001 tatione
1066 2968 1240 3000 audientia
1261 2968 1452 3010 praebendae.
1493 2968 1548 3000 Sic
1571 2968 1668 3000 Plau·
