1910 3216
426 81 609 118 INDEX
640 80 964 118 VERBORUM
996 80 1066 117 ΕΤ
1095 81 1418 120 PHRASIUM.

59 172 94 194 re
130 162 299 203 experiere
332 164 515 203 propediem.
563 162 610 194 A-

59 205 165 247 delph.
183 215 213 236 v.
230 206 260 242 5,
277 205 306 238 7.

91 247 319 287 propemodum]
329 249 546 285 Propemodum
552 246 610 279 ha-

58 291 118 321 heo
135 292 204 330 J'am
224 290 331 321 fidem.
370 290 456 322 And.
473 290 518 321 iii.
535 292 566 328 4,
580 291 610 322 6.

59 333 117 364 Me
139 335 209 383 eJue
231 343 326 374 spero
347 333 479 364 fratrem
500 342 609 371 prope-

57 377 198 406 modum*
186 386 253 416 Jam
270 375 461 418 repperisse.
488 375 573 407 Eun.
589 375 610 407 i.

58 419 179 455 2,123.
225 419 363 459 Egomet
384 418 487 450 habeo
501 427 609 457 prope·

58 505 89 541 5,
115 505 166 534 20.
211 504 334 535 Curare
358 504 478 540 ambos,
501 513 611 542 prope-
645 510 678 535 te
697 508 887 544 prospectum
902 505 976 535 est?

58 548 175 577 modum
219 557 254 577 re

58 598 153 629 quem
170 589 298 620 dedisti.
324 589 462 631 Adelph.
479 589 501 620 i.
515 590 544 627 2,
559 590 609 620 51.

58 631 255 711 Αέἔῗρέῗεέ,
282 634 341 705 1¹5'.r
342 641 611 708 ‘'Pissadigsseiffc

58 717 99 748 ad
119 727 176 748 vos
196 726 333 755 propere.
370 717 490 748 Heaut.
515 717 557 748 iv.
580 718 611 754 4,
644 719 828 755 prospiciam
842 716 932 748 mihi.
951 717 1092 759 Adelph.
1109 717 1152 748 iv.

59 761 110 790 22.
142 759 276 797 Propere
290 759 509 802 praecucurrit.
527 760 611 791 Hec.

57 802 103 833 iii.
120 803 151 839 3,
170 803 219 833 ll.

99 844 246 886 propero]
262 844 427 876 Continuo
440 845 480 876 ad
493 850 524 875 te
538 854 611 883 pro-

56 896 169 925 peram
209 897 364 929 percurro
407 887 448 918 ad
494 887 609 919 forum.

58 930 144 961 And.
172 929 205 961 ii.
235 931 265 967 2,
296 931 344 961 18.
389 930 495 961 Tanto
523 930 612 961 ocius

55 982 258 1010 properemus.
304 973 389 1004 Eun.
420 972 466 1004 iii.
496 974 526 1010 5,
559 973 609 1003 61.

58 1015 126 1046 Hic
147 1021 293 1053 properat
313 1015 348 1046 in
371 1016 525 1057 Cyprum.
564 1015 610 1046 A·

57 1058 164 1099 delph.
194 1058 227 1089 ii.
258 1060 289 1095 4,
324 1059 373 1090 14.
434 1057 612 1088 Hominem

55 1110 185 1139 propero
193 1100 349 1132 invenire.
361 1101 491 1132 Phorm.
503 1110 532 1131 v.
542 1101 571 1138 6,
580 1101 609 1130 5.

99 1143 244 1184 propino]
264 1144 362 1174 Hunc
377 1143 611 1175 comedendum

57 1192 90 1217 et
121 1186 315 1218 ebibendum
349 1186 441 1218 vobis
474 1188 611 1224 propino.

58 1229 144 1260 Eun.
162 1239 191 1260 v.
211 1230 240 1266 8,
258 1230 309 1262 57.

257 557 388 588 poscere
433 546 525 578 illum
562 553 612 578 eat
648 547 676 584 1,
693 547 744 577 25.

684 161 844 203 proepere]
862 162 1011 194 Evenere
1022 162 1091 194 haec
1103 161 1197 194 nobis

643 213 795 245 proepere.
820 205 950 236 Phorm.
973 215 1004 237 v.
1021 205 1052 243 7,
1069 206 1098 237 2.

683 247 852 300 prospicio]
870 247 961 279 Malo
976 258 1036 289 ego
1051 258 1110 279 nos
1124 257 1195 286 pro-

643 293 768 328 spicere,
784 300 880 331 quam
902 290 989 322 hunc
1011 290 1123 322 ulcisci
1143 301 1196 322 ac-

645 332 1075 415 ἕξιιρὶᾞρυὲἲκηιξῗιῒῦίἱέ
1073 334 1198 408 ιιῗιεὲἒιι

1737 89 1782 120 85

1231 161 1429 206 Pamphilus.
1452 163 1538 195 And.
1552 173 1582 195 v.
1597 164 1626 201 5,
1640 164 1668 195 l.
1706 164 1783 196 Huc

1227 209 1354 246 proviso.
1384 206 1473 238 Eun.
1497 205 1543 237 iii.
1573 207 1600 243 1,
1627 208 1657 237 4.
1711 207 1784 248 Ego

1229 249 1293 281 huc
1308 249 1350 281 ad
1368 259 1427 281 vos
1444 251 1572 289 proviso.
1597 249 1735 291 Adelph.
1752 260 1782 282 v.

1230 292 1307 330 6,1.
1330 291 1405 324 vide
1421 292 1535 323 Notas.

1269 334 1411 376 provoco]
1435 334 1637 384 Pamphilam
1652 342 1785 367 cantum

1228 386 1428 416 provocemus.
1474 377 1560 408 Eun.
1591 377 1637 409 iii.
1673 378 1699 415 1,
1731 379 1783 409 53.

645 425 704 467 est,
728 418 865 450 desertae
887 418 1036 450 vivimus.
1076 419 1196 450 Heaut-
1212 407 1215 429 ¹
1231 420 1305 451 vide
1339 420 1453 452 Notas.
1521 420 1598 452 Huc
1630 425 1783 460 provocat.

57 462 175 492 modum
197 471 292 502 quarn
316 461 398 492 volo.
437 461 556 493 Heaut.
580 471 609 492 v.
645 460 679 492 ii.
695 462 794 498 4,11.
828 461 935 497 Quam
951 462 1034 492 bene
1050 471 1126 493 vero
1141 461 1198 493 aba
1232 462 1371 504 Adelph.
1389 473 1418 494 v.
1435 464 1466 500 4,
1484 464 1535 494 24.

1017 504 1162 535 Heaut'
1153 514 1195 535 ιν.

1273 505 1425 546 prouolue]
1450 505 1522 547 Ego
1545 505 1632 537 hunc
1655 505 1690 536 in
1713 515 1783 536 me·

789 546 863 578 Tibi
883 549 1026 585 proepexi
1042 553 1075 578 et
1090 546 1196 578 stulti·
1232 547 1318 579 diam
1356 548 1441 580 viam
1478 551 1657 589 provolvant.
1696 548 1784 580 And.

645 588 699 620 tiae
720 595 793 620 tuae.
818 589 940 620 Heaut.
964 600 993 620 v.
1013 591 1042 626 2,
1060 591 1089 621 8.
1137 589 1198 621 Illa
1231 590 1272 622 iv.
1290 592 1320 628 4,
1337 592 1389 622 38.

645 641 716 672 quae
731 631 840 663 futura
851 638 927 663 sunt
939 634 1121 670 prospicere.
1129 633 1197 715 jetu-

645 674 753 715 delpb.
784 674 830 705 iii.
863 675 893 711 3,
924 676 974 706 34.
1031 674 1104 715 Ego

647 761 698 790 50.
751 759 917 800 Numquid
948 766 1018 791 tute
1042 762 1198 800 prospexti

647 802 727 833 tibi?
766 801 906 844 Adelph.
923 802 964 833 iv.
982 804 1012 839 5,
1030 804 1080 834 55.
1126 803 1195 834 Ad-

646 854 744 882 eram,
764 846 856 885 cujus
877 844 1013 876 consilio
1034 845 1138 877 fuerat
1161 855 1198 876 ea

646 897 705 928 par
726 890 870 927 prospici.
907 888 989 919 Hec.
1016 888 1059 919 iv.
1090 889 1117 926 1,
1146 888 1197 919 46.

646 929 722 961 Nisi
744 939 796 961 me
813 929 941 961 animus
956 930 1047 968 fauit,
1063 937 1120 961 aut

645 982 716 1003 rum
731 974 923 1010 prospiciunt
937 972 1032 1004 oculi.
1068 973 1197 1005 Phorm.

646 1025 676 1046 v.
695 1016 722 1052 1,
740 1016 769 1046 8.

684 1056 859 1098 prosterno]
890 1058 1024 1089 Ceteros
1059 1068 1198 1094 ruerem,

646 1110 785 1141 agerem,
798 1110 957 1142 raperem,
971 1100 1150 1137 funderem,
1167 1107 1200 1131 et

642 1148 871 1183 prosternerem.
889 1143 1029 1184 Adelph.
1041 1143 1087 1174 iii.
1099 1145 1128 1180 2,
1139 1144 1189 1174 21.

686 1185 832 1226 prosum]
870 1185 996 1227 Capitis
1040 1186 1198 1228 periclum

646 1228 746 1266 adire,
768 1228 845 1260 dum
868 1231 981 1268 prosim
1004 1228 1074 1260 tibi.
1109 1229 1195 1260 And.

99 1270 438 1312 propinquue]Exmeo
445 1273 613 1311 propinquo
646 1270 688 1302 iv.
708 1271 735 1307 1,
753 1272 804 1302 53.
850 1271 976 1306 Quibus
998 1276 1031 1301 et
1053 1281 1088 1302 re
1110 1271 1200 1302 salva

56 1323 132 1345 rure
148 1314 208 1345 hoc
223 1315 317 1355 capio
331 1313 501 1345 commodi.
526 1314 611 1345 Eun.

59 1368 87 1388 v.
102 1358 132 1394 5,
146 1358 172 1387 1.
207 1357 303 1392 Quod
318 1367 378 1398 ego
394 1357 428 1388 in
442 1358 613 1397 propinqua
646 1366 741 1397 saepe.
770 1356 855 1387 Eun.
871 1355 905 1386 ii.
923 1357 952 1393 2,
969 1355 1020 1388 27.

57 1406 149 1441 parte
165 1399 316 1431 amicitia?
330 1406 419 1441 puto.
452 1399 573 1430 Heaut.
590 1398 611 1429 i.

60 1444 88 1479 l,
98 1444 242 1526 p5ropior]
264 1485 352 1516 Dum
373 1484 462 1516 nulla
477 1483 541 1515 alia
554 1483 610 1515 de-

57 1527 198 1565 lectatio,
238 1538 310 1568 quae
355 1530 480 1565 propior
517 1532 610 1558 esset.

59 1570 177 1601 Heaut.
194 1581 223 1601 v.
249 1572 276 1608 1,
301 1572 352 1601 35.
400 1570 452 1601 Ita
473 1580 525 1601 me
543 1579 611 1600 ser-

58 1619 112 1644 vet
118 1613 258 1654 Jupiter,
270 1619 306 1644 ut
315 1615 440 1651 propior
448 1612 506 1649 illi,
516 1622 611 1653 quam

58 1666 118 1697 ego
134 1666 205 1687 sum
219 1666 256 1687 ac
276 1662 322 1693 tu,
345 1656 442 1686 homo
463 1657 610 1686 nemo'st.

58 1699 283 1782 Phargiti'ue}
297 1699 453 1772 {iientes
472 1742 610 1778 propitii.

58 1783 198 1825 Adelph.
215 1783 236 1814 i.
256 1785 283 1820 1,
301 1784 330 1814 6.
377 1783 478 1814 Satin’
496 1783 544 1814 iui
568 1783 612 1814 Di

647 1320 680 1344 et
694 1313 822 1354 perdita
836 1312 1011 1353 profueram
1026 1319 1060 1344 et
1078 1324 1198 1353 procum

1068 1356 1198 1394 Melius,

646 1400 748 1440 pejus,
763 1401 870 1436 prosit,
890 1398 983 1430 obsit.
1019 1398 1139 1430 Heaut.
1156 1398 1198 1430 iv.

650 1443 677 1478 1,
694 1442 745 1472 30.
791 1440 953 1481 Quicquid
977 1446 1026 1472 est
1047 1441 1092 1479 id,
1114 1441 1199 1481 quod

646 1483 787 1524 reliquit,
800 1484 927 1525 profuit.
947 1483 1028 1514 Hec.
1045 1483 1091 1514 iii.
1103 1485 1133 1521 5,
1150 1485 1198 1514 13.

1266 633 1446 674 proxumus]
1456 635 1624 665 Prwumue
1629 644 1700 665 sum
1708 643 1784 674 ego-

1232 682 1299 707 met
1320 676 1375 707 mi.
1400 676 1485 708 And.
1509 676 1552 708 iv.
1571 677 1599 713 1,
1626 677 1674 708 12.
1721 676 1786 708 His

1167 719 1197 755 2,
1232 718 1397 750 mensibus
1418 729 1477 750 sex
1498 725 1622 760 septem
1653 729 1786 760 prorsus

1232 771 1297 792 non
1314 761 1432 792 vidisse
1451 765 1615 802 proxumis.
1650 761 1734 792 Eun.
1750 761 1784 792 ii.

1233 804 1262 842 3,
1279 805 1331 835 41.
1363 804 1484 836 Eamus
1493 804 1535 835 ad
1544 814 1605 841 me,
1618 803 1784 844 ibiprooeu-

1232 848 1361 878 mum’st.
1399 847 1484 878 Eun.
1508 847 1554 878 iii.
1579 848 1609 884 5,
1632 847 1683 878 64.
1737 847 1787 878 Α-

1231 899 1325 930 grum
1342 889 1376 920 in
1393 900 1536 929 proxumo
1557 889 1610 921 hic
1626 895 1787 921 mercatus

1140 941 1199 972 pa·
1233 942 1276 963 es.
1302 932 1422 963 Heaut.
1446 932 1466 963 i.
1488 934 1514 969 1,
1533 933 1562 963 2.
1609 932 1675 963 Hic
1695 942 1788 963 meus

1233 974 1356 1005 amicus
1370 974 1418 1005 illi
1426 985 1546 1015 genere
1557 980 1608 1006 est
1615 983 1787 1012 proxumus.

1235 1016 1373 1058 Adelph.
1390 1017 1432 1048 iv.
1447 1019 1476 1054 5,
1497 1019 1545 1050 17.
1589 1017 1657 1048 Ηιε
1672 1024 1722 1048 est
1736 1017 1788 1048 his

1233 1066 1388 1100 cognatus
1401 1071 1572 1100 proxumus.
1598 1059 1737 1101 Adelph.
1754 1070 1785 1090 v.

1235 1103 1264 1138 8,
1277 1103 1328 1133 24.
1374 1102 1457 1133 Cum
1472 1101 1507 1133 in
1518 1114 1664 1142 proxumo
1677 1102 1731 1133 hic
1743 1101 1788 1133 sit

1233 1155 1327 1185 aegra.
1355 1145 1437 1176 Hec.
1453 1144 1500 1176 iii.
1518 1147 1547 1181 2,
1564 1145 1594 1176 6.
1639 1145 1711 1176 Lex
1726 1150 1786 1182 est,

1235 1194 1270 1218 ut
1282 1188 1377 1225 orbae,
1387 1187 1442 1228 qui
1458 1187 1526 1219 sint
1539 1197 1659 1228 genere
1671 1197 1785 1226 protu-

1234 1232 1283 1267 mi,
1301 1230 1342 1261 iis
1351 1231 1484 1262 nubant.
1508 1230 1638 1261 Phorm.
1651 1229 1673 1261 i.
1690 1231 1719 1267 2,
1733 1231 1787 1278 75.

1273 1272 1425 1321 prudens]
1448 1275 1589 1304 Prudens
1605 1272 1720 1310 sciens,
1736 1272 1786 1303 vi-

1235 1324 1293 1345 vus
1255 1314 1492 1395 ⁷vidensque
1516 1325 1624 1357 pereo.
1656 1315 1741 1346 Eun.
1762 1314 1785 1346 i.

1274 1399 1424 1441 psaltria]
1444 1399 1504 1431 Ille
1515 1401 1619 1431 bonus
1630 1399 1681 1431 vir
1693 1400 1788 1431 nobis

1230 1444 1402 1482 psaltriam,
1419 1442 1447 1473 si
1471 1443 1532 1474 Dis
1553 1443 1669 1484 placet,
1690 1452 1785 1484 para-

1235 1485 1291 1516 vit.
1326 1485 1466 1526 Adelph.
1492 1485 1538 1516 iii.
1562 1487 1593 1523 4,
1619 1486 1670 1516 31.
1715 1485 1788 1516 Tua

646 1526 711 1562 Qui
742 1533 815 1568 post
842 1526 958 1558 factam
989 1526 1142 1566 injuriam
1164 1537 1200 1558 se
1235 1533 1303 1559 arte
1318 1527 1434 1568 viginti
1456 1528 1553 1558 minae
1574 1538 1634 1569 pro
1653 1529 1788 1568 psaltria

646 1576 815 1611 expurget,
845 1579 960 1611 parum
987 1569 1068 1600 mihi
1087 1571 1197 1610 prosit.

648 1612 731 1643 Hec.
747 1622 777 1643 v.
797 1613 824 1649 1,
843 1612 892 1643 16.

685 1654 819 1695 protelo]
837 1655 889 1685 Ne
899 1660 931 1685 te
946 1653 1048 1685 iratus
1060 1654 1128 1686 suis
1139 1665 1198 1686 sae-

647 1697 761 1746 yidicis
782 1697 877 1728 dictis
898 1698 1039 1737 protelet.
1068 1697 1197 1728 Phorm-

646 1750 668 1771 1.
683 1740 859 1823 {litigi-reo]
874 1782 995 1813 Filium
1004 1784 1200 1822 proterruisti

58 1833 134 1858 sunt
148 1829 305 1864 propitii?
339 1826 436 1857 Phor.
453 1826 494 1856 iv.
513 1827 543 1863 3,
560 1827 611 1856 31.
646 1825 732 1856 hinc.
758 1825 878 1856 Heaut.
894 1825 940 1856 iii.
960 1826 987 1863 1,
1004 1825 1055 1857 37.

97 1868 257 1918 proprius]
270 1868 368 1900 Nilne
378 1879 448 1899 esse
456 1871 613 1906 proprium

686 1867 843 1908 proterve]
875 1867 962 1899 Satis
985 1867 1040 1909 pol
1061 1872 1199 1907 proterve

57 1912 230 1953 cuiquam.
221 1913 234 1934 ⁷
270 1911 356 1942 And.
373 1911 415 1942 iv.
428 1913 457 1948 3,
478 1912 504 1942 l.
545 1911 610 1942 Vo—
647 1921 699 1942 me
715 1910 788 1950 Syri
804 1910 962 1951 promissa
976 1910 1039 1941 huc
1061 1909 1198 1941 induxe-

59 1955 200 1996 luptates
224 1964 335 1986 eorum
362 1956 497 1994 propria
526 1960 612 1985 sunt.
647 1960 732 1984 runt.
773 1953 893 1984 Heaut.
916 1953 959 1984 iv.
983 1954 1013 1990 4,
1040 1953 1067 1983 1.
1113 1952 1200 1983 Ecce

59 1997 145 2028 And.
163 2008 192 2028 v.
210 1998 239 2034 5,
257 1998 287 2028 4.
331 1997 462 2033 Curavi,
485 1999 613 2034 propria
647 2002 754 2027 autem
775 2003 810 2026 tu
827 2005 953 2036 quoque
965 2000 1113 2044 ’proter-oe
1134 1994 1199 2026 ira-

59 2051 98 2071 ea
112 2019 261 2071 Phaedria
270 2046 307 2071 ut
320 2046 497 2081 poteretur.
515 2039 611 2070 Phor.
646 2039 827 2070 cunduses.
853 2038 934 2068 Hec.
951 2037 997 2068 iii.
1014 2039 1045 2074 5,
1062 2039 1113 2068 53.

59 2084 181 2119 ν.5,2.

688 2079 888 2120 protervitas]
909 2081 1014 2116 Quam
1035 2090 1130 2121 paene
1148 2089 1200 2111 me

98 2130 235 2166 propter,
266 2123 414 2164 adverb]
443 2124 612 2155 Interdum
647 2131 702 2155 tua
716 2123 859 2165 perdidit
866 2125 1060 2164 protervitas
1080 2123 1199 2154 Heaut-

57 2174 184 2208 propter
198 2167 345 2198 dormiet.
370 2167 456 2198 Eun.
470 2166 547 2204 ii.3,
561 2167 612 2200 77.
646 2166 690 2197 iv.
707 2167 737 2203 6,
756 2167 805 2197 10.

61 2211 127 2242 Hic
146 2216 272 2251 propter
293 2210 379 2241 hunc
402 2209 532 2241 adsiste.
564 2210 611 2241 A—

59 2254 166 2295 delph.
190 2253 270 2291 ii.1,
290 2254 339 2284 15.
387 2253 438 2284 lbi
461 2252 580 2294 angipo

687 2207 859 2249 protervos]
898 2209 951 2239 Ne
987 2208 1128 2249 ineptus,
1160 2217 1201 2239 ne

59 2304 129 2327 tum
150 2301 274 2337 propter
303 2301 363 2327 est.
405 2295 544 2337 Adelph.
569 2295 612 2326 iv.
651 2295 701 2326 16.

689 2336 859 2377 protinam]
878 2336 967 2367 Hinc
982 2346 1034 2367 me
1049 2338 1202 2385 protinam
1233 2343 1361 2378 getque.
1385 2336 1545 2378 Adelph.
1536 2336 1582 2367 ιιι.
1594 2338 1624 2375 3,
1637 2337 1688 2368 38.
1719 2338 1786 2368 P·-

102 2381 260 2422 propulso]
293 2381 389 2416 Quod
426 2386 462 2412 tu
488 2390 613 2429 speres,
647 2379 841 2420 conjicerem
855 2379 890 2410 in
906 2378 1015 2421 pedes.
1033 2378 1188 2410 Phorm.
1179 2389 1200 2410 1.
1234 2381 1286 2411 det
1302 2379 1510 2410 Philumene.
1542 2379 1625 2411 Hec.
1641 2389 1671 2410 v.
1686 2380 1717 2417 2,
1733 2378 1787 2412 27.

58 2427 238 2465 propulsabo
250 2423 353 2454 facile.
378 2423 463 2454 And.
474 2422 507 2454 ii.
518 2424 548 2460 3,
562 2424 613 2454 21.
648 2424 679 2460 4,
699 2424 747 2453 13.

60 2340 157 2377 2,37.

98 2466 255 2507 prorsum]
274 2466 339 2497 Hic
357 2465 504 2496 homines
522 2477 612 2506 pror-

689 2463 849 2505 provideo]

1234 1570 1369 1611 periere.
1395 1570 1532 1612 Adelph.
1549 1570 1592 1601 iv.
1611 1571 1640 1608 7,
1658 1571 1709 1601 25.

1274 1612 1412 1653 publice]
1427 1613 1478 1644 Ibi
1487 1619 1596 1644 custos
1604 1614 1725 1652 publice
1737 1619 1788 1644 est

1233 1665 1329 1686 nunc.
1367 1655 1453 1687 Eun.
1477 1655 1510 1686 ii.
1535 1657 1564 1692 2,
1589 1657 1640 1687 59.
1687 1655 1788 1687 Haud

1232 1698 1298 1729 cito
1312 1697 1389 1729 mali
1404 1698 1482 1738 quid
1497 1705 1603 1729 ortum
1613 1708 1655 1729 ex
1668 1698 1729 1729 hoc
1743 1698 1789 1729 sit

1231 1742 1361 1778 publice.
1386 1739 1469 1771 Adel
1542 1741 1588 1771 ιιι.
1605 1742 1636 1777 3,
1653 1741 1705 1772 89.

1273 1782 1457 1823 publicitus]
1471 1740 1551 1814 glori
1573 1783 1634 1814 hoc
1654 1785 1786 1821 publici-

1234 1830 1284 1856 tus
1273 1794 1410 1856 puscelus
1430 1825 1507 1856 hinc
1529 1825 1730 1867 deportarier
1751 1825 1788 1857 in

1234 1867 1318 1899 solas
1332 1869 1456 1899 terrae?
1482 1868 1611 1899 Phorm.
1629 1879 1658 1899 v.
1675 1867 1705 1906 7,
1720 1869 1772 1900 85.

1273 1909 1432 1951 publicus]
1449 1911 1503 1942 An
1519 1920 1562 1942 ne
1580 1911 1642 1942 hoc
1656 1910 1788 1952 quidem

1234 1963 1295 1994 ego
1316 1953 1473 1994 adpiscar,
1495 1953 1582 1994 quod
1598 1955 1653 1994 Jua
1678 1955 1785 1994 publi-

1234 2007 1299 2027 cum
1301 1996 1366 2027 ’8ιῖ
1391 1995 1547 2027 Phorm.
1537 1995 1571 2027 ιι.
1590 1997 1620 2033 3,
1637 1996 1688 2027 65.

1273 2037 1408 2078 pudens]
1437 2038 1550 2069 Animi
1571 2046 1622 2070 est
1644 2040 1790 2076 pudentis

1234 2080 1362 2122 signum
1373 2087 1406 2112 et
1414 2080 1661 2112 noninstrenui.
1680 2081 1787 2112 Heau.

1235 2123 1405 2203 ἰ11ε1ιι.ι.62,
1422 2125 1596 2197 §lom
1633 2123 1787 2156 mm

1275 2208 1388 2249 pudet]
1405 2209 1507 2250 Cujus
1522 2218 1609 2240 nunc
1621 2210 1719 2258 pudet
1733 2218 1787 2240 me

582 2263 612 2283 r-
646 2257 800 2290 protervae
822 2251 941 2283 videar.
967 2251 1088 2282 Heaut.
1107 2250 1153 2282 iii.
1170 2251 1200 2288 3,
1234 2258 1269 2283 et
1292 2251 1434 2283 miseret.
1471 2251 1591 2282 Heaut.
1619 2251 1652 2282 ιι.
1678 2252 1787 2289 3,19.

1237 2294 1360 2326 Fratris
1382 2304 1436 2325 me
1463 2294 1593 2335 quidem
1614 2295 1710 2332 pudet
1734 2293 1787 2336 pi·

1236 2422 1267 2453 N
1270 2432 1313 2453 on
1323 2421 1520 2454 simultatem
1531 2432 1637 2453 meam
1645 2419 1788 2454 revereri

876 2464 987 2495 Herus
1013 2470 1073 2501 est,
1095 2473 1201 2505 neque
1235 2464 1375 2496 saltem?
1399 2474 1465 2496 non
1479 2466 1620 2503 pudere?
1655 2464 1786 2497 Phorm.

59 2521 124 2540 eum
155 2519 196 2540 ex
226 2509 334 2540 stultis
366 2508 498 2540 insanos
528 2508 632 2547 facit.
630 2509 846 2545 provideram.
878 2507 963 2538 And.
982 2506 1004 2538 i.
1023 2508 1121 2544 2,12.
1165 2506 1201 2538 si
1235 2507 1268 2538 ιι.
1289 2508 1316 2545 1,
1334 2508 1363 2538 3.

61 2553 146 2583 Eun.
157 2551 191 2582 ιι.
205 2553 235 2589 2,
245 2553 297 2582 23.
336 2553 479 2582 Prorsum
495 2549 632 2582 oblitus

60 2605 131 2626 sum
148 2594 221 2625 mei.
248 2594 331 2625 Eun.
349 2593 382 2624 ιι.
400 2595 430 2630 3,
451 2594 499 2624 15.

648 2561 713 2581 ιιοιι
737 2557 809 2581 astu
831 2551 1037 2590 providentur.
1068 2549 1153 2580 And.
1179 2549 1200 2580 i.

1276 2548 1404 2590 pudice]
1418 2551 1533 2580 Pudice
1550 2548 1648 2580 vitam
1661 2527 1786 2590 agebat.

628 2584 678 2643 13,
695 2594 725 2623 3.
762 2593 892 2623 Pborm.
915 2592 981 2629 i.4,
998 2593 1027 2622 5.
1049 2591 1106 2623 ubi
1127 2591 1201 2623 vide
1236 2591 1407 2630 And.i.1,
1424 2592 1475 2625 47.
1522 2591 1788 2632 Beneetpndice

101 2636 243 2677 prorsus]
271 2636 359 2667 Huic
378 2646 503 2675 ρνονεω
524 2635 614 2667 illam
629 2646 631 2668 ι
649 2636 761 2666 Notas.
786 2634 918 2666 Putavit
927 2645 979 2666 me
990 2634 1063 2676 plus
1075 2634 1157 2666 scire
1169 2641 1202 2665 et
1234 2634 1364 2666 doctum
1391 2641 1486 2675 atque
1514 2634 1665 2666 eductum
1695 2634 1703 2641 ‘

61 2690 126 2710 non
141 2680 205 2710 dat.
223 2679 309 2710 And.
326 2679 359 2709 ii.
378 2680 407 2715 2,
421 2679 471 2709 34.
517 2679 613 2709 Pror-
628 2679 824 2729 praevidere.
843 2676 994 2708 Heauhi.
1010 2678 1036 2714 l,
1047 2677 1099 2707 64.
1122 2678 1200 2708 Pro-
1236 2676 1336 2708 nium.
1360 2677 1474 2708 And.'
1465 2687 1487 2708 ι.
1505 2678 1534 2714 5,
1551 2677 1603 2707 39.
1649 2677 1739 2708 Bene
1754 2683 1788 2709 et

59 2733 111 2753 sue
122 2732 141 2753 a
157 2732 208 2752 me
224 2721 410 2762 opinionem
426 2721 509 2751 hanc
526 2727 613 2751 tuam
628 2715 631 2751 l
647 2723 743 2751 vitum
758 2726 817 2757 eat,
834 2730 875 2751 ne
890 2719 925 2750 ιιι
941 2719 1115 2761 presentia
1131 2719 1200 2750 haec
1233 2721 1343 2757 pudice
1364 2719 1523 2750 eductam.
1552 2719 1674 2751 fleant.
1696 2719 1731 2752 ιι.
1758 2721 1786 2757 1,

58 2775 152 2844 esse2
153 2775 221 2837 εξδ
237 2770 377 2795 amotam
403 2762 486 2794 volo.
526 2762 631 2794 And.

59 2817 94 2838 ιιι

647 2763 724 2794 1ιιιιο
739 2763 841 2793 abeat.
867 2762 997 2793 Phorm.
1013 2772 1044 2793 v.
1060 2763 1091 2798 2,
1107 2763 1156 2792 14.

628 2805 631 2855 j
687 2803 861 2845 provincia]
881 2804 968 2835 Huic
980 2810 1091 2835 nostro
1100 2803 1198 2835 tradi-

1238 2763 1446 2846 l4piielioitia]
1470 2804 1516 2836 Et
1540 2804 1580 2835 ad
1606 2805 1789 2842 pudicitiam

99 2848 227 2890 proruo]
254 2849 354 2879 Foras
377 2848 475 2879 simul
501 2857 614 2879 omnes
648 2849 723 2878 ta’st
736 2849 902 2886 provincia.
928 2846 1073 2878 Heaut.
1064 2846 1110 2878 tii.
1127 2847 1157 2883 2,
1170 2847 1200 2878 5.
1235 2853 1269 2878 et
1290 2847 1330 2878 ad
1351 2857 1421 2879 rem
1444 2847 1621 2879 tutandam.
1653 2847 1740 2878 And.
1764 2847 1787 2878 i.

57 2897 268 2932 proruuntse.
293 2891 376 2922 Eun.
389 2891 435 2921 iii.
450 2892 480 2927 5,
497 2892 549 2922 51.

102 2933 243 2974 prosilio]
255 2933 418 2969 Quidnam
431 2933 484 2964 bic
496 2943 614 2975 prope-

61 2987 138 3009 rans
150 2979 298 3018 prosilit?
337 2976 421 3007 Eun.
437 2986 467 3007 v.
484 2976 514 3013 7,
531 2976 561 3007 6.

628 2932 785 2969 i.,.222

628 2885 633 2928 Ι
649 2891 840 2921 Pmoiwciam
847 2888 963 2931 cepisti
973 2889 1096 2921 duram.
1104 2889 1200 2921 Phor.
1235 2891 1265 2927 5,
1283 2891 1334 2921 53.

1276 2932 1424 2974 pudieus]
1457 2931 1553 2964 Pium
1578 2942 1616 2963 ac
1644 2933 1788 2970 pudicum

629 2984 632 2995 ’
690 2971 825 3015 proviso]
856 2975 980 3006 Provm
1015 2974 1093 3015 quid
1129 2980 1220 3016 agat.
1235 2974 1412 3016 ingenium.
1437 2974 1520 3007 Hec.
1538 2975 1558 3006 i.
1576 2976 1606 3012 2,
1623 2974 1674 3007 77.
