1852 3216
107 171 246 199 scENA
268 154 355 212 nn]

674 157 1092 201 EUNUCHUS.

1569 164 1649 205 189

166 247 235 288 Te
255 246 406 288 orabat
426 260 574 301 opere,
596 254 646 288 ut
666 261 761 289 cras
782 247 962 289 redires.
1017 247 1102 289 Cn.
1126 247 1223 290 Rus
1242 263 1309 291 e0.

168 310 251 352 Pr.
273 310 311 351 F
312 325 362 352 ac
378 311 546 352 amabo.
596 310 681 353 Cn.
700 311 805 353 Non
825 326 1017 366 possum,
1038 313 1226 368 inquam.
1278 313 1363 356 ΡΥ.
1381 312 1446 356 At
1465 322 1513 356 tu
1529 317 1648 370 apud

251 389 330 415 nos
351 374 422 416 hic
442 389 582 424 mane,

165 440 287 481 Dum
306 440 459 483 redeat
477 441 586 495 ipsa.
639 439 725 482 Cn.
747 440 873 482 Nihil
893 442 1047 484 minus.
1096 443 1179 485 ΡΥ.
1204 443 1310 495 Cur,
1330 444 1389 486 mi
1409 443 1649 485 Chremes?

110 511 152 543 30
168 503 251 546 CH.
276 503 439 546 Malam
459 519 551 546 rem
570 504 670 546 hinc
691 505 773 547 ibis
790 507 807 548 2
858 505 942 547 PY.
966 506 1014 548 Si
1034 508 1145 549 istuc
1166 508 1227 549 ita
1246 508 1467 550 certum’st
1483 508 1577 558 tibi,

164 567 352 619 Amabo,
373 575 422 610 ut
439 568 538 611 illuc
559 576 770 620 transeas,
792 571 867 612 ubi
886 570 1025 613 illa'st.
1078 571 1163 614 Cu.
1188 572 1273 614 Eo.

167 632 251 674 ΡΥ.
274 632 378 683 Abi,
402 632 579 691 DoriaS,
601 634 686 676 cito
707 633 823 677 hunc
842 635 1010 678 deduce
1032 637 1088 679 ad
1108 636 1298 680 militem.

364 820 618 868 ACTUS
666 821 946 868 TERTII
996 822 1252 871 SCENA
1297 824 1384 871 IV.

765 945 991 976 ANTIPHO.

164 1023 292 1065 HERI
313 1023 475 1079 aliquot
496 1024 807 1067 adolescentuli
830 1026 991 1068 coimus
1011 1027 1055 1068 in
1079 1027 1236 1077 Piraeo,

162 1090 215 1131 In
234 1090 350 1131 hunc
372 1090 486 1131 diem
506 1097 554 1131 ut
574 1090 629 1131 de
652 1090 853 1145 symbolis
874 1104 1082 1133 essemus.
1135 1091 1361 1133 Chaeream
1381 1094 1421 1134 ei
1441 1094 1504 1135 rei

162 1153 465 1196 Praefecimus:
498 1154 590 1196 dati
609 1155 780 1197 annuli:
811 1154 947 1207 locus,
968 1163 1138 1212 tempus
1160 1158 1511 1200 constitutum’st.

148 1252 199 1285 27.
234 1255 300 1284 Rus
324 1252 372 1294 eo]
402 1253 467 1284 Pro
490 1254 617 1295 potiore
643 1254 773 1296 negotio
796 1265 852 1286 rus

102 1295 220 1336 posuit.
266 1296 312 1327 Et
331 1297 435 1336 major
461 1297 591 1337 negatio
618 1303 676 1334 est,
704 1308 800 1338 quam
824 1297 852 1329 si

104 1337 236 1374 diceret,
255 1340 324 1369 Non
339 1341 396 1369 huc
412 1341 504 1370 venio.
538 1340 579 1370 D.

147 1382 198 1411 28.
222 1383 292 1412 Non
300 1392 431 1421 possum,
442 1381 581 1422 inquam]
596 1382 674 1413 Plus
684 1388 743 1420 est,
756 1393 852 1423 quam

148 1466 199 1496 29.
222 1467 305 1496 Dum
319 1469 424 1497 redeat
440 1465 525 1506 ipsa]
543 1469 626 1506 Ipsa,
643 1467 695 1498 vel
711 1467 852 1505 domina,

101 1507 153 1538 vel
166 1508 237 1549 ipsa
249 1509 289 1539 de
302 1519 365 1549 qua
377 1509 492 1549 agitur.
517 1511 609 1540 Nihil
618 1509 733 1550 minus]
751 1510 853 1541 Deest

94 1549 224 1590 faciam.
257 1551 289 1581 D

146 1594 197 1623 30.
221 1595 339 1624 Malam
352 1604 414 1624 rem
427 1594 497 1623 hinc
514 1596 573 1624 ibis
584 1593 618 1634 ?]
643 1594 716 1625 Hoc
735 1594 849 1626 adver-

100 1634 230 1666 bialiter
258 1635 359 1667 dixit:
399 1636 667 1675 quemadmodum
702 1637 849 1675 dicimus,

101 1679 218 1708 domum
239 1680 307 1709 ibis.
343 1678 387 1708 Et
402 1685 538 1718 apparet
558 1679 651 1710 illum
667 1690 766 1711 manu
782 1687 849 1711 tac·

101 1726 171 1751 tum
187 1730 267 1757 esse,
283 1720 336 1761 qui
354 1720 400 1751 sic
415 1720 574 1758 irascitur,
590 1722 666 1762 quia
680 1722 765 1753 dixit
786 1723 848 1763 Py-

102 1762 197 1800 thias,
213 1764 285 1800 Cur,
306 1765 347 1793 mi
365 1764 503 1793 Chremes
516 1766 531 1793 ?
558 1764 649 1804 quasi
665 1765 761 1802 dicat,
782 1766 850 1796 Cur

101 1814 194 1836 meus
209 1805 255 1836 sic
271 1805 458 1845 indignatus
474 1812 523 1836 est
538 1806 724 1838 adolescens
737 1809 748 1837 2
773 1818 849 1838 nam

102 1847 142 1878 ab
154 1858 192 1878 eo
207 1848 293 1888 quod
306 1854 355 1878 est
368 1858 460 1884 meus,
474 1849 638 1879 vocativus
649 1851 690 1879 mi
702 1849 786 1880 facit.
806 1850 847 1881 D.

100 1890 268 1921 -Contra
283 1900 421 1927 versum,
442 1890 617 1922 Bembinus
632 1892 702 1922 cod.
724 1898 758 1923 et
777 1892 847 1923 Do-

100 1939 197 1964 natus
214 1933 240 1964 F
242 1933 332 1964 aerni
348 1933 446 1963 habet
459 1935 536 1963 abis.
570 1934 606 1964 B.

145 1976 196 2006 31.
220 1977 346 2012 Amabo,
360 1981 394 2006 ut
409 1977 482 2006 illuc
495 1981 642 2013 transeas,
655 1978 708 2007 ubi
719 1978 774 2007 illa
786 1976 848 2018 est]

102 2017 186 2049 Vide
202 2028 267 2049 non
284 2028 354 2049 esse
370 2018 518 2055 otiosum,
533 2019 619 2059 quod
637 2019 746 2050 omnia
765 2030 848 2060 prae-

102 2067 191 2092 tenta
217 2067 294 2092 sunt
319 2060 438 2102 potius,
466 2071 562 2101 quam
588 2071 640 2092 res
663 2061 850 2103 importuna

101 2103 203 2141 fieret,
219 2110 256 2134 ut
270 2104 311 2134 ad
334 2103 446 2134 militis
461 2103 593 2135 domum
614 2105 770 2136 Chremes
790 2105 846 2136 de-

101 2145 281 2177 duceretur.
322 2146 438 2186 Neque
454 2146 541 2177 enim
556 2147 617 2178 hoc
636 2147 850 2179 conveniebat

100 2198 246 2230 personae
254 2188 418 2220 Bacchiali
428 2188 644 2230 (Bacchanah‘,
652 2190 723 2220 edd.
735 2191 828 2230 vett.)
837 2202 845 2221 :

99 2231 253 2271 quoniam
273 2238 330 2262 aut
351 2231 537 2268 infacetum,
554 2239 587 2263 et
608 2239 727 2273 praeter
741 2243 846 2271 usum,

101 2280 158 2305 aut
171 2274 412 2316 importunum:
442 2274 516 2305 ideo
534 2275 594 2305 hoc
609 2275 717 2316 ipsum
739 2276 849 2307 Doriae

101 2317 265 2358 praecepit.
313 2319 356 2348 Ut
376 2319 450 2348 illuc
473 2323 611 2349 transeas
633 2320 686 2348 ubi
707 2320 763 2349 illa
785 2318 847 2359 est]

102 2357 148 2390 Ut
170 2360 300 2391 brevem
325 2360 409 2391 viam
431 2359 677 2397 demonstraret,
699 2371 763 2391 non
786 2373 847 2399 eas,

100 2401 159 2432 sed
187 2407 334 2439 transeas,
357 2402 449 2434 dixit.
493 2403 627 2444 Amabo]
659 2404 849 2443 Interjectio

101 2450 151 2474 est
165 2445 303 2476 amantis
316 2457 324 2475 :
347 2445 393 2476 sic
409 2446 542 2477 verbum
558 2452 660 2477 sonat.
692 2447 734 2477 D.

145 2487 197 2517 32.
219 2489 343 2519 Deduce
361 2490 404 2519 ad
422 2488 565 2529 militem]
590 2489 654 2520 Ms-
677 2489 717 2520 R.
741 2491 849 2520 Deduc

100 2530 143 2558 ad
156 2531 290 2560 militem.
319 2530 505 2562 L.—Recte
525 2532 628 2563 nostri
643 2531 718 2563 libb.
735 2543 848 2564 omnes

101 2581 175 2602 cum
191 2571 263 2602 edd.
280 2578 357 2603 vett.
372 2575 469 2604 deduc
477 2586 489 2609 ,·
512 2580 549 2605 ut
563 2574 650 2612 alibi,
666 2576 773 2606 abduc.
808 2575 845 2606 B.

148 2615 174 2644 l.
198 2615 279 2645 Heri
300 2616 415 2656 aliquot
443 2618 657 2648 adolescentuli
683 2620 794 2648 coimus
815 2620 848 2649 iu

99 2656 219 2697 Piraeo]
246 2657 286 2687 In
306 2658 366 2688 hoc
385 2658 553 2698 proloquio
572 2659 748 2691 insinuatio
771 2670 846 2702 per-

100 2710 188 2731 sonae
204 2701 273 2739 ejus
288 2706 347 2737 est,
363 2699 416 2731 cui
431 2707 619 2733 narraturus
638 2709 688 2734 est
702 2703 846 2739 Chaerea,

100 2753 171 2782 quae
187 2752 206 2772 a
220 2752 255 2773 se
267 2749 341 2783 post
352 2752 482 2774 scenam
497 2743 580 2774 facta
594 2752 679 2776 sunt.
719 2745 774 2776 Fit
788 2756 846 2777 au-

99 2792 166 2816 tem
180 2785 240 2815 hoc
251 2784 364 2826 populi
376 2795 481 2822 causa,
495 2792 531 2816 ut
543 2793 704 2827 spectator
715 2787 848 2820 auribus

96 2827 247 2868 accipiat,
264 2827 349 2867 quod
365 2827 524 2867 subjicere
543 2828 645 2860 oculis
665 2836 762 2870 poeta
782 2840 848 2862 non

100 2870 215 2918 potuit.
260 2872 341 2901 Heri
362 2872 479 2910 aliquot
501 2871 731 2912 adolescentuli]
756 2872 847 2904 Bene

100 2919 234 2944 inventa
254 2923 394 2954 persona
415 2919 475 2950 est,
497 2913 550 2944 cui
573 2920 683 2945 narret
704 2914 847 2953 Chaerea,

98 2964 142 2986 ne
158 2966 242 2988 unus
261 2955 317 2987 diu
339 2955 507 2997 loquatur:
539 2962 576 2987 ut
597 2957 684 2998 apud
707 2957 846 2991 Menan-

896 1255 1000 1286 drum.
1047 1255 1183 1297 Coimus]
1208 1258 1335 1294 Coimus,
1356 1256 1587 1295 consensimus,
1609 1269 1647 1290 ac

895 1297 1078 1339 pepigimus
1091 1311 1099 1328 :
1123 1309 1164 1329 ne
1180 1299 1223 1330 sit
1237 1299 1447 1331 soloecismus.
1471 1302 1509 1331 In
1525 1301 1645 1342 Piraeo]

896 1341 961 1371 Pro
983 1340 1017 1371 in
1042 1341 1191 1371 Piraeum.
1230 1342 1400 1373 D.—Heri
1421 1342 1553 1383 aliquot]
1580 1344 1646 1374 Hic

895 1383 1082 1414 adolescens
1097 1394 1182 1414 unus
1198 1394 1239 1414 ex
1252 1383 1316 1415 illis
1337 1391 1396 1421 est,
1413 1385 1468 1425 qui
1484 1385 1518 1415 in
1540 1385 1646 1417 Piraeo

898 1425 1083 1456 convivium
1095 1426 1157 1457 sibi
1172 1433 1404 1467 praepararunt.
1444 1427 1505 1458 Cui
1518 1438 1645 1469 praepa-

897 1468 998 1499 rando
1013 1469 1206 1510 praepositus
1222 1469 1365 1506 Chaerea,
1382 1470 1436 1510 qui
1453 1470 1487 1500 in
1503 1481 1646 1502 amorem

896 1520 955 1551 pro
978 1511 1126 1541 eunucho
1148 1521 1235 1542 nunc
1257 1512 1454 1553 suppositus,
1477 1514 1517 1543 ad
1540 1524 1645 1544 mere-

895 1553 985 1583 tricis
1001 1553 1131 1584 domum
1148 1553 1305 1585 deductus
1320 1561 1378 1585 est.
1410 1555 1535 1590 Quaerit
1546 1556 1647 1597 igitur

894 1594 947 1625 hic
970 1595 1157 1627 adolescens
1179 1596 1320 1627 convivii
1343 1597 1564 1638 praepositum.
1603 1599 1644 1629 E.

893 1640 1059 1669 —Coimus
1080 1638 1199 1679 Piroeo]
1226 1639 1306 1669 Ideo
1329 1649 1447 1681 nempe
1469 1640 1503 1670 in
1527 1640 1642 1679 Piraeo,

893 1686 930 1710 ut
944 1681 1074 1718 rectius,
1091 1691 1162 1721 quae
1182 1681 1223 1712 ad
1242 1682 1428 1713 convivium
1450 1683 1643 1721 necessaria,

893 1723 1177 1763 praestinarentur:
1201 1724 1460 1765 quandoquidem
1476 1735 1585 1756 rerum
1598 1726 1644 1757 ibi

893 1765 1056 1796 venalium
1086 1777 1223 1807 magnus
1259 1774 1446 1808 proventus,
1481 1778 1519 1799 ac
1554 1769 1644 1800 velut

892 1808 1014 1846 δεῖγμα.
1033 1809 1138 1839 Schol.
1151 1809 1318 1850 Aristoph.
1329 1810 1363 1840 in
1376 1810 1520 1849 Equitib.
1536 1811 1642 1842 Plaut.

892 1850 1044 1881 Bacchid.
1068 1851 1101 1881 ii.
1126 1853 1155 1882 3.
1183 1853 1210 1881 1.
1242 1853 1297 1882 Ibo
1322 1854 1355 1882 in
1381 1854 1523 1889 Piraeum,
1547 1856 1644 1885 visam

891 1903 985 1932 ecqua
1000 1894 1157 1924 advenerit
1171 1895 1209 1924 In
1221 1900 1342 1933 portum
1362 1906 1398 1925 ez
1418 1897 1538 1934 Epheso
1557 1899 1643 1927 navis

893 1938 1082 1966 mercatoria.
1123 1936 1215 1966 Idem
1234 1936 1270 1966 in
1292 1936 1470 1967 Mostellar.
1492 1937 1513 1968 i.
1539 1939 1566 1969 l.
1589 1939 1641 1970 63.

893 1978 961 2018 Ego
973 1979 1018 2008 ire
1033 1980 1066 2008 in
1081 1979 1215 2009 Piraeum
1226 1981 1298 2015 volo,
1311 1981 1349 2010 In
1364 1990 1517 2019 vesperum
1528 1992 1642 2020 parare

888 2022 1041 2059 piscatum
1056 2022 1139 2050 mihi.
1178 2021 1365 2052 L.—-Recte
1386 2028 1451 2053 tres
1470 2023 1562 2054 codd.
1581 2024 1640 2055 ha-

894 2062 971 2092 bent
979 2065 1112 2099 coiimus,
1126 2069 1163 2093 ut
1173 2063 1219 2094 iii.
1233 2065 1262 2094 5.
1274 2065 1326 2094 45.
1348 2066 1402 2101 Iit,
1420 2067 1496 2096 lavit
1505 2079 1517 2100 ,·
1534 2068 1639 2098 rediit.

894 2104 966 2136 Etsi
978 2105 1046 2136 Cic.
1063 2106 1104 2136 ad
1117 2106 1217 2137 Attic.
1236 2106 1289 2137 vii.
1307 2108 1336 2137 3.
1353 2107 1473 2148 legitur
1483 2109 1618 2139 Piraeum
1627 2122 1640 2145 ,-

890 2147 988 2178 lectio
1001 2154 1108 2179 tamen
1124 2148 1186 2186 hic,
1200 2150 1310 2186 Piroeo,
1323 2159 1483 2181 consensu
1495 2151 1642 2184 omnium

891 2190 983 2220 codd.
1004 2197 1037 2221 et
1056 2198 1209 2222 contexto
1226 2193 1463 2232 comprobatur.
1501 2193 1640 2225 Adoles-

891 2233 1011 2263 centuli
1022 2233 1108 2264 enim
1119 2244 1184 2264 non
1195 2244 1237 2265 ex
1249 2235 1327 2265 urbe
1339 2236 1370 2265 in
1380 2236 1524 2273 Piroeum,
1541 2236 1599 2267 sed
1607 2239 1641 2268 in

892 2277 1003 2312 Piraeo,
1016 2275 1072 2307 ubi
1083 2276 1234 2308 custodes
1242 2283 1334 2307 erant
1341 2277 1480 2318 publice,
1493 2280 1639 2316 coierunt,

892 2324 1100 2355 convenerunt,
1113 2325 1332 2357 consenserunt,
1344 2323 1538 2360 pepigerunt.
1571 2321 1609 2352 B.

937 2362 967 2393 2.
997 2363 1038 2392 Ut
1059 2364 1096 2392 de
1116 2364 1258 2402 symbolis
1278 2362 1424 2403 essemus]
1449 2363 1584 2395 Plautus
1604 2363 1640 2396 iu

894 2403 1117 2441 Menaechmis,
1140 2404 1186 2435 iii.
1211 2406 1239 2435 2.
1265 2406 1315 2435 20.
1348 2407 1460 2437 minore
1489 2417 1641 2447 nunquan

882 2445 939 2485 sui
960 2449 1124 2487 dispendio.
1178 2447 1242 2478 Sed
1263 2447 1381 2479 melius
1402 2459 1540 2486 essemus,
1562 2459 1639 2490 pro-

891 2488 988 2520 ducta
1009 2501 1025 2520 e
1047 2489 1245 2521 litera—De
1275 2490 1434 2531 symbolis]
1467 2491 1518 2522 De
1540 2491 1639 2523 colla-

891 2531 1043 2563 tionibus.
1095 2535 1137 2564 Ut
1164 2532 1309 2573 essemus]
1344 2533 1417 2564 Hoc
1445 2540 1503 2571 est,
1531 2533 1640 2567 cibum

890 2584 1100 2606 sumeremus.
1127 2575 1260 2607 E.—-De
1274 2577 1416 2616 symbolis
1430 2576 1576 2618 essemus]
1594 2577 1641 2609 Ut

891 2617 998 2648 Graeci
1014 2617 1076 2648 ἀπὸ
1091 2619 1258 2657 συμβολῆς
1277 2619 1421 2649 δειπνεῖν.
1461 2619 1587 2651 Eustst.
1603 2619 1639 2652 in

892 2660 1028 2691 Homer.
1045 2660 1120 2691 vid.
1133 2661 1250 2692 Zonar.
1260 2661 1296 2692 in
1306 2661 1429 2692 Canon.
1439 2660 1482 2693 lv.
1505 2662 1637 2695 Laodic.

890 2713 912 2744 p
935 2747 964 2776 3.
987 2745 1200 2786 Praesecimus]
1216 2746 1255 2777 Id
1267 2751 1326 2783 est,
1337 2745 1578 2788 συμποσίαρχον
1588 2747 1635 2779 fe-

890 2788 1003 2819 cimus.
1050 2790 1128 2819 Daci
1157 2788 1280 2829 annuli]
1313 2788 1406 2820 Nihil
1434 2788 1567 2821 interim
1596 2790 1637 2822 de

891 2837 1006 2862 scorto.
1031 2831 1179 2872 Apparet
1194 2831 1280 2862 enim
1297 2831 1439 2872 ephebos
1454 2841 1534 2864 esse.
1550 2833 1639 2864 D.—

889 2875 969 2904 Dati
990 2873 1114 2914 annuli]
1134 2873 1173 2904 In
1189 2873 1416 2914 sponsionibus
1430 2875 1543 2906 annuli
1558 2875 1637 2908 olim

890 2915 967 2947 dati.
1003 2915 1138 2953 Plinius,
1154 2915 1209 2947 lib.
1225 2916 1340 2948 xxxiii.
1353 2927 1423 2959 cap.
1442 2918 1470 2948 1.
1493 2920 1536 2949 ad
1548 2930 1637 2958 spon-

889 2961 986 2991 siones
1015 2960 1187 2990 etiamnunc
1214 2961 1325 2991 annulo
1344 2962 1523 3000 prosiliente
1534 2973 1547 2997 ‚-
1579 2961 1636 2993 lib.
