1852 3216
78 121 219 151 scam
239 107 326 164 ιιι.]

667 107 1016 152 ADELPHI.

77 205 118 235 85
135 197 327 240 Tribulis
347 199 523 241 noster?
553 198 591 241 si
609 198 714 243 satis
732 212 878 249 cerno,
898 199 936 241 is
955 198 1177 242 hercle’st:
1211 200 1318 243 vah!

134 262 280 305 Homo
299 264 459 306 amicus
478 265 603 306 nobis
616 265 706 320 jam
724 264 826 307 inde
846 279 872 306 a
891 279 1051 320 puero:
1084 265 1145 307 Di
1165 265 1289 308 boni!

136 327 221 370 Nae
240 328 468 371 illiusmodi
480 330 570 385 jam
590 330 715 372 nobis
735 345 890 386 magna
908 330 1063 372 civium

134 393 390 445 Penuria’st,
408 394 536 437 homo
555 396 731 451 antiqua
748 396 906 438 virtute
925 410 976 438 ac
995 396 1109 438 fide:

134 458 270 501 Haud
290 460 376 502 cito
394 459 616 517 mali-quid
637 469 778 503 ortum
796 476 851 503 ex
870 460 954 504 hoc
975 463 1031 503 sit
1050 461 1235 518 publice.

80 531 124 562 90
140 523 284 572 Quam
303 526 497 581 gaudem
527 527 602 568 ubi
621 527 749 569 etiam
762 526 893 583 hujus
913 528 1084 582 generis
1102 527 1303 583 reliquias

135 589 321 633 Restare
341 591 490 633 video:
522 591 620 642 vah,
641 592 783 635 vivere
802 593 930 634 etiam
948 607 1063 635 nunc
1082 592 1219 635 lubet.

135 655 354 711 Opperiar
374 656 587 700 hominem
606 657 692 709 hie,
714 665 763 700 ut
782 657 964 701 salutem
982 666 1027 701 et
1046 658 1279 715 colloquar.

340 855 593 903 ACTUS
638 855 916 903 TERTII
960 855 1214 904 SCENA
1259 857 1345 904 IV.

414 982 575 1014 HEGIO.
610 982 751 1014 GETA.
787 981 973 1013 DEMEA.
1009 981 1270 1014 PAMPHILA.

134 1065 233 1107 Pno
253 1065 298 1107 di
316 1064 573 1107 immortales
591 1067 602 1106 !
633 1064 798 1107 facinus
816 1064 1053 1120 indignum,
1075 1063 1217 1106 Geta:

77 1181 133 1222 Z.)
154 1181 272 1213 omissa
295 1182 496 1214 meretricem
521 1182 637 1224 rapuit.
686 1183 821 1213 Tribulis

77 1232 186 1256 autem
200 1225 371 1267 significat,
387 1236 429 1257 ex
441 1226 552 1257 eadem
571 1226 667 1263 tribu,
683 1225 743 1256 hoc
760 1232 819 1263 est,

75 1278 119 1299 ex
132 1268 243 1300 eadem
257 1269 355 1300 curia.
383 1268 588 1311 E.—Aptior
602 1269 710 1300 versui
721 1268 819 1300 collo-

74 1311 160 1342 atio
182 1319 240 1348 est,
263 1323 335 1353 quae
356 1319 406 1343 est
426 1312 462 1343 in
487 1312 600 1343 Bemb.
623 1318 657 1342 et
679 1312 819 1349 Donato,

75 1366 161 1396 quen
176 1357 260 1386 video
270 1357 383 1395 procul.
416 1355 455 1386 Β.

120 1399 172 1429 85.
188 1398 311 1430 Versus
322 1398 426 1440 gratia
436 1409 553 1439 sequor
564 1397 735 1429 lectionem
747 1397 817 1429 cod.

78 1441 252 1479 petrensis,
279 1443 310 1472 Is
331 1443 429 1473 hercle
450 1444 507 1473 mh
520 1446 534 1473 ,Ι
559 1448 597 1472 ιιι
617 1441 711 1479 infra,
726 1441 770 1472 iv.
787 1443 817 1472 2.

76 1485 128 1515 39.
157 1486 264 1515 Verum
279 1487 400 1516 hercle.-
422 1487 502 1516 vah!
533 1485 571 1516 B.

120 1527 172 1560 87.
195 1529 255 1559 Nae
276 1528 516 1568 illiusmodijan
536 1530 621 1559 nobis
731 1539 752 1558 a
770 1530 815 1558 ci·

75 1573 155 1601 vinu·
172 1573 304 1611 muria
322 1570 384 1612 est]
402 1573 471 1608 Nae,
488 1571 590 1602 valde.
629 1570 816 1611 laius-nodi]

75 1614 265 1654 Cuiusmodi
287 1620 337 1645 est
360 1614 478 1656 Hegio,
494 1614 528 1645 id
547 1621 606 1651 est,
622 1613 734 1655 qualis.
772 1614 818 1645 Et

76 1667 194 1698 magna
214 1656 375 1696 οἰκονομία
394 1668 495 1689 senex
516 1657 674 1694 laudatur,
690 1664 727 1688 ut
742 1668 816 1699 pos-

77 1700 224 1732 tulationi
238 1702 308 1742 ejus
322 1701 431 1732 statim
447 1701 531 1732 adsit
546 1700 637 1732 fides.
671 1701 818 1732 D.--Nae

76 1745 240 1775 iuius-:odi
259 1743 346 1785 jan]
379 1744 479 1775 Bonae
501 1743 631 1775 virtutis
654 1743 817 1775 hominem

75 1797 149 1818 cum
179 1786 313 1824 videret,
343 1787 428 1818 dixit
458 1787 642 1828 hujusmodi
672 1786 819 1818 homines

72 1832 140 1870 jam
162 1829 197 1861 in
218 1830 349 1862 civitate
371 1841 437 1862 non
459 1840 539 1862 esse.
579 1830 685 1871 Igitur
706 1830 819 1861 talium

76 1873 219 1905 virorum
230 1881 263 1905 et
274 1873 394 1905 civium
405 1884 522 1914 magna
534 1873 625 1905 nobis
638 1880 688 1904 est
698 1873 818 1914 inopia.

76 1916 115 1947 E.
117 1917 346 1948 —Secundum
385 1924 512 1948 nostros
550 1926 662 1948 omnes
697 1926 819 1958 repone

75 1971 186 2001 magna
200 1962 295 1991 nobis.
327 1961 365 1991 B.

119 2005 171 2035 88.
195 2003 353 2035 Deleatur
373 2005 465 2040 hono,
485 2003 570 2044 quod
593 2012 720 2034 versum
739 2013 817 2034 one·

74 2053 149 2083 ηις
185 2053 219 2078 et
244 2046 356 2089 putide
381 2047 434 2078 hic
463 2047 608 2083 iteratur,
628 2056 701 2077 cum
717 2045 818 2077 altero

76 2070 194 2121 abhinc
209 2101 304 2122 versu
325 2090 535 2132 praecesserit.
574 2089 661 2121 Nim.
686 2089 720 2120 in
743 2099 816 2120 ver-

76 2132 128 2164 bis
143 2136 252 2165 civin-
266 2135 441 2170 illiusmodi,
453 2139 510 2165 etc.
527 2133 561 2163 in
580 2133 696 2173 quibus
708 2132 817 2173 Hegio

73 2178 327 2219 comprehensus
343 2187 434 2218 aeque
448 2177 607 2214 laudatur,
623 2186 659 2207 ac
674 2175 703 2207 si
718 2175 817 2207 addas

119 2264 170 2294 89.
193 2265 291 2295 Haud
315 2266 376 2295 cito
399 2265 472 2294 nali
493 2265 568 2304 quid
589 2268 686 2293 ortum
707 2273 744 2293 es
765 2264 819 2293 hoc

74 2308 117 2337 αἳ
138 2306 277 2348 publice]
308 2307 427 2338 Utrum
448 2306 509 2337 hoc
530 2305 673 2347 optantis
694 2312 752 2343 est,
776 2316 818 2336 ne

75 2349 252 2381 moriatur!
275 2360 317 2381 an
341 2358 391 2381 αι
416 2349 636 2381 testimonium
661 2348 738 2380 vitae
758 2349 817 2379 ho-

77 2391 187 2429 minis,
197 2402 361 2434 nunquam
377 2392 517 2424 obfuturi
530 2392 737 2435 reipublicae
728 2393 740 2413 Φ
773 2392 815 2423 D.

76 2435 217 2466 —Hand
243 2439 303 2467 cito
329 2435 420 2477 nuli]
455 2436 508 2467 lta
538 2436 590 2467 hic
619 2437 737 2476 j,ustus
771 2435 817 2466 ita

225 2486 275 2509 est
295 2478 430 2520 integer,
446 2486 484 2510 ut
497 2478 580 2510 nihil
595 2478 670 2510 mali
693 2489 735 2510 ex
755 2478 817 2509 hoc

76 2520 165 2562 pub'
220 2521 308 2552 nasci
323 2522 435 2563 possit.
466 2522 506 2553 E.

121 2564 172 2595 90.
205 2565 265 2595 Ubi
288 2567 380 2595 efic-
408 2564 499 2605 hujus
524 2567 646 2606 generis
671 2567 817 2606 reliquias

77 2612 193 2638 restare
218 2608 304 2638 video
314 2606 346 2648 .']
373 2607 497 2639 Paucos
526 2618 563 2639 ac
590 2618 679 2639 raros
705 2609 815 2640 bonos.

78 2650 164 2681 Nam
200 2661 233 2681 re
344 2673 354 2687 ,
390 2661 462 2699 pro
485 2650 607 2682 relictis
641 2651 816 2693 paucisque

75 2692 180 2724 dixit·
202 2692 277 2724 ideo
290 2699 406 2725 restare
420 2692 517 2724 etiam
529 2693 650 2725 dictum
665 2702 723 2725 est.
752 2695 794 2725 D.

112 2737 163 2767 91.
184 2737 289 2767 Vivere
303 2738 484 2768 etiamn-nc
499 2735 598 2777 lubet]
619 2737 670 2768 Ex
685 2737 744 2768 hac
757 2737 814 2768 de-

75 2778 248 2812 lectatione
281 2778 462 2810 ostenditur
494 2779 627 2817 Demea,
658 2786 691 2810 et
719 2790 815 2820 quam

74 2822 655 2864 poeoentibunitamannacsaevus:
677 2829 815 2863 etquam

73 2865 169 2897 heile
182 2866 279 2906 hujus
292 2865 494 2897 incusatione
511 2866 675 2906 (Hegionis
693 2867 814 2897 inensa-

74 2909 167 2950 cio-3)
178 2915 331 2950 tanquam
340 2908 431 2950 gravi
443 2907 627 2939 testimonio
634 2907 815 2940 cr‘edimrus

74 2950 142 2984 sit:
179 2959 214 2985 et
241 2959 398 2994 quantum
425 2951 584 2984 doliturus
612 2961 710 2994 super
739 2951 815 2984 AEs·

862 1181 968 1219 chino,
999 1181 1054 1223 qui
1084 1180 1253 1223 displiceat
1279 1181 1398 1214 talibus
1431 1182 1519 1215 viris.
1562 1184 1604 1215 D.

861 1224 995 1256 -lllud
1029 1227 1097 1262 vah,
1134 1235 1263 1256 versum
1300 1232 1422 1263 onerat,
1455 1234 1498 1264 et,
1530 1238 1605 1258 cum

862 1267 905 1299 sit
925 1268 1116 1299 admirantis
1141 1274 1174 1299 et
1200 1279 1265 1299 una
1290 1268 1499 1310 indignantis,
1525 1270 1604 1302 alie-

863 1321 941 1342 num
957 1318 1007 1342 est
1027 1321 1046 1342 a
1067 1321 1164 1342 sensu
1180 1310 1251 1342 loci.
1289 1312 1368 1353 Leg.
1391 1319 1425 1344 et
1445 1313 1519 1345 dist.
1541 1315 1604 1345 Re-

859 1360 943 1385 stare
957 1356 1050 1390 video,
1066 1356 1163 1385 vivere
1177 1365 1203 1385 e.
1219 1366 1249 1385 n.
1265 1356 1285 1385 1.
1318 1355 1356 1386 Β.

907 1398 934 1428 1.
948 1399 1011 1428 Pro
1025 1399 1059 1428 da·
1071 1399 1268 1429 inmortales.
1265 1397 1292 1438 ']
1306 1398 1387 1429 Haec
1399 1409 1496 1430 scena
1508 1399 1605 1432 fidem

861 1440 957 1472 amici
972 1451 1049 1482 erga
1063 1440 1261 1478 defunctum,
1279 1441 1498 1473 maturitatem
1518 1443 1605 1474 seni-

861 1483 902 1514 lis
918 1483 1083 1521 orationis,
1099 1491 1132 1514 et
1148 1483 1384 1515 accusationem
1407 1486 1487 1525 ejus,
1509 1496 1606 1527 quem

858 1526 976 1558 laedere
991 1526 1096 1558 nolit
1086 1537 1157 1568 ipse
1172 1534 1347 1565 accusator,
1363 1528 1517 1559 continet.
1540 1531 1604 1561 Fa-

859 1572 946 1601 cinus
966 1569 1141 1611 indignum]
1164 1570 1240 1601 Jam
1262 1571 1407 1602 narravit
1428 1572 1537 1603 Geta·
1572 1579 1606 1604 et

859 1621 964 1644 recte:
988 1624 1054 1644 non
1069 1613 1156 1644 enim
1171 1613 1258 1655 apud
1385 1621 1470 1646 tores
1486 1615 1604 1648 iterum

859 1656 991 1688 fuerunt
1012 1656 1159 1693 dicenda,
1182 1667 1254 1698 quae
1276 1657 1363 1688 dicta
1386 1664 1472 1689 sunt.
1518 1658 1605 1690 Illud

860 1710 938 1731 sane
974 1699 1211 1738 admirandum,
1249 1700 1405 1740 ejusmodi
1444 1701 1606 1743 Hegionis

861 1744 959 1775 verba
980 1742 1100 1781 induci,
1115 1743 1223 1784 qualia
1244 1754 1315 1775 esse
1336 1744 1518 1776 debuerunt
1531 1752 1605 1776 tan-

861 1793 973 1828 topere
994 1786 1116 1818 laudati
1138 1786 1210 1824 viri,
1229 1793 1262 1818 et
1282 1787 1427 1827 ejusdem
1443 1788 1605 1836 {leg-ionis

860 1839 898 1860 ac
916 1830 1047 1861 Demeae
1060 1828 1128 1870 (vel
1142 1829 1214 1860 dele
1229 1835 1271 1867 et,
1286 1829 1339 1861 vel
1354 1836 1444 1861 muta
1456 1830 1491 1861 in
1503 1833 1537 1862 id
1548 1837 1603 1863 est.

863 1873 930 1903 Sub
952 1873 1050 1904 finem
1072 1872 1143 1914 lege
1165 1883 1239 1903 cum
1254 1873 1357 1904 Woet.
1372 1885 1392 1903 a
1406 1875 1521 1905 Demea
1537 1874 1604 1915 Z.).

863 1916 1012 1947 D.-—Pro
1033 1917 1067 1946 da·
1087 1917 1268 1947 immortales
1280 1915 1312 1956 Ι]
1336 1916 1419 1946 Haec
1438 1927 1536 1948 scena
1549 1928 1604 1949 ac-

861 1958 1060 1990 cusationem
1089 1964 1203 1989 tenet:
1241 1969 1317 1990 reus
1348 1959 1436 1990 enim
1467 1960 1605 1992 efficitur

860 2002 1057 2039 adolescens,
1094 2001 1179 2042 quod
1216 2001 1380 2034 vitiaverit
1417 2002 1576 2044 virginem
1592 2016 1602 2036 ι

861 2055 1042 2086 quanquam
1064 2044 1099 2076 in
1120 2046 1305 2085 conjectura
1322 2055 1376 2076 res
1393 2055 1464 2077 esse
1478 2047 1604 2088 potuis-

860 2095 928 2124 set;
952 2096 1059 2119 tamen
1076 2087 1151 2129 quia
1166 2098 1262 2119 nemo
1274 2095 1381 2129 negat,
1393 2099 1459 2120 non
1471 2099 1602 2122 accusa-

861 2131 907 2162 tio
928 2142 987 2173 per
1008 2141 1079 2172 oonJ
1071 2133 1225 2162 ecturam
1246 2131 1393 2169 efficitur,
1415 2132 1474 2163 sed
1495 2133 1604 2174 ponus

859 2185 951 2217 perq
933 2174 1128 2216 qualitatem.
1170 2174 1263 2205 Idem
1284 2174 1372 2206 enim
1390 2174 1521 2207 vitiator
1541 2187 1603 2219 pu-

861 2218 932 2249 ellae
953 2228 1026 2249 cum
1048 2218 1090 2249 ad
1109 2223 1244 2248 matrem
1261 2217 1378 2259 puellae
1392 2219 1603 2260 pervenisset,

859 2261 1009 2303 promisit
1042 2271 1078 2292 se
1115 2261 1261 2298 eandem,
1292 2271 1388 2302 quam
1426 2261 1603 2302 vitiaverat,

860 2315 995 2336 uxorem
1025 2315 1096 2336 esse
1126 2304 1308 2335 ducturum.
1358 2304 1456 2336 Nunc
1485 2305 1604 2338 dicitur

860 2348 947 2388 quod
960 2347 1105 2390 rapuerit
1116 2347 1328 2379 meretricem.
1360 2347 1450 2379 Reus
1464 2347 1503 2379 fit
1516 2349 1603 2390 inju-

860 2391 991 2422 riarum.
1031 2391 1072 2422 In
1087 2391 1147 2422 hac
1161 2401 1258 2422 scena
1271 2390 1433 2422 accusatio
1452 2392 1521 2423 sola
1542 2400 1604 2431 est,

859 2434 1004 2466 defensio
1019 2434 1117 2465 nulla.
1157 2434 1268 2465 Habet
1282 2434 1379 2465 etiam
1396 2441 1523 2476 partem
1543 2435 1601 2468 ad-

860 2478 996 2509 mixtam
1017 2477 1245 2508 deliberativae.
1290 2477 1376 2508 Nam
1398 2485 1473 2519 post
1488 2478 1602 2511 eadem

859 2521 928 2552 haec
944 2531 1016 2562 quae
1030 2528 1159 2552 accusat
1174 2520 1272 2559 (Nam
1282 2526 1388 2560 postea
1399 2522 1478 2552 iden
1488 2523 1602 2563 hic-qiu
1594 2525 1602 2532 “

858 2570 982 2596 accusat
999 2564 1054 2603 Z.)
1071 2570 1105 2595 et
1113 2563 1196 2606 petit
1208 2563 1256 2594 uti
1269 2563 1456 2595 adolescens
1465 2565 1603 2597 eandem

859 2607 956 2639 ducat
977 2617 1121 2638 uxorem.
1167 2607 1212 2638 Et
1238 2606 1343 2638 omnis
1370 2606 1427 2638 illa
1454 2608 1603 2650 superior

858 2650 1021 2682 accusatio
1034 2650 1076 2681 ad
1090 2650 1151 2680 hoc
1166 2649 1280 2686 tendit,
1293 2657 1331 2680 ut
1343 2659 1478 2682 uxorem
1492 2651 1602 2702 potins

859 2694 957 2725 ducat
969 2699 1146 2730 accusatus,
1161 2703 1258 2733 quam
1272 2702 1348 2724 reus
1361 2693 1413 2724 sit.
1445 2694 1558 2736 Ergo
1546 2705 1598 2727 m-

857 2737 1015 2778 dignitate
1028 2736 1076 2767 rei
1091 2742 1270 2767 commotus
1282 2736 1424 2778 primum
1438 2736 1499 2769 hoc
1511 2748 1600 2779 qua-

858 2780 902 2811 rit
916 2790 936 2811 a
950 2790 1054 2816 servo,
1067 2789 1109 2810 au
1121 2779 1483 2816 verumsiccumdidt:
1509 2783 1600 2820 Geta,

857 2825 933 2863 quid
952 2825 1089 2854 narras?
1118 2828 1152 2853 at
1172 2821 1228 2854 ille
1248 2822 1418 2855 confirmat
1437 2823 1575 2856 dicendo
1587 2838 1596 2856 z

859 2867 911 2897 Sic
922 2864 1054 2905 sucum.
1090 2865 1141 2896 lta
1154 2866 1362 2908 comprobata
1379 2875 1432 2898 res
1447 2874 1507 2899 est.
1544 2869 1571 2900 F
1572 2868 1599 2900 it

858 2909 975 2940 exhoc
989 2908 1215 2950 exaggeratio:
1239 2909 1519 2950 Esillan'senilia
1535 2917 1597 2944 ten

859 2953 1008 2985 illiberale
1012 2951 1139 2993 facinus
1152 2963 1216 2985 em
1227 2957 1326 2985 orm
1335 2955 1354 2984 t
1383 2952 1424 2985 E.
