1852 3216
266 489 701 565 PUBLII
759 486 1395 565 TERENTII

588 683 1067 748 HECYRA.

66 951 179 979 ACTA
221 951 348 980 LUDIS
391 951 644 980 MEGALENS.
691 951 787 980 SEX.

123 1019 384 1048 DOLABELLA
404 1020 536 1048 AEDIL.
556 1019 765 1047 cURULIB.

123 1086 312 1116 FLACCUS
342 1087 520 1124 CLAUDI,
551 1087 684 1115 TIBIIS
716 1087 917 1115 PARIBUS.

827 950 956 980 JULIO
1003 949 1198 987 CAESARE,
1241 948 1314 977 CN.
1364 948 1590 977 CORNELIO

817 1019 910 1047 NON
933 1018 1009 1046 EST
1031 1017 1247 1046 PERACTA.
1294 1016 1440 1045 MODOS
1460 1017 1588 1046 FECIT

970 1086 1087 1114 TOTA
1108 1085 1267 1114 GRAECA
1293 1084 1588 1114 APOLLODORU

120 1155 213 1184 EST.
245 1157 360 1185 ACTA
382 1156 521 1185 PRIMO
537 1156 639 1185 SINE
661 1155 876 1184 PROLOGO.
909 1155 1030 1184 DATA
1052 1154 1271 1191 SECUNDO,
1289 1154 1362 1182 CN.
1381 1154 1587 1190 OCTAVIO,

119 1224 160 1251 T.
199 1223 374 1252 MANLIO
407 1224 519 1253 COSS.
563 1223 742 1252 RELATA
778 1223 857 1252 EST
897 1223 1030 1252 LUCIO
1069 1222 1239 1251 AEMILIO
1275 1221 1420 1250 PAULO
1457 1222 1588 1250 LUDIS

121 1292 420 1322 FUNEBRIBUS:
459 1293 554 1321 NON
584 1293 663 1320 EST
695 1291 898 1320 PLACITA.
941 1291 1107 1320 TERTIO
1129 1290 1323 1326 RELATA,
1346 1291 1389 1322 Q.
1412 1289 1587 1327 FULVIO,

120 1360 160 1388 L.
183 1360 352 1389 MARCIO
370 1361 504 1389 AEDIL.
529 1360 738 1389 CURULIB.
762 1359 867 1388 EGIT
888 1359 928 1387 L.
952 1359 1165 1387 AMBIVIUS
1182 1357 1362 1388 TURPIO.
1381 1357 1585 1388 PLACUIT.

590 1513 1066 1562 PROLOGUS.

178 1624 375 1667 Haemi
396 1631 463 1667 est
482 1624 582 1666 huic
603 1638 756 1666 nomen
774 1622 955 1674 fabulae3
987 1623 1081 1665 haec
1102 1638 1233 1678 quum
1255 1622 1357 1664 data
1374 1629 1441 1664 est

104 1725 202 1755 Ludis
228 1721 471 1764 Megalensibus]
504 1722 567 1753 Ms.
597 1722 636 1752 R.
664 1728 698 1753 et
724 1727 801 1752 vett.

59 1766 151 1798 codd.
169 1767 267 1797 Ludis
281 1767 432 1797 Romanis.
457 1766 639 1796 L.—Tibiis
658 1764 800 1806 paribus]

61 1810 126 1842 Ms.
145 1810 184 1841 R.
202 1811 287 1840 tibiis
298 1811 467 1849 parilibus.-
483 1814 520 1839 ut
535 1814 568 1839 et
582 1808 616 1839 in
636 1808 737 1839 Andr.
762 1808 799 1839 L.

58 1856 185 1884 —Acla
198 1855 296 1893 primo
307 1854 372 1883 sine
383 1850 523 1893 prologo]
540 1851 678 1882 Variant
689 1851 800 1892 scripti

58 1896 135 1928 libb.
167 1906 303 1937 quorum
331 1895 462 1937 plurimi
492 1895 538 1926 sic
567 1895 705 1926 habent:
744 1896 798 1926 Cn.

62 1941 196 1977 octavio,
210 1941 278 1970 Tito
293 1941 411 1970 Manlio
425 1939 504 1970 Coss.
521 1940 619 1969 relata
633 1943 678 1969 est
692 1940 800 1969 iterum

60 1984 140 2014 ludis
160 1981 353 2023 funebribus,
384 1984 484 2013 relata
513 1987 558 2012 est
590 1983 652 2012 ΙΙΙ.
687 1981 800 2016 Quinto

58 2027 175 2063 Fulvio,
206 2031 261 2057 etc.
295 2026 377 2056 L.—
386 2023 549 2065 Prologus]
581 2025 657 2055 Non
688 2034 799 2056 omnes

58 2069 223 2101 comoediae
246 2068 393 2100 Terentii
411 2078 430 2099 a
451 2068 634 2099 Menandro
649 2067 800 2099 videntur

58 2120 129 2144 esse
155 2112 335 2144 translatae:
368 2122 442 2143 nam
467 2111 536 2142 haec
566 2122 637 2152 quae
669 2111 799 2152 Hecyra

57 2162 117 2193 est,
144 2156 280 2187 alterum
308 2157 458 2186 Graecum
489 2155 586 2186 habet
615 2160 797 2190 auctorem;

57 2199 130 2240 quis
166 2199 221 2231 ille
257 2199 310 2237 sit,
339 2199 476 2230 habetur
510 2197 678 2229 incertum.
729 2197 797 2229 Alii

58 2243 290 2284 Apollodorum
314 2242 435 2273 volunt.
474 2241 561 2277 Quid
583 2249 690 2272 autem
713 2251 798 2272 nunc

57 2285 128 2327 ipsa
157 2286 332 2322 contineat,
363 2285 605 2326 explicabimus.
652 2284 799 2325 Prologus

56 2329 222 2360 inducitur
257 2329 386 2371 duplex,
418 2335 590 2370 propterea
623 2327 698 2368 quia
733 2328 796 2359 fre-

55 2379 193 2413 quenter
208 2372 337 2403 exclusa
349 2378 406 2410 est,
423 2377 460 2402 ut
472 2370 672 2412 intelligitur.
697 2370 797 2402 Vide-

56 2423 110 2446 tur
132 2414 218 2446 euim
239 2415 374 2457 primam
405 2415 530 2456 prologi
551 2421 676 2456 partem
704 2420 799 2446 antea

56 2458 173 2489 dictam
187 2470 195 2491 ς
218 2458 429 2499 posteriorem
446 2468 532 2489 nunc
549 2468 618 2489 esse
633 2457 796 2489 sociatam.

56 2500 330 2532 Consuetudinem
353 2501 481 2542 quidem
498 2501 532 2532 in
548 2501 696 2532 omnibus
711 2500 795 2532 dixi-

56 2554 128 2575 mus
139 2543 342 2585 prologorum
351 2554 479 2586 semper
487 2554 557 2575 esse
567 2544 659 2581 hanc,
668 2550 795 2586 poetam

55 2587 290 2624 commendare,
313 2595 536 2628 argumentum
561 2587 678 2624 dicere,
704 2587 795 2618 audi-

56 2630 178 2661 entiam
194 2629 364 2671 postulare.
401 2629 523 2660 Verum
538 2640 611 2661 cum
627 2640 723 2661 causa
738 2640 795 2661 ex-

55 2672 138 2704 ordii
150 2683 277 2715 semper
286 2672 332 2704 ita
343 2672 395 2710 sit,
405 2679 441 2704 ut
452 2673 592 2714 suspicio
601 2672 652 2704 vel
663 2672 796 2711 crimen,

54 2717 139 2757 quod
159 2716 261 2757 possit
281 2715 426 2757 opinioni
442 2716 563 2752 obesse,
579 2715 614 2747 in
636 2715 740 2757 princi
765 2715 797 2747 io

55 2759 255 2796 defendatur,
272 2765 321 2790 est
340 2758 392 2789 bic
413 2758 615 2800 purgandum
633 2758 718 2799 quod
733 2726 796 2789 lii-'e-

57 2810 194 2844 quenter
210 2802 339 2833 exclusa
354 2807 420 2832 est:
444 2801 572 2832 videtur
594 2801 681 2832 enim
703 2801 797 2842 quid-

57 2846 131 2877 dam
147 2856 218 2877 esse
240 2844 472 2887 praejudicium,
488 2845 574 2885 quod
595 2844 663 2875 haec
678 2854 796 2875 comoe-

58 2888 111 2920 dia
126 2889 252 2930 placere
269 2898 333 2919 non
349 2887 469 2930 possit:
493 2887 676 2918 defenditur
690 2893 798 2919 autem

58 2941 162 2964 causae
176 2931 385 2968 derivatione,
398 2941 457 2973 per
471 2930 719 2971 conjecturalem
734 2937 799 2962 sta-

59 2981 137 3006 tum.
199 2975 275 3008 Non
305 2974 391 3007 enim
419 2974 493 3007 ideo
522 2974 598 3015 quia
626 2973 720 3012 mala,
751 2980 800 3006 est

846 1721 995 1756 exclusa;
1026 1720 1084 1751 sed
1110 1720 1185 1761 quia
1208 1722 1335 1761 populus
1356 1722 1388 1751 in
1408 1719 1589 1761 funambulo

845 1766 976 1795 animum
997 1766 1206 1804 occupaverit:
1232 1770 1266 1794 et
1291 1764 1351 1794 hoc
1378 1763 1476 1800 addit,
1500 1764 1587 1804 quod

845 1807 944 1838 semel
960 1807 1090 1839 exclusa
1110 1814 1170 1844 est,
1193 1806 1244 1838 vel
1267 1807 1352 1847 quod
1366 1817 1475 1838 rumor
1490 1813 1586 1845 esset,

844 1851 954 1882 datum
972 1850 1014 1882 iri
1035 1850 1237 1892 gladiatores,
1276 1850 1391 1892 opulus
1405 1849 1588 1881 convolavit

843 1905 916 1926 cum
932 1894 1081 1931 tumultu,
1098 1893 1241 1924 defuruit
1267 1903 1342 1924 oco:
1367 1893 1427 1923 hoc
1442 1892 1529 1924 enim
1545 1892 1587 1924 ad

842 1937 875 1969 id
897 1937 1040 1979 pertinet
1059 1936 1144 1977 quod
1165 1936 1283 1967 iterum
1304 1935 1430 1967 videtur
1445 1935 1584 1967 exclusa.

845 1981 896 2012 Ita
917 1981 952 2012 in
971 1980 1119 2012 omnibus
1142 1978 1380 2010 exclusionibus
1400 1989 1460 2020 per
1480 1989 1586 2010 causae

842 2023 1054 2055 mutationem
1084 2022 1228 2054 defensio
1250 2028 1443 2063 comparata.
1486 2022 1583 2054 Nunc

843 2069 940 2099 verba
952 2074 1133 2098 tractemus.
1157 2066 1306 2097 Graecum
1318 2075 1434 2096 nomen
1448 2066 1584 2106 Hecyra,

843 2111 959 2142 Latine
976 2112 1084 2142 Soc-rus
1099 2109 1226 2140 dicitur.
1251 2108 1414 2150 Apposuit
1429 2107 1529 2149 igitur
1542 2108 1584 2140 ad

842 2154 1005 2185 faciendos
1027 2152 1147 2184 dociles
1169 2151 1341 2189 auditores,
1361 2150 1502 2193 primum
1524 2161 1583 2182 no-

840 2208 935 2229 men:
960 2197 1077 2228 deinde
1099 2195 1251 2238 proponit
1273 2194 1494 2236 quaestionem,
1509 2204 1583 2226 cum

843 2240 939 2272 dicit:
964 2242 1041 2271 Haec
1055 2251 1144 2280 quum
1159 2241 1233 2270 data
1249 2244 1294 2269 est
1307 2248 1390 2275 nova,
1406 2248 1511 2268 novum
1533 2240 1581 2269 in-

843 2286 970 2316 tervenit
985 2286 1089 2314 vitium
1104 2287 1134 2313 et
1149 2283 1316 2318 calamiten,
1333 2286 1368 2312 ut
1381 2292 1476 2322 neque
1497 2292 1581 2321 spec-

843 2330 905 2358 tari
926 2338 1019 2368 neque
1034 2327 1169 2366 cognosci
1187 2326 1330 2364 potuerit.
1379 2324 1417 2354 In
1440 2334 1503 2364 quo
1524 2324 1581 2356 de-

841 2370 944 2401 fensio
967 2377 1015 2401 est
1036 2379 1162 2410 magna,
1186 2378 1259 2399 cum
1281 2377 1368 2398 nunc
1389 2366 1468 2398 dicit
1489 2377 1582 2409 spec·

844 2421 941 2444 taram
972 2420 1005 2444 et
1033 2412 1194 2453 cognitam
1223 2410 1403 2452 repudiare.
1453 2410 1582 2442 Deinde

841 2456 1005 2488 conclusio
1028 2455 1170 2496 ejusdem
1190 2464 1310 2486 causae:
1335 2455 1386 2484 Ita
1407 2455 1507 2485 studio
1524 2464 1581 2494 po-

834 2502 928 2540 pulus
949 2501 1088 2539 stupidus
1103 2501 1134 2529 in
1147 2496 1327 2538 funambulo
1344 2499 1476 2528 animum
1495 2508 1581 2528 ocen-

835 2549 930 2583 parat
941 2555 950 2573 :
973 2554 1051 2574 nunc
1065 2544 1128 2572 hoec
1140 2543 1231 2581 plane
1245 2546 1291 2571 est
1302 2551 1358 2580 pro
1372 2551 1455 2570 nova.
1493 2539 1582 2582 Ergo

840 2586 866 2617 si
897 2593 991 2617 antea
1018 2585 1143 2616 nullum
1169 2583 1297 2615 initium
1327 2583 1422 2622 hujus
1448 2584 1581 2624 agendae

839 2629 910 2667 fuit,
938 2636 1089 2669 tanquam
1116 2627 1218 2658 redit:
1242 2631 1272 2658 et
1300 2628 1350 2656 hic
1377 2628 1431 2667 qui
1458 2629 1581 2668 scripsit

839 2675 926 2710 hanc,
943 2674 979 2703 ob
995 2682 1059 2703 eam
1081 2681 1143 2702 rem
1165 2671 1262 2701 noluit
1276 2671 1385 2700 iterum
1405 2667 1529 2710 rq'me,
1544 2675 1581 2702 ut

839 2717 947 2747 iterum
959 2716 1053 2755 possit
1067 2715 1200 2745 vendere.
1239 2712 1291 2744 Ne
1306 2711 1506 2753 objiceretur,
1521 2723 1581 2746 cur

841 2769 906 2791 non
927 2757 1066 2799 repetita
1086 2756 1170 2787 actio
1184 2761 1234 2787 est
1252 2762 1326 2798 post
1338 2755 1578 2797 funambulum3

840 2801 868 2833 si
890 2808 1024 2843 propter
1043 2799 1265 2831 funambulum
1286 2798 1415 2830 videtur
1437 2798 1578 2839 exclusa,

840 2842 965 2884 adjecta
984 2853 1080 2874 causa
1095 2848 1153 2880 est,
1169 2841 1320 2884 quoniam
1340 2841 1511 2875 Terentius
1524 2851 1577 2875 re-

840 2887 924 2918 ferre
933 2896 1004 2918 eam
1014 2885 1126 2924 noluit,
1136 2891 1173 2917 ut
1180 2885 1282 2927 possit
1291 2895 1362 2916 eam
1370 2885 1518 2918 vendere.
1536 2886 1578 2919 E.

889 2930 916 2961 1.
932 2932 1058 2971 Hecyra
1071 2934 1117 2961 est
1129 2930 1200 2960 huic
1211 2939 1314 2960 nomen
1320 2927 1456 2971 sabulo]
1473 2929 1503 2961 A
1518 2939 1579 2961 no-

843 2973 931 3005 mine
953 2972 1061 3014 coepit,
1084 2978 1121 3004 ut
1141 2971 1337 3014 incognitam
1362 2972 1522 3014 probaret,
1547 2979 1580 3005 et

1010 3017 1029 3046 3
1047 3024 1068 3046 ο
