1852 3216
204 114 280 154 lxii
753 114 838 154 DE
874 112 1200 155 THEATRO.

205 214 278 241 non
296 200 495 255 auur-gie.-
521 213 589 239 nec
610 206 742 240 contra
760 199 950 254 tragoedia
974 214 1079 240 rocco
1105 200 1331 254 ingreditur.
1381 201 1594 253 Tragoedia
1617 201 1735 249 enim,

205 268 327 307 quum
343 268 463 308 grave
481 263 521 294 et
538 268 719 306 magnum
743 264 1026 307 argumentum,
1046 269 1282 307 magnasque
1300 264 1340 295 et
1357 256 1532 307 ingentes
1549 268 1735 308 personas

234 322 289 348 roe
314 323 356 348 se
377 309 507 354 ferret,
527 309 724 348 cothurnis
752 310 808 348 uti
838 309 986 348 debuit.
1043 309 1285 349 Comoediam
1310 319 1454 355 autem,
1484 323 1603 362 quum
1633 319 1737 349 esset

204 322 374 409 iiumilis,
394 372 433 402 et
461 363 627 402 rusticos
656 372 890 415 proponeret
919 364 956 402 in
985 377 1112 408 scena,
1131 363 1257 415 palliis
1276 373 1314 402 et
1342 365 1466 403 soccis
1494 364 1735 403 commodius

206 426 291 457 erat
309 418 450 456 ornari.
508 416 627 460 Quod
657 427 847 468 praeterea
874 417 923 455 de
952 418 1010 456 his
1039 419 1155 456 rebus
1174 417 1253 456 dici
1280 431 1395 469 posse
1414 418 1604 470 quispiam
1627 418 1735 470 judi-

207 472 324 516 cabit,
345 471 384 510 id
412 472 450 510 in
471 470 576 510 aliud
606 479 758 523 tempus
783 480 984 522 exspectet
1011 484 1168 510 necesse
1186 480 1268 509 est:
1300 485 1374 510 non
1393 473 1496 510 enim
1525 472 1587 511 bic
1606 472 1736 511 omnia

209 524 324 564 simul
351 525 545 564 discutere
573 526 685 563 nobis
714 524 834 568 licuit.
856 534 936 563 tum
967 534 1127 577 propter
1157 525 1211 563 rei
1239 525 1522 572 difficultatem,
1541 534 1623 565 tum
1641 539 1736 565 vero

208 579 299 631 quia
318 593 387 632 per
405 579 559 631 negotia
578 579 705 617 minus
725 579 798 617 fuit
818 578 1078 617 commodum.

449 830 550 879 DE
600 829 899 878 METRIS
951 828 1499 879 TERENTIANIS

780 939 1165 986 ΣΧΕΔΙΑΣΜΑ.

572 1120 574 1125 .
645 1060 817 1120 '‘Apo-cr,
845 1061 994 1113 Θέσις,
1016 1069 1060 1104 et
1080 1060 1289 1104 Διποδίιι.

208 1141 402 1184 hunicus
422 1158 559 1183 versus
579 1158 761 1183 senorum
780 1143 924 1196 pedum
943 1142 1090 1183 Latinis
1110 1145 1307 1184 veteribus
1325 1145 1495 1185 senarius
1514 1148 1738 1194 vocabatur,

208 1214 231 1239 a
250 1199 391 1252 pedum
412 1208 452 1238 et
472 1199 618 1238 ictuum
638 1212 811 1237 numero.
861 1198 1062 1245 Horatius,
1084 1199 1172 1236 Art.
1194 1198 1303 1237 Poet.
1326 1203 1416 1238 251.

488 1261 631 1308 Syllaba
646 1261 755 1308 longa
771 1261 870 1297 brevi
887 1261 1048 1308 subjecta
1063 1267 1214 1297 vocatur
1228 1261 1371 1305 iambus,

487 1308 555 1344 Pes
572 1309 685 1344 citus:
714 1308 808 1344 unde
825 1308 933 1344 etiam
948 1309 1118 1344 trimetris
1135 1321 1333 1345 accrescere
1343 1310 1452 1357 jussit

488 1355 632 1391 Nomen
648 1356 809 1398 iambeis,
828 1367 911 1391 cum
926 1367 1025 1391 senos
1041 1355 1198 1391 redderet
1214 1357 1319 1399 ictus,

486 1403 629 1439 Primus
645 1403 690 1439 ad
707 1410 906 1439 extremum
923 1403 1048 1439 similis
1065 1403 1144 1439 sibi.

209 1463 301 1508 Sex,
328 1463 465 1515 inquit,
487 1463 603 1502 habet
623 1463 722 1502 ictus
741 1477 878 1501 versus
904 1462 1102 1509 senarius,
1132 1471 1172 1502 et
1192 1472 1319 1502 tamen
1341 1464 1537 1504 trimetrus
1556 1465 1639 1504 sive
1662 1472 1737 1505 ter·

208 1517 337 1556 narius
356 1516 505 1556 Graecis
526 1526 710 1563 vocatur;
741 1517 852 1569 quasi
872 1525 950 1555 tres
971 1526 1118 1555 tantum
1140 1517 1239 1556 ictus
1258 1517 1450 1565 redderet,
1470 1520 1520 1558 ob
1543 1520 1653 1571 pedis
1673 1534 1736 1559 ce-

208 1570 414 1617 leritatem,
442 1572 660 1622 praesertim
690 1584 778 1609 curn
804 1580 909 1610 totus
938 1571 1074 1610 iambis
1102 1571 1211 1622 puris
1230 1570 1414 1611 decurrit.
1471 1571 1599 1612 Latini
1621 1574 1737 1626 igitur

207 1637 277 1677 per
295 1628 513 1675 μονοποδίιιν,
534 1625 706 1677 singulos
770 1624 845 1668 des.
866 1625 936 1663 hos
956 1638 1091 1663 versus
1112 1625 1362 1672 dividebant;
1394 1625 1526 1666 Graeci
1550 1641 1619 1680 per
1637 1632 1737 1668 διπο-

207 1682 294 1725 Bia»,
314 1693 382 1718 seu
397 1680 620 1731 geminatos.
659 1638 769 1717 Indi-e
770 1679 837 1730 qui
857 1677 1010 1718 Graecis
1028 1688 1089 1717 est
1107 1685 1353 1725 tetranoetrus,
1367 1680 1533 1719 Varroni
1553 1696 1575 1720 a
1593 1682 1737 1734 pedum

208 1746 371 1772 numero
389 1743 449 1772 est
467 1732 691 1772 octonarius.
746 1732 768 1771 J
774 1734 850 1772 uba
868 1746 938 1771 rex
962 1733 1066 1784 apud
1091 1733 1276 1772 Rufinum
1302 1733 1351 1772 de
1381 1734 1537 1781 Mettis,
1557 1749 1595 1787 p.
1618 1739 1737 1776 2712.

211 1786 319 1830 Quod
333 1793 456 1825 autem
474 1787 570 1825 binis
592 1786 761 1839 pedibus,
780 1793 816 1825 et
835 1800 905 1825 non
925 1786 1099 1838 singulis,
1120 1786 1323 1826 scandatur
1343 1788 1531 1834 iambicus,
1550 1796 1652 1829 vetus
1679 1791 1737 1829 ia-

207 1841 374 1879 stitutum
402 1847 469 1880 est.
518 1840 571 1879 Et
599 1854 703 1886 mox,
730 1840 837 1879 Unde
863 1847 1023 1893 apparet
1042 1841 1225 1879 heroicum
1252 1841 1412 1895 singulis
1434 1842 1591 1895 pedibus
1609 1844 1739 1883 scandi

206 1894 319 1933 etiam
346 1894 451 1947 apud
476 1900 612 1933 veteres
639 1894 799 1940 solitum,
829 1894 989 1933 iambum
1011 1901 1133 1933 autem
1161 1894 1268 1934 binis.
1326 1895 1478 1936 Marius
1498 1896 1736 1945 Victorinus,

206 1961 245 2000 p.
268 1952 385 1989 2497.
406 1949 483 1987 Per
499 1947 754 2000 monopodiam
772 1948 851 1987 soh:
870 1948 1063 2001 dactylica
1081 1949 1308 1988 scanduntur
1318 1966 1332 1996 ‚·
1357 1965 1429 2003 per
1446 1950 1635 2004 dipodiam
1655 1967 1738 1992 vero

207 2009 362 2042 caetera.
419 2002 595 2042 Nescivit
628 2003 690 2041 hic
718 2002 947 2042 bacchiacos
965 2012 1005 2041 et
1034 2004 1210 2048 creticos,
1231 2018 1330 2055 quos
1357 2005 1474 2044 etiam
1502 2007 1737 2059 monopodia

207 2056 420 2095 dimetitur.
469 2056 693 2102 Diomedes,
714 2070 753 2109 p.
770 2060 861 2095 503.
880 2056 1032 2096 Feritur
1051 2058 1220 2097 senarius
1238 2057 1414 2098 iambicus
1432 2060 1651 2100 combinatis
1667 2076 1735 2113 pc-

206 2110 312 2150 dibus
331 2117 399 2150 ter.
438 2110 698 2150 Terentianus
720 2110 897 2157 Maurus,
917 2125 956 2163 p.
976 2115 1095 2151 2432.

488 2173 633 2210 Iambus
649 2174 725 2220 ipse
740 2185 799 2209 sea·
815 2174 911 2210 enim
926 2174 1015 2210 locis
1032 2180 1165 2218 manet,

485 2221 533 2256 Et
548 2220 631 2257 inde
646 2233 779 2257 nomen
796 2220 950 2257 inditum
966 2228 1019 2257 est
1036 2222 1171 2257 senario
1183 2239 1193 2257 :

482 2267 553 2304 Sed
572 2273 624 2303 ter
640 2267 779 2310 feritur,
802 2268 886 2304 hinc
903 2269 1080 2304 trimetrum
1096 2269 1249 2313 dicitur3

487 2314 700 2352 Scandendo
717 2315 822 2351 binos
838 2314 936 2363 quod
954 2315 1060 2362 pedes
1076 2317 1342 2364 conjungimus.

206 2374 318 2422 Ictus,
343 2374 532 2427 percussio
550 2375 715 2420 dicitur3
746 2375 838 2427 quia
866 2375 1021 2422 tibicen,
1042 2375 1135 2415 dum
1155 2377 1352 2429 rythmum
1371 2386 1410 2416 et
1429 2386 1582 2430 tempus
1601 2379 1735 2418 mode·

206 2429 376 2475 rabatur,
397 2438 456 2468 ter
484 2429 523 2468 in
553 2429 742 2474 trimetro,
762 2437 899 2480 quater
930 2430 966 2467 in
997 2439 1236 2477 tetrametro,
1265 2430 1389 2470 solum
1415 2431 1514 2484 pede
1547 2432 1732 2473 feriebat:

207 2485 307 2533 ἄρσις
334 2492 463 2523 autem
491 2483 573 2522 sive
600 2482 759 2522 elevacio
785 2482 1025 2535 appellatum
1057 2484 1163 2536 quod
1189 2485 1226 2524 in
1246 2484 1382 2524 iisdem
1402 2485 1574 2537 syllabis,
1593 2488 1735 2539 quibus

207 2537 347 2576 tibicen
365 2536 492 2589 pedem
511 2536 842 2582 accommodabat,
865 2547 972 2576 actor
994 2552 1111 2577 vocem
1131 2540 1294 2579 acuebat
1310 2553 1354 2579 ac
1373 2539 1545 2580 tollebat.
1578 2540 1621 2580 In
1642 2541 1735 2581 elmi

206 2600 333 2629 autem
355 2601 443 2631 sunt
462 2600 617 2631 caeterae
637 2590 808 2643 syllabae.
829 2605 917 2642 quae
948 2592 1026 2631 ictu
1046 2592 1242 2632 destitutae
1261 2593 1386 2633 minus
1406 2593 1550 2634 idcirco
1571 2595 1734 2635 audiun-

207 2653 283 2683 tur.
341 2644 426 2683 Hos
446 2646 545 2685 ictus
565 2646 647 2684 sive
665 2648 795 2695 ὄρσεις,
814 2658 955 2696 magno
975 2645 1206 2686 discentium
1225 2647 1442 2693 commodo,
1464 2662 1533 2688 nos
1560 2650 1672 2702 primi
1693 2651 1733 2690 in

206 2707 337 2737 nostra
365 2699 532 2739 editione
563 2712 630 2751 per
661 2708 842 2739 accentus
875 2708 1011 2738 acutos
1043 2701 1318 2753 expressimus,
1350 2708 1429 2741 tres
1463 2702 1501 2742 in
1533 2704 1734 2751 trimetris,

208 2761 372 2803 quatuor
392 2753 430 2791 in
451 2753 707 2793 tetrametris:

490 2814 598 2851 Poeta
613 2827 695 2852 cum
713 2816 868 2863 primum
885 2814 1044 2852 Animum
1061 2816 1104 2852 ad
1122 2817 1348 2856 scribendum
1364 2819 1516 2867 appulit,

491 2862 532 2898 ld
548 2861 615 2898 sibi
632 2863 753 2910 negoti
770 2861 919 2899 credidit
935 2862 1053 2899 solum
1070 2863 1156 2900 dari.

488 2908 692 2952 Enimvero,
711 2909 826 2953 Dave,
844 2909 895 2947 nn
909 2909 980 2947 loci
996 2917 1050 2946 est
1066 2910 1227 2958 segnitia.-
1242 2924 1358 2962 neque
1374 2913 1558 2958 ooe61ffl2,

485 2954 669 3000 Quantum
685 2956 842 2995 intellexi
857 2955 967 2995 modo
982 2957 1077 2995 senis
1093 2958 1304 2997 sententiam
1320 2959 1366 2998 de
1380 2959 1528 3009 uupdis.
