1852 3216
107 161 358 217 semu-111]

725 156 1032 200 ANDRIA.

1590 161 1647 202 93

163 249 262 291 ΜΥ.
285 249 505 298 Quidnam
523 248 807 304 incepturus?
858 246 978 288 Div.
1001 245 1168 301 Accipe
1188 261 1214 288 a
1232 261 1300 288 me
1321 246 1436 290 hunc
1458 248 1594 299 ocius,

110 322 150 352 10
165 313 314 369 Atque
335 321 434 356 ante
454 321 645 355 nostram
659 313 837 368 januam
856 326 1040 367 appone.

1093 311 1192 353 MY.
1216 310 1431 362 Obsecro,

165 378 385 420 Humine‘?
435 377 556 420 DAv.
581 377 655 419 Ex
674 392 750 420 ara
769 376 870 419 hinc
891 391 1011 418 sume
1030 377 1242 419 verbenas
1263 377 1356 427 tibi,

164 443 314 499 Atque
335 458 409 486 eas
430 444 675 485 substerne.
725 442 825 484 MY.
849 441 1145 490 Quamobrem
1163 442 1209 484 id
1231 448 1324 484 tute
1344 456 1429 483 non
1451 441 1587 485 facis?

164 508 285 550 Div.
310 508 441 559 Quia,
465 508 501 550 si
521 508 632 550 forte
653 522 764 563 opus
786 508 841 549 sit
861 507 918 549 ad
937 506 1091 549 herum
1106 507 1342 563 jurandum
1361 506 1467 548 mihi

165 573 270 615 Non
289 573 561 629 apposuisse,
580 580 631 615 ut
649 572 813 628 liquido
834 573 1010 628 possim.
1062 572 1162 614 MY.
1187 571 1411 627 Intelligo:

110 646 148 676 15
165 637 294 679 Nova
313 652 428 680 nunc
447 637 598 695 religio
618 638 661 679 in
683 645 724 679 te
745 638 866 679 istaec
886 638 1075 688 incessit,
1096 637 1235 679 cedo?

166 702 287 744 DAv.
311 702 443 745 Move
467 703 585 745 ocius
606 709 664 753 te,
686 710 749 753 ut,
770 703 877 758 quid
897 717 1035 758 agam,
1057 716 1190 758 porro
1209 700 1438 757 intelligas.

166 767 256 809 Pro
276 767 474 823 Jupiter!
516 767 615 809 ΜΥ.
633 767 754 814 Quid
774 769 870 809 est?
916 766 1036 809 DAv.
1058 767 1242 822 Sponsae
1262 774 1387 822 pater
1406 767 1650 810 intervenit.

165 832 373 888 Repudio
393 832 511 887 quod
531 831 754 874 consilium
773 832 957 887 primum
976 832 1260 874 intenderam.

155 927 203 956 11.
221 927 271 956 Es
285 937 342 956 ara
357 928 427 956 hinc
445 936 527 956 sume
551 927 695 956 verbenas
717 924 791 966 tibi]
809 927 859 956 Es

109 979 175 1005 cira,
207 968 331 999 scilicet
359 967 524 1010 Apollinis
555 967 636 1008 (vid.
665 967 750 999 infra
778 967 856 999 Lin-

109 1011 221 1042 denbr.
260 1011 423 1042 Caeterum
444 1021 504 1052 pro
525 1009 635 1047 δήλων
652 1010 716 1042 Ms.
732 1011 856 1042 Boend.

110 1060 143 1084 et
158 1053 208 1084 ed.
227 1054 282 1084 Du
299 1054 336 1084 B.
353 1053 433 1094 legit
450 1053 613 1092 δαμείη),
630 1063 726 1094 quem
748 1053 859 1090 δήλων

111 1096 294 1127 Menander
315 1103 418 1134 vocat,
441 1102 498 1127 aut
519 1096 606 1137 quod
628 1096 776 1137 Apollini
802 1107 857 1127 co-

109 1139 231 1170 moedia
251 1139 358 1170 dicata
380 1145 447 1170 est:
471 1138 506 1170 in
529 1140 621 1179 cujus
643 1139 799 1170 honorem
822 1149 857 1170 a·

108 1191 179 1213 ram
201 1181 450 1219 constituebant,
473 1181 665 1213 comoediam
690 1181 856 1213 celebran-

110 1230 169 1255 tes.
208 1224 356 1266 Apollini
379 1235 457 1266 ergo
477 1225 645 1262 comoedia,
663 1225 782 1255 Libero
797 1235 856 1266 pa-

110 1267 153 1298 tri
183 1267 347 1309 tragoedia.
395 1270 483 1299 Sume
508 1269 652 1298 verbenas
680 1267 755 1308 tibi]
786 1269 861 1298 Ver-

114 1312 196 1342 benae
211 1310 302 1351 quasi
317 1312 463 1347 herbenae,
480 1309 671 1341 redimicula
689 1317 767 1341 sunt
788 1320 859 1341 ara-

110 1363 193 1383 rum.
236 1352 323 1393 Tibi]
346 1353 389 1384 Τὸ
413 1355 481 1390 tibi,
497 1352 589 1393 quaei
610 1359 738 1393 gestum
755 1363 858 1394 quen-

112 1395 187 1426 dam
213 1401 246 1426 et
269 1402 393 1426 motum
420 1395 653 1427 stomachantis
679 1396 798 1426 habet:
822 1401 861 1426 ut

112 1437 200 1475 alibi,
219 1440 302 1471 Quid
316 1440 362 1469 vis
378 1440 463 1469 tibi?
501 1438 555 1475 Et,
572 1440 630 1469 tibi
644 1449 736 1475 sume,
753 1438 858 1473 dixin

113 1491 189 1516 non.
202 1482 259 1511 tibi
270 1482 436 1512 substerne.
465 1482 516 1512 E:
529 1492 587 1511 ara
601 1492 683 1512 sume
698 1480 859 1521 verbenas]

118 1525 262 1554 Verbenae
287 1529 364 1554 sunt
387 1533 500 1554 omnes
530 1523 639 1554 herbae
665 1523 860 1564 frondesque

113 1565 204 1597 festae
232 1565 274 1596 ad
303 1575 376 1597 aras
405 1566 629 1597 coronandas:
665 1566 718 1597 vel
747 1576 861 1597 omnes

112 1608 221 1640 herbae
235 1608 430 1649 frondesque
445 1619 487 1639 ex
502 1608 610 1649 aliquo
623 1608 694 1640 loco
710 1619 792 1650 puro
803 1609 860 1640 de-

112 1658 241 1692 cerptae.
282 1653 424 1682 Verbenae
438 1657 547 1682 autem
562 1651 667 1688 dictae,
684 1651 775 1692 quasi
791 1653 860 1682 her·

114 1696 217 1729 bem,-
247 1693 293 1725 sic
318 1694 500 1725 Menander
522 1696 542 1715 ⁸
567 1695 768 1734 ΚΟΔΕξΙΑΟ
791 1694 860 1725 CT-

114 1737 330 1768 M’rPPYNAC
347 1737 658 1768 xxHCAIC'rPlNP
670 1740 689 1759 ⁸
704 1738 716 1776 (
724 1737 771 1768 Io.
784 1737 859 1769 Cle-

114 1779 201 1810 ricus
223 1779 395 1810 restituere
416 1779 522 1810 locum
543 1785 732 1820 corruptum
751 1780 798 1811 ita
813 1788 863 1811 est

115 1828 251 1853 conatus
263 1834 270 1851 :
293 1821 485 1861 σκολῦψασα
499 1822 540 1853 σὺ
555 1822 702 1863 puppinus
715 1824 794 1864 τῇδε
809 1821 861 1853 ἕκ-

115 1877 209 1902 τεινε,
230 1865 262 1895 h.
279 1874 306 1895 e.
326 1866 440 1895 evulsos
462 1870 591 1905 myrteos
612 1876 710 1895 ramos
731 1867 789 1896 hac
809 1876 862 1896 ez-

116 1910 213 1938 tende.
253 1907 392 1948 Propius
416 1907 458 1938 ad
480 1907 617 1948 vestigia
643 1913 763 1944 vetera,
790 1907 862 1948 opi-

116 1960 186 1987 nor,
202 1949 265 1980 ἆπὸ
280 1949 306 1980 δ’
326 1950 434 1982 ἑστίας
455 1949 497 1981 σύ
517 1948 671 1990 paupribus,
697 1949 752 1980 ἐὰν
774 1949 861 1990 ἔχῃς,

117 1993 261 2024 διατεῐνε.
304 1992 543 2024 Phileleuterus
569 1992 750 2034 Lipsiensis
771 1999 861 2034 post·

115 2046 212 2076 quam
228 2035 391 2066 Clericum
412 2035 600 2076 exagitavit,
617 2035 663 2066 ita
688 2035 795 2066 locum
810 2045 862 2066 re-

117 2078 252 2110 stituere
281 2078 457 2110 Menandri
488 2078 646 2109 tentavit:
678 2078 740 2109 ἆπὸ
763 2079 864 2118 δεξιᾶς

118 2132 169 2152 σοι
190 2120 335 2161 μυῤῥίνης
354 2119 490 2153 κλάδους
505 2120 599 2157 λάβε.
642 2121 865 2162 Philargyrius

117 2164 397 2205 Cantabrigiensis
406 2164 526 2195 Clerici
538 2174 638 2205 agens
650 2174 780 2195 causam
795 2164 864 2195 haec

117 2207 264 2249 reponit:
289 2206 351 2237 ἀπὸ
373 2207 399 2237 δ’
422 2206 540 2244 ἑστίας,
557 2206 599 2238 σὺ
615 2206 763 2247 Μνῤῥίνα,
779 2208 866 2247 σχῆς

116 2250 275 2288 tvo-reret
313 2251 360 2282 At
374 2260 451 2281 vero
472 2250 535 2281 nisi
556 2248 610 2280 hic
625 2261 689 2280 arae
705 2257 738 2280 et
758 2252 862 2281 verbe-

118 2303 225 2323 narum
248 2292 305 2323 fiat
326 2292 459 2330 mentio,
477 2293 574 2324 verba
594 2292 769 2323 Menandri
791 2298 868 2324 sunt

119 2335 234 2366 aliena.
282 2335 318 2366 Si
346 2336 484 2377 Μυῤῥίια
509 2335 623 2367 feceris
647 2345 766 2366 nomen
790 2346 866 2377 pro-

118 2378 237 2419 prium,
254 2385 394 2420 pereunt
409 2379 517 2410 herbae
531 2388 639 2410 sacrae.
675 2378 775 2409 Verbi
791 2380 866 2409 δυσ-

119 2422 211 2459 qm?
222 2421 312 2452 nulla
325 2421 379 2452 liic
393 2421 602 2463 reperiuntur
616 2421 763 2462 vestigia.
805 2422 867 2452 At-

120 2474 183 2504 que
198 2463 334 2496 κλάδους
350 2462 445 2502 λάβε,
467 2464 544 2495 licet
558 2464 722 2496 senarium
739 2466 867 2504 juvent,

122 2506 244 2537 nullam
275 2507 448 2538 Menandri
482 2507 660 2548 praeferunt
692 2506 866 2538 auctorita-

123 2549 215 2588 tem).
248 2549 288 2580 D.
291 2552 386 2581 ——Eae
406 2561 463 2581 ara
484 2549 571 2590 hinc]
589 2550 746 2581 Romanis
761 2549 866 2581 omni—

123 2592 184 2622 bus
199 2601 269 2623 mos
283 2598 334 2623 est
347 2592 382 2623 in
398 2593 491 2630 atrio,
506 2593 567 2624 hoc
580 2599 638 2630 est,
649 2592 684 2624 in
696 2592 867 2631 vestibulo,

123 2634 242 2665 habere
257 2634 401 2672 Vestam,
416 2635 537 2684 quippe
552 2646 626 2666 cum
642 2635 719 2667 inde
732 2638 865 2667 vestibu-

124 2678 186 2707 lum
207 2677 415 2715 nominarint,
437 2678 491 2709 cui
511 2678 706 2710 sacrificium
723 2678 868 2719 quotidie

124 2719 277 2751 facerent.
325 2719 397 2750 mic
422 2720 454 2751 ei
481 2720 587 2752 fuerat
612 2721 767 2752 collocata
792 2731 866 2758 ara;

122 2762 245 2793 idcirco
259 2762 383 2793 dictum
399 2769 458 2801 est,
473 2765 524 2794 E:
538 2774 596 2794 ara
609 2775 691 2795 sune
710 2766 780 2795 hinc
800 2775 867 2796 ver·

125 2807 215 2836 benus
230 2807 298 2836 tibi.
326 2805 366 2836 E.

169 2850 217 2879 12.
237 2847 434 2883 Quamobrem
449 2850 484 2879 id
498 2853 560 2879 tute
574 2860 630 2879 non
643 2847 769 2890 sacis-⁷]
789 2851 866 2882 Tute

123 2896 200 2922 tunc
216 2891 344 2928 dicitur,
360 2901 434 2922 cum
455 2901 634 2932 pronomen
656 2891 697 2922 ad
720 2902 791 2924 eam
814 2903 865 2924 re·

123 2940 255 2965 vocatur
285 2944 467 2975 personam,
496 2944 514 2964 a
542 2945 606 2975 qua
634 2934 795 2967 sumitur:
830 2941 868 2967 ut

124 2976 212 3008 verbi
234 2976 347 3018 gratia,
371 2987 446 3008 cum
468 2976 616 3014 dicimus,
636 2978 681 3008 Tu
703 2979 789 3018 1ege;
812 2978 866 3010 ine

902 925 996 957 nobis
1016 926 1220 967 respondeat,
1239 927 1303 957 cur
1318 931 1383 957 tute
1406 937 1464 958 non
1479 928 1580 968 Iegis?
1610 927 1653 958 D.

901 968 998 999 —Ob
1010 979 1180 1041 Bnumeros
1210 968 1362 1000 meliores
1394 971 1430 1000 id
1461 980 1548 1012 pone
1580 976 1656 1011 post

902 1015 976 1041 tute.

948 1054 997 1084 13.
1018 1055 1108 1090 Quia,
1125 1052 1245 1093 sisoi-te
1260 1065 1334 1094 opus
1350 1056 1393 1085 sit
1413 1056 1456 1085 ad
1475 1057 1580 1086 herum
1594 1054 1654 1096 ju·

901 1098 1032 1127 randum
1047 1095 1138 1136 mihi]
1157 1096 1211 1127 Sic
1227 1096 1354 1127 locutus
1369 1102 1429 1134 est,
1445 1104 1482 1128 ut
1497 1097 1654 1138 explicari

901 1145 999 1179 atque
1020 1138 1161 1180 intelligi
1184 1149 1250 1170 non
1272 1139 1394 1180 possit:
1418 1146 1476 1170 aut
1490 1139 1578 1170 enim
1596 1140 1655 1171 de-

902 1188 952 1212 est
957 1193 1024 1222 jus,
1043 1187 1080 1212 ut
1094 1181 1137 1212 sit
1146 1182 1319 1222 jurandum
1333 1192 1393 1224 pro
1408 1181 1654 1222 jusjurandum·
1642 1207 1651 1219 ,

901 1230 967 1262 aut,
996 1231 1033 1256 ut
1057 1224 1154 1265 vulgo
1179 1224 1307 1262 dicitur,
1328 1225 1552 1265 juramentum.
1599 1226 1654 1263 Et,

904 1269 1167 1341 332253275.
1174 1279 1276 1350 3222]
1282 1278 1359 1341 ⁰31¹&
1373 1270 1656 1351 {5223ssssss

903 1355 987 1383 mihi.
1020 1353 1275 1383 L.—Jumndum
1291 1359 1342 1384 est
1355 1364 1420 1384 vox
1435 1353 1540 1384 nihili.
1573 1354 1654 1385 Om-

904 1405 972 1432 nes,
986 1405 1067 1436 quos
1083 1395 1150 1425 vidi
1172 1395 1264 1426 codd.
1286 1396 1408 1427 habent
1421 1396 1654 1436 jusjurandum,

905 1444 1025 1479 praeter
1039 1448 1141 1469 unuin
1157 1438 1401 1476 Academicum,
1418 1438 1474 1469 ubi
1497 1445 1547 1470 est
1559 1439 1654 1479 jure-

895 1481 1044 1521 jurando.
1091 1481 1161 1511 Nos
1185 1487 1222 1512 ut
1247 1480 1356 1512 versui
1384 1481 1581 1519 medeamur,
1606 1481 1655 1513 le·

903 1523 1047 1563 gendum
1077 1533 1247 1554 censemus
1271 1524 1392 1563 jurato,
1423 1524 1509 1564 quod
1540 1525 1655 1555 eodem

904 1566 1024 1597 dicitur
1042 1565 1149 1603 inodo,
1166 1576 1229 1606 quo
1254 1566 1339 1597 infra
1360 1571 1544 1605 transcurso,
1571 1567 1655 1599 Hec.

904 1608 950 1639 iii.
967 1610 998 1639 4.
1019 1609 1066 1641 17.
1100 1609 1139 1639 Β.

951 1652 1000 1682 14.
1024 1653 1066 1682 Ut
1087 1653 1202 1692 liquido
1218 1650 1349 1692 passim]
1367 1653 1510 1692 Liquido,
1525 1662 1607 1693 pure
1622 1657 1657 1684 et

905 1693 1086 1725 manifeste.
1125 1694 1212 1725 Nam
1228 1705 1300 1735 quae
1315 1701 1391 1726 sunt
1412 1705 1495 1736 pura
1510 1701 1544 1726 et
1557 1695 1655 1726 defae-

905 1743 987 1773 cata,
1014 1737 1138 1778 liquida
1163 1744 1250 1768 sunt.
1282 1737 1420 1768 D.—Ut
1446 1739 1562 1778 liquido
1584 1750 1655 1778 pos-

905 1779 979 1820 sim]
998 1780 1044 1811 Ut
1058 1790 1150 1821 pure,
1166 1780 1283 1820 inquit,
1299 1787 1333 1811 et
1347 1780 1519 1811 manifeste
1532 1781 1656 1822 possim

901 1822 1130 1862 jusjurandum
1158 1823 1321 1861 adhibere,
1346 1833 1399 1853 me
1423 1833 1563 1864 puerum
1587 1833 1657 1854 non

907 1865 1106 1906 exposuisse.
1138 1865 1178 1896 E.

953 1909 1002 1938 15.
1021 1909 1108 1939 Nova
1123 1919 1202 1938 minc
1216 1907 1342 1948 religio]
1361 1907 1469 1944 Bene;
1487 1909 1655 1948 jusjuran-

906 1949 983 1980 dum
1000 1956 1146 1981 metuere
1163 1960 1304 1986 servum,
1320 1950 1458 1982 monstri
1473 1951 1580 1982 simile
1595 1958 1655 1983 est.

909 1993 996 2023 Nova
1011 1992 1136 2033 religio]
1157 1993 1196 2023 In
1212 2002 1315 2030 servo,
1330 1999 1363 2024 et
1379 1992 1449 2034 (est.
1468 1994 1522 2034 Z.)
1538 1994 1656 2026 subita.

906 2036 996 2066 Nova
1011 2047 1089 2066 nunc
1112 2035 1240 2076 religio]
1255 2035 1393 2067 Servum
1410 2035 1496 2067 nolle
1511 2037 1655 2074 mentiri,

906 2087 993 2109 nova
1018 2077 1134 2119 religio
1158 2084 1216 2109 est.
1261 2078 1357 2119 Cedo]
1382 2079 1584 2120 Porrigentis
1607 2087 1659 2112 est

908 2130 1050 2151 manum.
1095 2123 1193 2152 Porro
1221 2121 1395 2162 intelligas]
1422 2123 1530 2160 Porro,
1559 2123 1657 2154 modo

908 2163 1098 2195 adverbium
1129 2170 1179 2195 est
1205 2163 1349 2199 ordinis;
1382 2164 1462 2195 alias
1475 2165 1655 2213 temporis.

910 2206 952 2237 D.
954 2208 1086 2238 —Nova
1102 2218 1180 2238 nunc
1194 2206 1320 2248 religio]
1338 2206 1462 2244 Subito,
1474 2206 1591 2248 inquit,
1602 2218 1656 2239 re-

908 2249 1043 2290 ligiosus
1059 2250 1193 2281 effectus
1209 2260 1262 2280 es·
1255 2272 1262 2285 ,
1287 2256 1320 2280 et
1334 2256 1385 2281 est
1400 2249 1657 2290 caputaquis-E.

910 2294 1043 2323 —Nova
1065 2303 1145 2323 nunc
1164 2291 1290 2333 religio]
1307 2292 1413 2323 Gloss.
1430 2292 1502 2323 Lat.
1521 2294 1657 2334 Religio-

910 2346 972 2372 πει,
987 2338 1224 2375 superstitiones.
1253 2335 1291 2366 B.
1336 2334 1551 2375 Augustinus,
1565 2335 1622 2367 lib.
1633 2336 1658 2367 i.

911 2388 981 2420 cap.
996 2380 1026 2409 3.
1043 2378 1083 2409 de
1106 2378 1229 2416 ordine,
1245 2379 1373 2409 Nihilne
1387 2380 1471 2415 mihi,
1487 2380 1596 2418 inquit,
1611 2381 1661 2410 vel

912 2426 946 2452 tu
961 2423 1015 2461 qui
1029 2423 1208 2461 compulisti,
1230 2423 1273 2451 ad
1290 2423 1353 2452 ista
1375 2422 1561 2460 respondes?
1599 2423 1659 2453 Giis‘

910 2475 985 2504 ego:
1008 2465 1097 2495 Nova
1117 2475 1196 2495 nunc
1209 2465 1318 2504 religio
1332 2465 1437 2494 isthaec
1459 2465 1491 2494 in
1512 2468 1542 2495 te
1559 2466 1657 2496 inces-

910 2510 970 2542 sit,-
985 2509 1082 2538 cedo?
1104 2509 1236 2547 iuquam,
1251 2512 1307 2537 etc.
1332 2506 1500 2537 L.—Dele
1514 2508 1557 2545 in,
1572 2506 1660 2548 quod

911 2556 1073 2591 repugnat
1087 2549 1161 2581 usui
1177 2552 1331 2580 incessere.
1365 2549 1402 2580 B.

958 2593 1007 2625 17.
1031 2594 1152 2632 Sponsa
1167 2597 1258 2632 pater
1274 2591 1453 2632 intervenit]
1477 2591 1576 2630 Mire,
1590 2602 1658 2624 non

911 2635 1004 2673 dixit,
1028 2637 1187 2666 Chremes.-
1216 2645 1268 2672 ne,
1292 2645 1391 2675 quum
1417 2634 1562 2673 dixisset,
1585 2635 1660 2676 quis

912 2679 1089 2709 Chremes?
1106 2687 1218 2709 rursus
1233 2657 1286 2708 hic
1398 2677 1522 2715 aderet,
1530 2688 1660 2720 sponsa:

910 2727 1013 2763 pater.
1050 2721 1094 2751 Et
1118 2731 1184 2751 non
1208 2726 1330 2751 temere
1356 2687 1418 2751 Boc
1440 2720 1519 2752 flacit

911 2774 988 2795 nam
1023 2763 1218 2805 promiserat
1245 2773 1281 2794 se
1314 2762 1493 2795 rediturum
1548 2773 1660 2795 omum

910 2807 1077 2843 Chremes,
1093 2808 1222 2837 Domum
1248 2807 1333 2836 modo
1357 2807 1427 2837 ibo:
1448 2811 1485 2837 nt
1507 2817 1658 2846 amaren-

909 2855 970 2886 tur,
986 2851 1107 2880 dicam:
1130 2854 1221 2889 atque
1231 2850 1290 2879 huc
1303 2850 1454 2880 nuncio.
1485 2849 1660 2884 D.-Qm’d

909 2898 953 2923 est
970 2898 1056 2923 recte
1072 2891 1192 2922 habent
1206 2901 1319 2922 omnes
1332 2891 1425 2923 codd.
1463 2892 1502 2923 Β.

958 2936 1005 2965 18.
1031 2936 1120 2968 Quod
1139 2936 1271 2973 primis
1284 2934 1490 2975 intenderam]
1514 2935 1660 2966 Verbum

911 2989 929 3009 a
946 2976 1152 3009 venatoribus
1165 2976 1365 3014 translatum,
1382 2977 1437 3018 qui
1453 2977 1535 3009 retia
1550 2977 1658 3009 inten-
