1910 3216
414 87 598 124 INDEX
631 87 957 125 VERBORUM
994 89 1063 125 ET
1098 87 1422 127 PHRASIUM.

72 180 114 202 ne
136 174 291 212 oppertus
317 169 388 201 siet.
425 169 554 201 Phorm.
579 169 625 200 iii.

73 214 104 250 2,
121 214 172 244 29.

111 254 277 295 pretereo]
303 255 381 286 Sine
405 254 539 287 biduum
563 255 626 287 hoc

66 304 241 336 pratereae.
259 298 343 330 Eun.
360 298 393 329 ii.
407 299 437 335 2,
447 299 499 330 52.
537 296 625 330 Prae-

70 343 156 372 terii:
177 348 315 383 tempus.
353 341 437 372 Eun.
461 340 509 372 iii.
538 341 569 379 4,
595 342 624 372 4.

70 383 193 414 Locum
209 383 453 425 reprehensum,
468 382 523 425 qui
542 393 625 422 pra·-

70 429 180 457 teritue
204 426 412 468 negligentia'
415 433 453 458 st.
485 426 624 468 Adelph.

70 469 156 500 Prol.
178 470 225 500 14.
271 471 434 500 Praeterito
456 469 515 500 hac
538 476 626 501 recta

68 511 176 552 platea
204 522 324 543 sursus.
363 511 504 553 Adelph.
526 511 568 543 iv.
595 513 623 549 2,

70 555 121 584 35.
169 555 295 591 Nescis,
309 554 386 595 quid
403 555 477 585 mali
493 560 622 593 prater-

70 599 154 628 ieris.
179 597 260 628 Hec.
278 597 322 628 iii.
341 598 372 633 4,
389 598 418 628 5.
458 597 529 629 Tua
541 607 623 636 prae-

70 642 198 670 ter-'erat
206 641 273 680 jam
285 640 326 671 ad
339 639 523 671 ducendum
536 647 623 672 aetas.

69 682 199 712 Phorm.
216 682 249 713 ii.
268 684 297 719 8,
316 682 366 715 76.

110 724 327 765 prater-mitto]
343 725 405 762 Do,
413 727 623 763 praetermitto.

69 767 208 808 Adelph.
232 767 252 798 i.
271 769 300 805 2,
318 768 367 798 26.
415 768 470 799 Fit
490 767 623 799 sedulo.

68 809 114 840 nil
128 813 337 847 praeeermitto.
355 810 448 842 Adel.
466 810 511 842 iii.
529 812 558 848 3,
570 811 621 842 60.

99 853 357 894 praetereaquam]
368 853 512 884 Verbum
523 864 623 885 unum

68 895 149 926 mihi
155 901 395 936 praetereaquam
403 895 487 936 quod
498 903 613 937 terogo

68 937 152 969 saxis
180 949 267 969 cave.
322 938 407 970 And.
437 938 480 970 iv.
511 940 542 977 4,
574 940 622 970 14.

68 980 143 1011 vide
160 981 272 1012 Notas.

109 1022 329 1064 praeterquam]
347 1024 472 1064 Neque,
491 1029 621 1062 praeter-

67 1077 157 1106 quam
172 1076 251 1107 quas
273 1066 343 1107 ipse
355 1076 445 1097 amor
460 1066 623 1098 molestias

68 1108 175 1146 habet,
207 1108 315 1140 addas.
356 1109 440 1140 Eun.
466 1109 486 1140 i.
515 1110 542 1147 1,
570 1111 621 1140 32.

69 1150 280 1191 Praeterquam
292 1151 339 1182 tui
350 1151 525 1183 carendum
537 1153 623 1193 quod

68 1201 146 1225 erat.
166 1194 286 1225 Heaut.
303 1194 336 1225 ii.
354 1195 384 1230 4,
399 1195 450 1226 20.

109 1236 227 1277 praeat]
245 1237 372 1268 Ludum
385 1239 559 1278 jocumque
572 1237 620 1269 di-

68 1289 122 1310 ces
137 1279 237 1311 fuisse
252 1279 343 1311 illum
360 1280 506 1316 alterum,
522 1285 623 1318 praeut

67 1322 162 1362 huius
186 1322 290 1354 rabies
313 1332 385 1363 quae
406 1322 504 1354 dabit.
537 1323 621 1354 Eun.

67 1364 100 1395 ii.
118 1366 148 1402 3,
166 1366 196 1396 9.

107 1407 289 1448 prandium]
301 1409 471 1439 Prandium
477 1418 620 1440 corrum-

66 1449 164 1490 pitur.
180 1450 319 1492 Adelph.
335 1450 378 1481 iv.
396 1452 425 1487 2,
442 1451 494 1482 49.

108 1492 220 1534 prave]
236 1493 330 1531 Vide,
347 1503 389 1524 ne
412 1493 560 1534 inpulsus
575 1493 624 1524 ira

67 1545 167 1577 prave
189 1535 331 1567 insistas.
364 1536 446 1567 Hec.
463 1536 508 1567 iii.
524 1538 554 1574 5,
571 1538 622 1567 34.

68 1578 205 1619 Nequeo
227 1578 316 1615 satis,
339 1589 435 1619 quam
457 1579 519 1610 hoc
541 1579 621 1610 mihi

68 1620 196 1652 videtur
210 1631 310 1662 prave
320 1621 449 1658 factum,
463 1621 622 1663 proloqui.

68 1663 151 1695 Hec.
168 1663 210 1694 iv.
227 1665 257 1700 4,
275 1665 327 1694 24.

108 1705 265 1746 pravitas]
277 1707 359 1742 Quae
370 1706 458 1738 istaec
472 1709 621 1744 pravitas,

67 1759 179 1789 quaeve
194 1749 336 1780 amentia
351 1750 422 1780 est?
454 1749 574 1780 Heaut.
593 1760 620 1781 v.

69 1793 99 1829 2,
117 1792 167 1822 20.

109 1833 241 1874 pravus]
274 1834 390 1874 Neque
426 1833 460 1865 id
497 1834 623 1876 putabit

66 1886 190 1914 pravom
219 1887 261 1908 an
293 1884 418 1907 rectum
454 1877 506 1913 sit,
538 1877 623 1918 quod

67 1920 159 1961 petit.
193 1919 314 1950 Heaut.
340 1919 385 1950 iii.
414 1920 441 1956 l,
467 1919 517 1952 76.
549 1920 623 1951 vide

68 1962 181 1994 Notas.
234 1963 351 2003 Inepta
372 1961 489 1993 lenitas
510 1963 621 2003 patris,

68 2010 102 2036 et
116 2004 254 2036 facilitas
273 2014 381 2042 prava.
414 2004 552 2046 Adelph.
575 2005 621 2037 iii.

69 2049 99 2085 3,
116 2048 167 2080 37.
228 2047 299 2079 Etsi
315 2047 375 2078 hoc
393 2046 472 2078 mihi
488 2057 621 2086 pravom,

68 2090 226 2139 ineptum,
238 2090 422 2127 absurdum,
435 2096 531 2131 atque
543 2090 621 2122 alie-

68 2143 145 2164 num
153 2143 172 2164 a
179 2133 244 2164 vita
255 2143 326 2164 mea
335 2132 471 2164 videtur.
483 2133 622 2175 Adelph.

68 2186 97 2207 v.
123 2178 152 2213 8,
177 2177 227 2207 21.
275 2175 321 2206 Iis
344 2185 430 2206 nunc
453 2176 622 2217 praemium

68 2225 128 2255 est,
156 2218 212 2259 qui
238 2225 327 2249 recta
361 2227 460 2257 prava
489 2218 621 2251 faciunt.

68 2262 199 2293 Phorm.
218 2271 246 2292 v.
265 2263 294 2298 2,
312 2261 342 2291 6.

111 2303 268 2345 precario]
292 2303 389 2334 Hanc
411 2309 447 2334 tu
469 2303 548 2335 mihi
572 2304 623 2335 vel

68 2346 110 2384 vi,
134 2347 185 2378 vel
211 2346 304 2383 clam,
329 2346 380 2377 vel
408 2349 548 2384 precario
574 2347 622 2378 fac

68 2389 184 2421 tradas.
208 2390 293 2420 Eun.
310 2388 344 2420 ii.
362 2391 391 2425 3,
410 2390 461 2422 27.

109 2431 267 2472 precator]
293 2432 363 2462 Nec
387 2438 422 2462 tu
441 2442 528 2462 aram
553 2431 622 2469 tibi,

68 2485 127 2506 nec
141 2480 328 2512 precatorem
342 2474 475 2515 pararis.
501 2474 621 2506 Heaut.

67 2528 96 2548 v.
111 2519 141 2554 2,
155 2519 205 2548 23.
241 2517 294 2548 Ad
309 2522 493 2554 precatorem
509 2517 621 2548 adeam

66 2560 173 2597 credo,
183 2559 239 2600 qui
251 2559 331 2590 mihi
339 2559 386 2590 sic
395 2565 474 2590 oret.
490 2559 620 2591 Phorm.

69 2602 91 2633 i.
110 2605 139 2640 2,
156 2604 208 2634 90.

109 2645 211 2685 preci]
247 2643 339 2675 Nihil
370 2649 420 2675 est
446 2647 532 2682 preci
560 2644 622 2675 loci

661 167 707 200 nil
720 177 836 207 precor.
861 169 991 201 Phorm.
1005 170 1026 201 i.
1044 171 1074 208 2,
1092 171 1143 202 92.

679 213 863 250 prehendo,
873 212 1006 254 prendo]
1019 213 1110 245 Tuus
1121 219 1214 262 pater

661 240 713 285 me
728 254 824 286 modo
836 257 1008 294 prehendit.
1030 255 1141 287 And.
1132 265 1166 287 ιι.
1183 256 1212 294 2,

664 297 712 328 16.
758 264 859 332 Ωιιὶερ
861 297 958 329 homo
979 308 1132 339 umquam
1155 308 1214 347 pro

662 339 786 371 moecho
801 340 884 372 vidit
905 340 940 371 in
955 340 1051 372 domo
1066 340 1213 372 meretri-

659 381 711 414 cia
735 385 846 421 prendi
873 384 1088 424 quemquam?
1128 383 1213 415 Eun.

660 435 688 455 v.
706 426 737 462 4,
754 426 807 457 39.
848 426 948 468 Syrus
963 433 1013 458 est
1025 427 1212 464 prehenden-

659 469 716 499 dae
746 474 842 517 atque
872 468 1091 501 adhortandus
1122 468 1213 501 mihi.

662 510 781 541 Heaut.
799 511 845 542 iii.
866 513 891 549 1,
907 513 978 543 100.
1017 513 1138 544 Prendo
1152 512 1211 543 ho-

660 552 778 584 minem
788 534 901 585 soluni.
919 554 1048 586 Phorm.
1061 554 1102 586 iv.
1117 556 1147 592 3,
1163 555 1211 586 15.

699 596 848 637 pretium]
877 596 972 633 Quod
1001 597 1100 628 habui
1124 607 1212 629 sum-

659 648 758 675 mum,
793 642 926 676 pretium
962 639 1104 681 persolvi
1143 640 1210 671 tibi.

660 680 833 722 Postquam
849 692 961 713 amans
976 682 1120 720 accessit,
1140 691 1210 720 pre-

659 726 734 754 tium
746 724 912 765 pollicens.
938 725 1024 756 And.
1040 725 1060 756 i.
1078 727 1105 763 1,
1125 727 1164 756 12
1180 732 1213 757 et

658 766 710 797 49.
750 766 938 808 Audireque
953 777 1065 799 eorum
1075 775 1209 817 estope-

658 818 702 839 rae
716 812 849 846 pretium
869 810 1045 842 audaciam.
1081 811 1167 842 And.
1190 810 1210 842 i.

658 853 688 888 3,
708 853 756 882 12.
802 852 891 893 Ergo
902 855 1034 890 pretium
1049 854 1090 884 ob
1103 853 1210 885 stulti-

615 919 622 933 ,
658 893 736 925 tiam
752 894 828 925 fero.
854 895 939 926 And.
952 895 998 926 iii.
1012 897 1041 933 5,
1052 897 1082 927 4.
1129 897 1212 928 Cum

657 936 771 968 faciem
814 937 934 976 videas,
974 938 1103 970 videtur
1141 949 1212 970 esse

657 979 819 1019 quantivis
831 983 923 1017 preti.
962 980 1094 1012 And.v.
1113 982 1142 1018 2,
1162 983 1210 1013 15.

660 1021 796 1053 Pretium
808 1033 942 1064 sperans
953 1022 1028 1054 ilico
1042 1024 1210 1065 producit.

659 1064 779 1096 vendit.
797 1065 881 1096 Eun.
899 1065 919 1096 i.
937 1067 967 1102 2,
985 1067 1036 1096 53.
1076 1066 1110 1097 Si
1127 1077 1210 1098 nun-

657 1117 752 1148 quam
769 1117 865 1139 avare
885 1111 1019 1146 pretium
1036 1109 1134 1140 statui
1149 1109 1211 1140 arti

658 1160 747 1181 meae.
788 1150 907 1181 Heaut.
937 1151 1022 1182 Prol.
1051 1153 1102 1182 48.
1149 1152 1211 1183 Cui

658 1192 704 1223 nil
714 1194 782 1233 jam
798 1199 916 1234 praeter
926 1196 1058 1231 pretium
1065 1194 1210 1226 dulce'st.

659 1235 781 1266 Heaut.
812 1235 845 1267 ii.
873 1237 903 1273 2,
931 1237 960 1267 5.
1022 1237 1093 1277 Ego
1119 1247 1210 1278 spem

655 1281 755 1315 pretio
787 1288 853 1309 ιιοιι
884 1289 966 1309 emo.
1006 1279 1146 1321 Adelph.
1176 1279 1209 1311 ii.

697 1362 833 1404 pridem]
852 1364 958 1399 Quam
979 1365 1097 1401 pridem
1119 1371 1212 1406 pater

657 1405 702 1436 mi
732 1412 766 1437 et
799 1413 903 1438 mater
940 1406 1059 1437 mortui
1092 1413 1209 1439 essent.

659 1448 742 1479 Eun.
759 1448 805 1479 iii.
823 1450 853 1486 3,
873 1450 922 1480 11.
970 1449 1042 1480 Hoc
1060 1459 1119 1490 ego
1134 1450 1210 1481 mali

657 1500 721 1521 non
743 1494 862 1529 pridem
883 1491 1004 1522 inveni.
1040 1492 1184 1523 Heaut.'
1176 1492 1209 1524 1i.

660 1534 687 1570 1,
715 1535 764 1565 12.
819 1534 894 1566 Jam
916 1535 1035 1583 pridem
1061 1535 1210 1576 equidem

656 1576 774 1607 audivi.
801 1577 885 1608 Hec.
902 1577 935 1608 ii.
952 1577 980 1614 1,
997 1579 1048 1608 22.

696 1619 882 1669 primarias]
907 1620 1022 1660 Neque
1047 1620 1144 1660 hujus
1166 1619 1210 1652 sis

656 1661 778 1693 veritus
794 1662 931 1693 faeminae
948 1665 1116 1700 primaria,
1131 1663 1210 1704 quin

656 1714 740 1735 novo
750 1705 845 1736 modo
856 1705 899 1736 eii
911 1705 1034 1736 faceres
1041 1711 1208 1737 contume-

656 1747 742 1778 liam.
761 1747 890 1778 Phorm.
907 1758 936 1779 v.
955 1748 985 1785 7,
1002 1747 1053 1780 78.

697 1789 812 1830 primo]
840 1792 944 1821 Primo
969 1789 1127 1831 processit
1151 1800 1209 1832 pa-

656 1842 738 1863 rum.
763 1832 848 1863 And.
863 1832 905 1863 iv.
924 1834 952 1870 l,
963 1833 1014 1866 47.
1054 1833 1100 1864 At
1112 1833 1209 1864 etiam

655 1877 752 1912 primo
760 1875 911 1906 callidum
924 1886 962 1906 ac
974 1875 1130 1906 disertum
1139 1886 1208 1907 cre-

656 1917 725 1948 didi
739 1918 913 1949 hominem.
938 1918 1021 1949 Eun.
1039 1928 1068 1949 v.
1086 1918 1116 1955 6,
1135 1919 1183 1949 10.

697 1959 878 2001 primulum]
929 1960 1030 1991 Modo
1073 1960 1209 1999 dolores,

658 2013 728 2034 mea
764 2009 808 2040 tu,
841 2002 1006 2044 occipiunt
1036 2005 1209 2041 primulum.

657 2045 797 2087 Adelph.
828 2045 874 2077 iii.
909 2047 937 2083 1,
966 2047 995 2077 2.
1051 2045 1210 2077 Paulatim

656 2088 783 2130 plebem
805 2091 970 2127 primulum
990 2088 1073 2120 facio
1094 2098 1209 2120 meam.

657 2131 797 2173 Adelph.
813 2142 842 2163 v.
860 2131 890 2168 6,
910 2132 958 2162 10.

696 2173 846 2214 primum]
875 2173 1010 2205 Postilla
1030 2184 1117 2205 nunc

657 2228 735 2247 mum
748 2217 855 2254 audio,
868 2217 946 2257 quid
960 2216 1018 2248 illo
1028 2216 1071 2248 sit
1080 2216 1208 2248 factum.

658 2259 744 2290 And.
773 2270 802 2291 v.
829 2261 859 2297 4,
886 2261 937 2290 33.
989 2259 1055 2290 Ubi
1077 2261 1211 2299 primum

657 2302 785 2343 poterit,
802 2313 837 2333 se
851 2302 942 2334 illinc
957 2302 1123 2340 subducet,
1134 2301 1209 2333 scio.

659 2345 743 2376 Eun.
760 2345 802 2376 iv.
822 2346 849 2382 1,
867 2346 915 2376 14.
962 2345 1002 2376 Id
1013 2347 1145 2385 primum
1160 2344 1209 2375 di-

657 2398 727 2418 cam
738 2399 745 2418 :
764 2387 881 2418 deinde
890 2387 975 2428 quod
985 2387 1060 2419 veni
1069 2387 1209 2428 eloquar.

659 2430 779 2462 Heaut.
798 2430 883 2461 Prol.
901 2432 930 2461 3.

697 2472 832 2513 primas]
852 2473 921 2504 Nec
937 2472 1016 2504 satis
1031 2472 1140 2513 dig-na,
1157 2471 1210 2504 cui

656 2516 839 2547 committas
857 2518 956 2555 primo
976 2521 1072 2556 partu
1095 2514 1210 2546 mulie-

657 2568 735 2589 rem.
759 2559 845 2589 And.
867 2558 888 2589 i.
909 2559 939 2595 4,
957 2559 986 2588 3.
1032 2558 1118 2593 Quia
1139 2567 1210 2589 sum

656 2600 743 2642 apud
766 2607 797 2632 te
817 2603 942 2640 primus.
975 2600 1059 2631 Eun.
1076 2600 1097 2631 i.
1116 2601 1145 2638 2,
1161 2602 1210 2631 10.

658 2643 720 2674 Est
740 2653 844 2684 genus
866 2643 1044 2680 hominum,
1063 2642 1118 2683 qui
1140 2653 1211 2674 esse

66 2688 226 2719 relictum.
244 2687 329 2718 And.
345 2685 391 2717 iii.
406 2689 436 2722 4,
453 2688 504 2718 22.
544 2687 622 2718 Per·
654 2688 768 2725 primos
794 2696 829 2717 se
851 2685 995 2716 omnium
1022 2695 1131 2716 rerum
1153 2695 1209 2716 vo-

69 2731 128 2761 fice
144 2731 215 2767 hoc,
228 2731 378 2768 precibu-r,
393 2729 508 2770 pretio.
537 2729 621 2760 Eun.
657 2727 737 2765 lunt,
758 2738 818 2759 nec
840 2734 924 2759 sunt.
958 2728 1043 2759 Eun.
1059 2727 1093 2759 ii.
1110 2729 1140 2765 2,
1160 2727 1209 2761 17.

68 2784 98 2804 v.
115 2775 144 2810 8,
162 2774 212 2804 25.
261 2772 304 2802 Ut
320 2781 425 2811 neque
440 2772 622 2803 misericor·
658 2770 777 2801 Suavia
784 2770 818 2801 in
828 2770 1081 2812 praesentiaquae
1092 2776 1209 2808 essent,

70 2816 133 2852 dia,
173 2825 278 2854 neque
319 2816 461 2863 precibus
505 2814 623 2846 molliri
654 2815 756 2853 prima
771 2813 899 2844 habere.
926 2813 1047 2844 Heaut.
1063 2814 1208 2850 v.2,10.

69 2868 178 2898 queas.
214 2857 343 2888 Phorm.
368 2855 413 2887 iii.
435 2858 465 2894 2,
483 2858 532 2887 13.
579 2856 624 2888 Ut

697 2855 856 2908 princeps]
886 2855 1067 2887 Primatum
1091 2855 1210 2887 artium

70 2900 179 2931 nullus
200 2899 290 2931 locus
308 2898 509 2940 relinquatur
528 2902 622 2938 preci.
658 2898 760 2939 magis
787 2900 966 2939 principem.
1004 2897 1145 2940 Adelph.
1175 2897 1209 2929 ii.

71 2943 201 2974 Phorm.
219 2942 264 2973 iii.
283 2943 313 2979 3,
332 2942 381 2972 14.

111 2985 235 3026 precor]
252 2985 390 3016 Posthac
403 2984 431 3017 si
443 2984 624 3026 quicquam,

658 2941 735 2979 3,.6

1762 96 1806 126 83

1249 179 1311 251 {go
1323 180 1379 201 ero
1390 176 1463 212 post
1478 173 1642 210 principia.
1661 172 1746 204 Eun.
1759 172 1803 204 iv.

1288 255 1460 297 principio]
1471 255 1637 295 Principio,
1647 257 1752 290 amico
1761 258 1801 290 fl-

1247 297 1328 330 lium
1357 298 1548 331 rectitueris.
1587 299 1674 331 And.
1699 300 1744 332 iii.
1771 302 1801 339 3,

1248 342 1300 372 38.
1360 340 1520 380 Principio
1541 342 1612 374 eam
1635 352 1706 374 esse
1728 343 1802 375 dico

1247 382 1392 416 liberam.
1410 384 1494 416 Eun.
1511 384 1554 416 iv.
1572 384 1602 423 7,
1617 386 1669 416 35.
1706 387 1800 418 Prin-

1247 428 1316 464 cipo
1330 433 1364 458 et
1385 427 1483 459 habet
1502 427 1590 468 quod
1603 427 1669 466 det,
1693 434 1727 459 et
1747 428 1804 461 dat

1248 479 1343 501 nemo
1358 469 1489 511 largius.
1520 470 1605 502 Eun.
1624 481 1653 502 v.
1671 472 1701 509 8,
1718 472 1771 503 48.

1288 512 1492 554 principium]
1511 513 1643 551 Audivi,
1658 513 1802 555 inquam,

1247 564 1267 586 a
1293 557 1456 593 principio.
1506 555 1594 587 And.
1619 555 1663 587 iv.
1691 558 1722 594 4,
1748 558 1801 588 46.

1247 597 1344 633 Quod
1372 597 1462 629 dedit
1488 600 1676 647 principiam
1703 599 1801 631 adve-

1246 640 1349 672 niens.
1385 640 1471 671 Eun.
1494 640 1540 672 iii.
1565 642 1596 679 2,
1619 642 1649 673 5.
1705 642 1800 684 Saepe

1246 682 1331 713 malo
1347 692 1390 714 ex
1404 685 1557 721 principio
1572 694 1690 725 mag-na
1704 684 1798 717 fami-

1245 724 1369 757 liaritas
1390 725 1538 757 conflata’
1541 732 1581 758 st.
1619 726 1706 758 Eun.
1723 737 1752 760 v.
1770 729 1801 766 2,

1287 809 1390 851 privo]
1400 811 1646 852 Pamphilamne
1654 811 1715 844 hac
1721 813 1801 845 urbe

1244 855 1364 891 privari
1373 853 1483 885 sines?
1509 854 1639 885 Phorm.
1648 853 1695 886 iii.
1707 856 1736 893 2,
1748 857 1800 887 32.

1286 895 1480 936 priusquam]
1510 896 1630 928 Omnia
1656 898 1800 939 experiri

1245 940 1380 970 certum'
1383 945 1414 970 st
1459 941 1639 980 priusquam
1690 950 1800 992 pereo.

1247 980 1332 1011 And.
1358 981 1391 1012 ii.
1418 982 1446 1018 1,
1471 983 1521 1013 11.
1567 981 1686 1013 Omnia
1711 985 1801 1021 princ

1247 1023 1399 1064 experiri,
1410 1035 1499 1064 quam
1509 1034 1608 1061 arma,
1618 1025 1801 1066 sapientem

1245 1065 1347 1096 decet.
1387 1066 1471 1097 Eun.
1503 1067 1546 1098 iv.
1579 1066 1608 1104 7,
1642 1068 1690 1099 19.
1726 1068 1800 1100 vido

1247 1107 1359 1139 Notas.
1406 1109 1535 1149 Pergin'
1553 1108 1636 1140 istuc
1649 1112 1739 1148 prim
1750 1110 1800 1142 di-

1241 1150 1397 1190 judicare,
1428 1163 1518 1191 quam
1541 1151 1624 1183 scias
1648 1152 1726 1192 quid
1751 1153 1800 1185 rei

1245 1193 1311 1224 sit?
1353 1194 1473 1225 Heaut.
1491 1194 1524 1225 ii.
1539 1195 1568 1232 2,
1586 1196 1615 1225 8.
1639 1194 1713 1226 vide
1729 1196 1761 1227 N
1764 1207 1801 1227 ο.

1246 1242 1304 1267 tas.
1343 1237 1439 1268 Prius
1453 1237 1656 1278 proditurum
1667 1243 1699 1269 te
1712 1244 1800 1270 tuam

1246 1278 1355 1315 vitam,
1373 1285 1406 1309 et
1425 1282 1514 1316 prius
1534 1279 1705 1320 pecuniam
1729 1291 1797 1312 om·

1246 1331 1330 1394 ililem,
1340 1332 1438 1395 quam
1440 1322 1497 1400 alis
1508 1322 1675 1396 tpgmitltjas
1685 1322 1799 1355 filium.

1284 1373 1343 1394 eau
1392 1373 1428 1394 ιιι
1644 1376 1709 1396 πω
1730 1377 1800 1397 aaut

1245 1406 1286 1437 ad
1302 1412 1428 1447 portam
1445 1406 1565 1438 venias.
1597 1377 1764 1450 Adelplqi.
1754 1418 1798 1440 iv.

1246 1450 1275 1486 2,
1289 1450 1341 1481 44.
1377 1449 1520 1480 Uxorem
1532 1449 1801 1491 hancpn‘asqaam

1245 1471 1347 1522 d’uxit.
1385 1491 1467 1522 Hec.
1489 1502 1518 1523 v.
1542 1493 1568 1529 l,
1592 1491 1641 1526 17.
1687 1491 1798 1526 Pnac-

1244 1544 1334 1574 quam
1355 1533 1430 1564 huic
1448 1514 1645 1576 respoiideas
1666 1541 1799 1575 temere,

1244 1576 1330 1608 audi.
1363 1576 1492 1608 Phorm.
1511 1587 1539 1608 v.
1555 1578 1584 1614 8,
1601 1579 1653 1609 48.

1286 1627 1353 1657 pro,
1375 1618 1559 1661 praeposin]
1592 1620 1799 1662 Pamphilum

1243 1670 1300 1699 pro
1330 1672 1431 1693 uxore
1458 1662 1578 1693 habere
1598 1663 1682 1695 hanc

1244 1704 1381 1745 grinam.
1401 1704 1486 1736 And.
1503 1704 1525 1736 i.
1539 1705 1566 1742 1,
1582 1706 1653 1737 119.
1689 1705 1799 1738 Facile

1246 1753 1282 1778 ut
1301 1755 1358 1785 pro
1380 1747 1529 1778 eunucho
1550 1748 1677 1788 probes.
1711 1749 1798 1781 Eun.

1245 1788 1278 1820 ii.
1292 1791 1322 1826 3,
1334 1791 1387 1820 84.
1423 1789 1475 1820 Ne
1491 1789 1546 1821 ille
1559 1799 1616 1828 pro
1624 1801 1660 1822 se
1674 1791 1798 1823 dictum

1245 1831 1429 1863 existumet.
1485 1832 1606 1864 Heaut.
1634 1833 1720 1864 Prol-
1746 1835 1798 1866 80.

1248 1874 1310 1906 Pro
1335 1884 1371 1906 se
1396 1874 1532 1915 quisque
1560 1875 1674 1906 sedulo
1698 1876 1797 1908 facie·

1245 1917 1332 1948 bant.
1358 1917 1477 1948 Heaut.
1495 1916 1516 1948 i.
1536 1918 1564 1954 1,
1581 1916 1632 1951 74.
1675 1918 1797 1957 Habui,

1245 1959 1351 1990 amavi
1366 1968 1424 1997 pro
1437 1969 1520 1991 meo.
1566 1960 1643 1991 Non
1665 1970 1800 1994 necesse

1246 2002 1350 2033 habeo
1385 2002 1494 2033 omnia
1528 2011 1586 2040 pro
1617 2013 1691 2035 meo
1723 2005 1798 2045 jure

1246 2055 1352 2086 agere.
1398 2044 1539 2086 Adelph.
1562 2045 1583 2076 i.
1600 2046 1628 2084 1,
1643 2047 1684 2077 23
1696 2052 1730 2078 et
1745 2046 1797 2080 27.

1246 2089 1309 2118 Pro
1331 2087 1457 2128 virgine
1479 2087 1549 2118 dari
1571 2095 1710 2130 nuptum
1732 2098 1799 2122 ιιοιι

1246 2136 1362 2171 potest.
1386 2129 1525 2172 Adelph.
1541 2130 1587 2162 iii.
1601 2132 1632 2168 2,
1647 2132 1699 2163 48.
1739 2132 1798 2164 Se·

1139 2176 1205 2214 pn·-
1245 2172 1323 2204 dulo
1344 2183 1470 2210 moneo,
1493 2183 1565 2214 quae
1589 2184 1722 2215 possum
1741 2183 1800 2213 pro

1246 2225 1318 2291 ἷξε*
1339 2215 1798 2292 Ὰῗθέέίῗε..ἐ“ἑῖῗίῗέιῗ·

1246 2301 1315 2332 cis?
1362 2300 1501 2342 Adelph.
1525 2301 1571 2333 iii.
1594 2303 1625 2339 4,
1649 2303 1701 2333 32.
1746 2303 1800 2335 Tu

1246 2343 1319 2375 illos
1342 2343 1406 2374 duo
1428 2343 1506 2375 olim
1525 2353 1583 2382 pro
1603 2354 1640 2376 re
1662 2344 1799 2378 tollebas

1247 2392 1311 2418 tua.
1349 2385 1488 2427 Adelph.
1515 2397 1545 2418 v.
1572 2388 1602 2424 3,
1629 2388 1680 2419 23.
1736 2387 1801 2420 Pro

1247 2435 1338 2470 pan-e
1346 2428 1422 2459 huic
1434 2436 1494 2460 est.
1511 2429 1651 2471 Adelph.
1662 2440 1692 2462 v.
1703 2431 1733 2468 8,
1746 2433 1799 2464 28.

1287 2481 1352 2509 pro,
1383 2470 1562 2512 interject.]
1597 2473 1660 2504 Pro
1689 2473 1799 2506 Deum

1246 2520 1342 2554 atque
1368 2513 1536 2545 hominum
1556 2514 1672 2546 fidem!
1710 2516 1798 2549 And.

1247 2556 1266 2587 i.
1280 2558 1310 2594 5,
1327 2557 1375 2588 11.
1413 2558 1476 2587 Pro
1486 2567 1637 2598 supreme
1647 2558 1797 2607 Jupiter!

1247 2599 1332 2630 Eun.
1349 2598 1394 2630 iii.
1408 2600 1438 2636 5,
1452 2600 1481 2630 2.
1526 2601 1589 2631 Pro
1606 2600 1674 2631 Di'
1665 2610 1798 2633 immor-

1247 2641 1336 2673 tales.
1363 2641 1502 2682 Adelph.
1523 2641 1571 2673 iii.
1592 2643 1801 2680 4‚1.F¹ro

1249 2685 1355 2716 Deum
1387 2684 1629 2717 immortalium.
1666 2685 1799 2719 Phorm.

1246 2727 1278 2758 ii.
1296 2728 1326 2764 3,
1342 2728 1373 2758 4.

1286 2767 1398 2810 probe]
1422 2769 1553 2801 Curasti
1575 2772 1679 2809 probe.
1710 2771 1799 2804 And.

1246 2822 1275 2843 v.
1302 2813 1331 2850 2,
1357 2812 1386 2843 6.
1432 2812 1555 2844 Narras
1576 2815 1678 2851 probe.
1710 2814 1799 2847 And.

1247 2865 1275 2886 v.
1307 2855 1337 2893 6,
1362 2855 1392 2886 6.
1450 2854 1678 2887 Intellextin’?
1732 2857 1798 2888 Ca.

1246 2900 1353 2930 Probe.
1393 2897 1478 2929 Eun.
1501 2898 1544 2930 iv.
1569 2899 1599 2936 6,
1622 2899 1674 2930 30.
1720 2900 1800 2931 Per-

1245 2940 1382 2972 docta’st
1408 2942 1510 2979 probe.
1550 2941 1672 2973 Heaut-
1704 2941 1737 2973 ii.
1769 2943 1800 2980 3,

696 2983 869 3024 principia]
885 2983 936 3015 Tu
951 2983 1049 3015 hosce
1064 2982 1207 3015 instrue:
1249 2984 1320 3015 120.
1347 2982 1420 3014 Hoc
1429 2982 1510 3015 vitio
1520 2983 1625 3016 datur.
1649 2985 1706 3015 ὃν.
1722 2986 1794 3016 Pro·
