1852 3216
120 162 260 192 semu
281 148 368 204 nn]

689 147 1053 192 PHORMIO.

1550 151 1630 194 601

174 238 289 281 Nam
307 239 351 280 ni
369 239 430 282 ita
448 243 546 282 eum
564 238 885 291 existimassem,
904 254 1121 296 nunquam
1141 247 1227 283 tam
1246 241 1402 298 gravis,

174 304 248 346 Ob
268 304 392 355 hanc,
413 305 648 348 inimicitias
669 320 865 362 caperem
883 306 927 348 in
947 313 1136 348 nostram
1155 306 1368 358 familiam,

174 369 316 417 Quam
336 371 371 412 is
391 378 644 426 aspernatur
666 386 778 414 nunc
798 378 883 414 tam
895 370 1180 414 illiberaliter.

115 444 155 474 25
173 435 260 477 GE.
284 435 454 492 Pergin’
475 437 580 479 hero
601 438 767 480 absenti
786 437 892 480 male
911 437 1042 493 loqui,
1062 439 1376 494 impurissime?

170 501 254 544 Pu.
281 502 471 557 Dignum
483 498 632 545 'autem
652 503 734 546 hoc
752 503 823 546 illo
842 511 923 547 est.

257 567 346 609 DE.
371 568 500 610 Geta.

984 503 1072 547 GE.
1105 505 1204 547 Ain’
1234 505 1421 556 tandem,
1453 505 1631 547 carcer?

170 632 257 674 GE.
282 633 501 675 Bonorum
520 642 727 686 extortor,
747 634 888 691 legum
905 642 1135 678 contortor.
1186 635 1276 682 DE.
1300 635 1430 678 Geta.

170 698 255 740 Pa.
288 698 540 754 Responde.

259 764 347 806 GE.
369 764 555 807 Absenti
574 766 652 808 tibi

601 700 689 742 GE.
722 700 832 749 Quis
862 700 989 761 homo
1018 703 1117 744 est?
1166 701 1319 744 ehem!
1379 701 1468 744 DE.
1496 700 1630 744 Tace.

170 830 238 872 Te
258 831 469 887 indignas,
492 846 622 887 seque
642 832 793 887 dignas
815 833 1090 876 contumelias

113 961 227 993 irrides
239 972 290 993 me
302 967 334 993 et
345 972 438 993 vocas
450 962 539 992 Bone
548 961 612 992 vir:
637 961 671 992 it.
684 961 804 993 Heaut.
814 961 847 993 ii.

115 1006 142 1035 l.
161 1007 188 1035 8.
205 1017 260 1036 sua
279 1016 345 1045 quae
366 1010 475 1036 narrat
486 1004 652 1045 facinora!
674 1004 722 1035 Cf.
745 1004 847 1036 Plaut.

113 1048 207 1079 Truc.
224 1047 257 1079 ii.
275 1050 303 1079 2.
318 1049 367 1079 28.
387 1047 469 1082 Quas
485 1054 518 1079 tu
537 1050 674 1079 mulieres
688 1049 761 1079 mihi
775 1059 847 1079 nar-

111 1102 164 1122 ras
174 1094 189 1121 ?
212 1093 264 1122 ubi
279 1103 379 1122 musca
393 1092 477 1122 nulla
484 1091 602 1132 femina
617 1097 663 1122 est
676 1092 708 1122 in
722 1093 846 1122 cedibus.

112 1134 232 1165 Sensus
258 1134 356 1176 igitur
382 1134 483 1166 nostri
505 1134 566 1165 loci
586 1141 651 1166 est:
677 1133 769 1171 Vide,
793 1145 847 1166 co-

110 1177 186 1218 gita,
203 1188 298 1218 quam
322 1177 401 1209 falsa
416 1184 449 1209 et
462 1178 674 1220 repugnantia
697 1177 848 1209 fabuleris

110 1220 151 1251 de
168 1226 205 1257 te,
222 1221 275 1262 qui
291 1221 389 1252 istum
413 1221 517 1252 virum
532 1221 688 1263 optimum
710 1231 775 1252 non
800 1221 847 1252 vi-

109 1263 196 1301 disti,
212 1271 245 1295 et
260 1264 300 1295 de
315 1266 375 1301 illo,
392 1264 446 1305 qui
462 1264 511 1295 vir
532 1264 671 1306 optimus
692 1274 757 1295 non
779 1264 848 1295 fuit.

111 1307 285 1348 Sequentia
296 1314 436 1339 nostram
452 1307 748 1349 interpretationem
761 1318 848 1339 com-

110 1351 246 1392 probare
261 1350 419 1382 videntur.
443 1351 602 1382 Caeterum
614 1350 694 1381 illud
703 1352 723 1381 Ι
730 1353 762 1381 in
772 1362 810 1382 m.
823 1362 848 1382 c.

111 1394 195 1434 quod
212 1394 378 1425 Bentleius
399 1394 536 1435 praefert‚
560 1393 651 1425 facile
673 1393 756 1424 ferre
773 1404 847 1435 pos-

111 1447 230 1474 sumus,
247 1437 322 1478 quia
336 1437 370 1468 in
388 1437 497 1470 Bemb.
511 1443 608 1468 extat.
638 1437 673 1469 Z.

154 1481 204 1511 22.
222 1482 303 1512 Nam
328 1483 362 1511 ni
382 1483 428 1511 ita
452 1491 516 1511 eum
543 1480 773 1522 existimassem]
803 1480 850 1512 Ut

109 1522 176 1554 vita
201 1524 357 1565 optimum
381 1523 567 1564 judicarem.
603 1525 764 1565 Nunquam
788 1529 850 1555 tam

106 1566 233 1608 graves]
255 1567 324 1598 Hoc
341 1577 405 1598 non
421 1566 508 1608 quasi
531 1566 671 1604 timidus,
687 1567 744 1598 sed
759 1568 849 1608 quasi

110 1610 278 1650 religiosus
293 1617 325 1641 et
341 1610 444 1641 fidelis
459 1610 599 1651 loquitur
615 1610 774 1642 Phormio.
806 1611 847 1642 D.

108 1655 315 1695 ——Nunquam
335 1659 395 1685 tam
413 1653 539 1695 graves]
564 1653 636 1685 Nisi
658 1653 754 1685 talem
776 1676 784 1685 .
807 1677 816 1685 .
838 1677 848 1685 .

112 1696 215 1728 virum
227 1697 357 1728 credere
372 1696 488 1738 puellae
502 1704 626 1739 patrem
636 1704 767 1738 propter
779 1707 848 1728 eam

110 1749 155 1780 pu
170 1763 179 1770 .
202 1763 210 1771 .
233 1763 242 1771 .
266 1763 273 1771 .
291 1739 380 1781 (Nisi
395 1742 472 1771 enim
487 1742 576 1771 talem
591 1742 686 1771 virum
700 1742 846 1772 credidis-

109 1794 170 1813 sem
189 1785 298 1823 puellae
319 1789 448 1823 patrem,
467 1789 590 1824 propter
609 1795 674 1814 eam
700 1795 849 1825 nunquam

112 1826 166 1865 Z.)
195 1826 274 1857 tales
299 1826 484 1858 inimicitias
509 1837 666 1868 caperem,
695 1827 846 1858 adversus

109 1869 274 1900 dominum
291 1877 390 1907 tuum,
403 1869 437 1900 in
454 1869 605 1901 familiam
622 1880 733 1901 meam.
763 1870 847 1901 E.—

110 1913 207 1943 Liber
224 1913 334 1944 Bemb.
351 1913 447 1944 habet
462 1915 543 1944 Nam
558 1915 591 1943 ni
605 1925 670 1944 eum
690 1924 751 1944 esse
767 1916 845 1944 eris-

110 1958 267 1988 timassem.
292 1958 379 1993 Eum,
392 1956 422 1987 h.
434 1967 460 1987 e.
478 1956 582 1987 talem.
608 1957 754 1987 Donatus
770 1967 847 1987 sane

108 1999 187 2048 legit
201 2002 411 2037 existimarem,
421 2000 505 2040 quod
521 1999 622 2041 magis
636 2000 760 2031 videtur
769 2010 845 2031 con-

108 2042 219 2074 venire
234 2053 307 2074 cum
322 2054 465 2082 caperem.
498 2043 632 2074 Fisus.

152 2087 202 2117 23.
220 2088 264 2118 Ob
275 2086 368 2127 hanc]
388 2087 553 2135 Tanquam
569 2096 710 2128 praesens
724 2085 766 2117 sit
775 2097 845 2117 mu-

108 2128 177 2166 lier,
202 2129 241 2160 de
265 2140 328 2170 qua
354 2130 393 2161 lis
421 2137 487 2166 est3
525 2130 571 2160 sie
598 2129 847 2160 demonstrativa

107 2172 264 2214 particula
280 2183 356 2204 usus
371 2179 419 2204 est
434 2173 570 2204 dicendo
583 2175 668 2204 hane.
697 2175 742 2203 Ob
752 2172 845 2213 hanc]

110 2215 150 2246 Id
171 2222 229 2253 est,
245 2227 303 2258 pro
328 2216 394 2247 filia
415 2216 526 2258 ipsius.
557 2217 739 2247 Inimicitias
759 2227 846 2256 cape-

107 2258 186 2300 rem]
216 2261 329 2300 Capere
355 2259 500 2297 dicimus,
524 2270 621 2300 quum
644 2259 677 2290 id
701 2259 785 2300 quod
812 2259 847 2290 in

107 2303 200 2333 nobis
212 2311 270 2340 est,
282 2303 482 2340 assumimus,
497 2302 581 2334 unde
595 2314 700 2343 capere
715 2313 772 2344 pro
787 2302 846 2334 eli-

106 2345 212 2385 gendo
240 2346 380 2388 ponitur.
412 2346 564 2377 D.—Pro
593 2352 732 2383 nostram,
763 2345 847 2386 quod

107 2387 251 2436 plerique
273 2389 373 2421 nostri
394 2389 523 2427 habent,
541 2389 650 2420 Bemb.
667 2396 699 2421 et
714 2388 768 2420 alii
790 2398 846 2420 ex-

106 2430 220 2462 hibent
232 2438 368 2464 vostram.
401 2433 438 2464 B.

152 2476 201 2505 24.
221 2474 317 2510 Quam
338 2478 365 2507 is
383 2475 579 2516 aspernatur]
605 2475 692 2507 Ordo
714 2480 780 2506 est.
805 2475 845 2506 ob

108 2518 191 2548 hanc
228 2528 322 2559 quam
353 2518 404 2550 hic
434 2526 641 2560 aspernatur:
681 2517 844 2551 ἄπόδοσιςε

108 2572 195 2601 quam
220 2561 306 2591 enim
329 2572 426 2603 supra
442 2561 535 2603 (enim
557 2564 598 2593 ad
620 2564 774 2602 superiora
791 2561 845 2602 Z.)

106 2604 278 2641 revocavit,
289 2604 329 2635 ad
338 2605 477 2646 puellam
488 2605 644 2636 referens.
659 2612 704 2643 ut,
715 2605 791 2636 AEn.
801 2605 844 2636 iv.

108 2649 179 2678 355.
199 2647 292 2681 Quem
304 2658 395 2689 regno
405 2649 562 2688 Hesperiae
569 2647 694 2689 fraudo.
719 2648 762 2679 Et
775 2647 845 2679 Sal·

106 2690 240 2721 Iustius:
263 2701 331 2721 nam
347 2692 437 2731 Syllae
457 2693 683 2722 dominationem
705 2693 845 2722 audebat.

106 2734 152 2764 Et
175 2733 374 2775 interpositis
397 2733 595 2774 quibusdam,
619 2745 711 2775 neque
731 2740 776 2765 est
799 2733 843 2774 of·

96 2775 206 2817 sensus
221 2778 447 2808 dominationem
463 2778 563 2817 Syllae.
590 2778 685 2810 Quam
701 2779 727 2808 is
741 2788 844 2817 asper-

105 2826 197 2851 natur
211 2831 289 2851 nunc
311 2825 372 2850 tam
392 2819 599 2860 illiberaliter]
617 2821 783 2860 Aspernari
798 2826 847 2851 est

104 2863 216 2901 averti,
234 2873 298 2894 non
314 2863 416 2894 solum
431 2873 574 2904 corpore,
590 2862 646 2894 sed
666 2862 761 2894 etiam
776 2863 846 2894 ani·

104 2916 166 2938 mo.
205 2909 381 2947 Aspernari,
411 2916 567 2943 recusare,
598 2912 752 2944 avertere,
782 2916 848 2938 non

104 2960 287 2991 agnoscere.
324 2949 385 2981 Est
408 2957 515 2981 autem
537 2949 658 2981 dictum
680 2960 699 2981 a
719 2959 847 2991 spemn.

104 2992 319 3034 Illiber-aliter]
341 2993 439 3035 Apud
454 2999 578 3025 veteres
592 2994 785 3033 illiberaliter
794 2992 852 3025 ‹li--

892 963 1007 994 cebant
1023 962 1154 1003 sactum,
1179 963 1205 995 si
1232 963 1303 1004 quis
1325 963 1515 996 excessisset
1538 973 1633 995 omne

891 1016 993 1047 genus
1013 1006 1171 1037 maleficii.
1204 1006 1257 1037 Sic
1280 1006 1315 1037 in
1331 1007 1497 1049 Adelphis,
1511 1006 1634 1047 sactum

891 1060 911 1079 a
925 1051 1006 1080 vobis
1021 1051 1148 1087 duriter,
1163 1051 1499 1091 Immisericorditerque
1509 1062 1520 1081 .·
1543 1056 1634 1091 atque

891 1094 991 1130 etiam,
1006 1094 1034 1124 si
1048 1098 1101 1131 est,
1116 1098 1215 1133 pater,
1227 1095 1395 1124 Dicendum
1408 1096 1505 1135 magis
1519 1099 1633 1133 aperte,

889 1137 1090 1167 illiberaliter.
1123 1136 1224 1167 Vides
1246 1147 1333 1167 more
1356 1135 1511 1176 αὐξήσεως
1531 1138 1632 1167 illibe-

889 1181 998 1210 raliter
1026 1189 1085 1221 pro
1120 1189 1237 1221 magno
1273 1179 1326 1211 hic
1360 1179 1510 1211 ultimum
1542 1179 1631 1222 poni.

936 1265 985 1296 25.
998 1264 1121 1306 Pergin’
1135 1268 1205 1297 hero
1215 1268 1332 1298 absenti
1344 1268 1420 1297 male
1430 1265 1526 1307 loqui]
1536 1265 1631 1298 Ἀπό-

893 1314 1030 1349 στροφος
1054 1319 1112 1350 per
1134 1307 1326 1350 παρένθεσιν.
1357 1311 1442 1341 Male
1466 1311 1554 1350 loqui,
1571 1320 1632 1352 pro

892 1353 969 1382 male
981 1354 1089 1383 dicere.
1121 1352 1167 1383 Et
1185 1352 1299 1393 quaerit
1314 1353 1447 1390 Probus,
1464 1352 1535 1393 quis
1557 1359 1632 1384 ante

892 1394 1080 1426 Terentium
1100 1394 1238 1426 dixerit<
1258 1397 1342 1427 Hero
1355 1395 1490 1437 absenti]
1508 1397 1633 1437 Argute

892 1440 962 1469 hero
977 1440 1093 1469 absenti
1103 1451 1113 1469 .·
1136 1445 1172 1469 ut
1186 1438 1333 1470 videatur
1347 1438 1481 1476 fidelior,
1497 1439 1552 1478 qui
1574 1439 1630 1470 de-

890 1481 1001 1512 fendat
1026 1482 1208 1512 absentem·
1243 1482 1328 1523 quod
1355 1488 1512 1524 praestans
1535 1492 1614 1524 argu

891 1531 1035 1555 mentum
1051 1531 1108 1562 est,
1124 1524 1179 1555 id
1170 1535 1204 1555 in
1227 1525 1334 1556 animo
1350 1525 1500 1556 habuisse
1515 1526 1633 1556 Getam

892 1567 988 1598 etiam
1003 1567 1228 1609 peregrinante
1243 1568 1382 1600 domino.
1406 1567 1630 1610 Impurissime]

894 1610 1143 1652 Improbissime.
1172 1611 1214 1643 D.

935 1654 985 1685 26.
1010 1655 1143 1695 Dignum
1157 1660 1256 1686 autem
1271 1656 1324 1686 hoc
1337 1656 1390 1685 illo
1401 1654 1462 1696 est]
1479 1655 1511 1686 N
1514 1666 1556 1686 on
1571 1665 1629 1687 ne-

891 1704 946 1738 gat
972 1697 1054 1728 male
1077 1697 1186 1738 loqui:
1225 1697 1281 1729 sed
1308 1698 1368 1729 hoc
1399 1700 1468 1730 esse
1497 1698 1632 1740 dignum

892 1740 1058 1771 contendit
1070 1740 1153 1771 malo
1170 1741 1308 1772 homine.
1346 1741 1437 1782 Ain’]
1455 1741 1630 1784 Ἀπόστρο-

892 1789 951 1824 φος
972 1791 1047 1815 nota
1069 1791 1127 1821 est,
1146 1794 1217 1824 quae
1238 1790 1366 1826 separat
1380 1796 1396 1816 e
1416 1785 1456 1816 ab
1475 1797 1506 1822 n,
1522 1791 1555 1816 et
1576 1785 1635 1816 in-⁴

889 1827 1025 1858 tei-mitit
1045 1839 1060 1858 s
1081 1827 1183 1858 literae
1204 1837 1339 1858 sonum:
1368 1834 1417 1859 est
1437 1827 1522 1858 enim
1544 1828 1629 1860 inte-

889 1880 982 1911 grum
997 1873 1106 1901 aisne?
1136 1871 1208 1901 Ain’
1226 1873 1370 1902 tandem?
1392 1882 1496 1902 carcer
1505 1870 1536 1912 !]
1552 1871 1629 1903 Non

889 1916 1098 1950 carcerarium,
1115 1913 1170 1944 sed
1185 1925 1333 1945 carcerem
1353 1913 1498 1955 asperius
1516 1914 1628 1956 appel-

889 1956 968 1987 lavit
980 1968 987 1987 ε
1011 1956 1057 1987 sic
1074 1956 1226 1994 Lucilius,
1244 1959 1355 1988 Carcer
1366 1959 1416 1988 vix
1427 1968 1545 1989 carcere
1558 1960 1629 1999 dig-

888 2011 953 2030 nus.
998 1999 1043 2030 Et
1063 2002 1113 2030 vi:
1134 2010 1192 2049 pro
1214 2011 1280 2031 non.
1320 2000 1472 2031 D.—Pro
1499 2003 1628 2039 tandem,

890 2042 973 2084 quod
995 2049 1028 2073 et
1049 2043 1155 2074 versui
1176 2049 1208 2074 et
1227 2042 1395 2074 sententiae
1409 2043 1517 2082 officit,
1532 2054 1628 2086 repo-

889 2086 1030 2117 nendum
1046 2093 1125 2128 puto
1141 2091 1248 2118 tamen.
1281 2086 1318 2118 B.

933 2129 983 2162 27.
1000 2131 1149 2160 Bonorum
1160 2128 1306 2170 extortor]
1322 2129 1492 2170 Ingeniose
1504 2109 1565 2161 de*
1555 2140 1628 2172 ipso

890 2172 1018 2214 negotio
1039 2178 1116 2204 sunt
1136 2172 1268 2204 inventa
1285 2172 1439 2204 convicia.
1476 2174 1628 2205 Bonorum

890 2221 1030 2252 extortor,
1060 2217 1157 2256 legum
1186 2214 1351 2256 contortor]
1373 2215 1484 2257 Fingit
1501 2215 1550 2247 illi
1564 2217 1628 2248 cri-

889 2259 977 2290 mina
991 2258 1031 2290 de
1046 2269 1150 2296 causa,
1168 2265 1201 2289 ct
1214 2259 1254 2290 de
1271 2258 1409 2300 negotio.
1442 2259 1628 2292 D.—Bono-

889 2313 954 2333 rum
969 2301 1116 2343 extortor]
1134 2301 1287 2333 Priscian.
1302 2301 1356 2333 lib.
1373 2301 1417 2333 ix.
1449 2302 1485 2333 L.

933 2346 983 2376 28.
1005 2344 1178 2386 Responde]
1202 2345 1326 2376 Timuit
1339 2352 1444 2387 poeta,
1460 2355 1501 2376 ne
1515 2345 1628 2387 hujus·

890 2388 976 2419 modi
997 2388 1182 2420 vociferatio
1203 2388 1305 2426 Getis,
1325 2388 1416 2429 quasi
1433 2398 1542 2420 veram
1561 2389 1628 2422 dis-

890 2431 1031 2463 cordiam
1052 2432 1137 2473 apud
1156 2431 1311 2473 populum
1329 2432 1484 2473 fingeret:
1508 2439 1542 2464 et
1554 2432 1628 2465 ideo

888 2475 965 2506 facit
981 2477 1047 2515 Jam
1070 2485 1090 2506 a
1112 2474 1336 2506 Phormione
1326 2485 1432 2517 ipsum
1452 2475 1628 2508 admoneri.

891 2518 966 2553 Quis
987 2520 1069 2549 homo
1090 2523 1135 2549 est
1148 2517 1181 2559 Ρ]
1211 2517 1297 2549 Mire
1327 2527 1438 2550 servus
1467 2518 1570 2557 finxit,
1593 2529 1629 2552 se

889 2572 954 2592 non
970 2561 1087 2592 vidisse
1103 2571 1231 2592 senem:
1255 2567 1292 2592 ut
1306 2571 1344 2592 ea
1358 2571 1429 2602 quae
1450 2560 1603 2600 dixeriu‘
1593 2573 1630 2594 ιιι

889 2604 1115 2636 Phormionem
1131 2604 1255 2635 sincere
1271 2603 1392 2635 dixisse
1405 2604 1562 2637 credatur.
1586 2606 1631 2638 Et

888 2647 970 2679 mira
991 2646 1245 2679 dissimulatione
1264 2646 1388 2679 addidit
1400 2649 1506 2679 bomo:
1530 2655 1565 2680 ut
1579 2649 1628 2681 vi-

889 2691 1002 2722 deatur
1026 2690 1107 2722 nihil
1131 2691 1171 2721 de
1197 2689 1368 2732 praesentia
1395 2690 1517 2722 domini
1540 2692 1631 2734 cog-i-

887 2741 981 2765 tasse.
1031 2735 1159 2765 Absenti
1183 2732 1256 2774 tibi]
1283 2733 1375 2765 Tunc
1402 2733 1506 2766 fidelis
1532 2745 1632 2777 opera

889 2783 946 2814 est,
957 2777 984 2807 si
997 2777 1111 2808 absens
1124 2776 1239 2817 aliquis
1251 2776 1456 2809 defendatur·
1480 2777 1540 2810 hoc
1552 2789 1629 2821 ergo

889 2819 1065 2857 confirmat,
1080 2819 1168 2851 velut
1179 2819 1358 2851 indicando.
1383 2819 1457 2852 Sic
1448 2830 1483 2852 ιιι
1495 2821 1629 2861 Andria,

894 2865 920 2894 0
937 2864 1068 2900 Chreme,
1083 2873 1138 2903 per
1158 2868 1270 2904 tempus
1290 2865 1339 2894 hic
1358 2865 1489 2903 advenis,
1506 2867 1628 2898 auscul-

940 2950 990 2981 29.
1017 2950 1111 2990 Seque
1139 2950 1248 2990 dignas
1276 2943 1491 2992 mmuaj
1508 2951 1548 2984 Id
1570 2958 1629 2991 est,

887 3003 965 3035 quas
980 2992 1051 3035 ipse
1064 2991 1160 3024 debet
1174 2992 1294 3025 audire.
1322 2992 1365 3024 D.

1061 3037 1082 3066 4-
1095 3044 1118 3066 ιι
