1910 3216
396 89 580 126 INDEX
611 89 937 127 VERBORUM
973 90 1042 126 ΕΤ
1076 90 1399 127 PHRASIUM.

53 174 143 205 tabu
166 178 222 204 tua
243 172 328 204 bona
349 172 505 203 ambobus
527 171 604 203 rore.

53 216 194 258 Adelph.
210 226 241 247 v.
258 217 288 252 3,
305 216 357 246 24.

97 260 185 299 qaod,
199 256 373 299 quantum]
390 257 515 289 Munus
530 267 605 288 nos·

52 307 138 332 uum
154 307 268 332 ornato
285 300 401 338 verbis,
416 302 496 340 qaod
513 306 604 342 pote-

51 344 116 375 ris:
148 343 310 375 et'istum
337 342 500 379 aemulum,
527 344 607 383 quod

51 386 183 428 poteris,
199 386 240 417 ab
256 396 294 417 ea
313 385 436 428 pellito.
469 386 554 417 Eun.
571 385 604 416 ii.

54 430 82 466 1,
97 431 117 460 8
132 435 165 460 et
181 430 210 460 9.
258 430 346 463 Quod
367 434 490 470 potero,
513 427 604 468 adju-

51 472 126 503 tabo
153 481 275 503 senem.
309 471 429 502 Heaut.
453 470 552 508 iit-1,
575 470 604 503 7.

52 514 124 555 Ego
133 516 213 552 quod
222 521 346 556 potero,
359 513 482 545 sedulo.
496 513 603 545 Heau.

51 567 80 588 v.
91 558 121 594 4,
134 558 183 588 15.
220 557 330 594 Istam,
343 558 423 594 quod
438 562 539 605 potes,
555 555 604 587 fac

50 600 225 631 consulere.
266 599 406 641 Adelph.
437 598 483 630 1ii.
515 600 546 636 5,
577 599 603 630 1.

53 643 194 674 Meritus
207 643 247 674 de
260 653 311 673 me
325 648 382 679 est,
391 643 471 679 quod
478 651 603 682 queam,

51 685 100 717 illi
109 692 146 716 ut
157 685 368 716 commodem.
387 685 469 716 Hec.
477 695 507 715 v.
517 685 544 721 l,
553 686 604 715 33.

93 730 181 768 quod,
198 735 334 770 propter
348 727 450 768 quod]
478 726 511 758 Si
528 727 605 768 quid

51 778 110 807 est,
135 773 215 811 quod
237 781 310 802 mea
337 780 435 812 opera
458 780 540 812 opus
563 770 606 801 sit

50 814 151 845 vobis.
183 813 269 844 And.
293 813 335 845 iv.
359 814 390 849 3,
414 814 464 844 23.
517 812 605 848 Quid

51 862 110 893 est,
134 858 215 897 quod
236 856 283 887 sic
309 855 431 897 gestis?
457 855 541 886 Eun.
558 855 604 886 iii.

51 900 82 935 5,
97 900 144 930 10.
181 898 272 930 Nihil
288 905 347 935 est,
363 897 430 929 illic
442 900 521 938 qaod
535 908 604 929 mo-

50 951 160 973 remur
174 940 307 972 diutius.
331 941 451 972 Heaut.
467 940 509 972 iv.
528 941 557 978 7,
574 941 603 971 6.

54 986 142 1018 Quod
177 994 229 1015 me
266 990 396 1015 accusat
424 983 476 1014 vir
507 993 604 1020 nunc,

50 1037 124 1059 sum
140 1034 233 1058 extra
248 1026 388 1058 noxiam.
423 1026 504 1057 Hec.
522 1025 555 1056 ii.
574 1027 604 1062 3,

51 1070 81 1100 6.
129 1069 340 1101 Adulescenti
363 1068 445 1100 nihil
462 1070 607 1108 estquod

50 1122 268 1144 succenseam.
286 1112 416 1143 Phorm.
432 1111 465 1142 ii.
484 1112 513 1148 3,
533 1112 581 1142 14.

93 1154 222 1195 quodni]
242 1157 329 1189 Quod
342 1157 375 1185 ni
397 1154 530 1185 fuissem
552 1153 603 1185 in-

50 1198 206 1239 cogitans.
225 1197 354 1228 Phorm.
371 1197 392 1228 i.
410 1198 440 1235 3,
457 1198 487 1228 3.

93 1243 173 1281 quod
186 1239 231 1281 si]
253 1242 340 1274 Quod
353 1242 381 1271 si
396 1250 456 1280 ego
471 1239 604 1271 scissem

50 1282 85 1314 id
107 1283 207 1324 prius.
233 1282 318 1314 And.
335 1282 357 1313 i.
372 1283 402 1320 5,
419 1284 470 1313 23.
518 1284 606 1316 Quod

49 1328 78 1357 ει·
100 1332 173 1358 astu
194 1336 264 1356 rem
287 1325 446 1357 tractavit.
471 1325 556 1356 Eun.
573 1335 603 1355 v.

50 1370 81 1406 5,
98 1370 127 1399 2.
176 1370 263 1402 Quod
277 1370 304 1399 si
318 1367 347 1399 is
362 1378 449 1399 nunc
473 1378 524 1399 me
547 1367 603 1398 de-

49 1411 182 1453 ceperit.
202 1411 323 1442 Heaut.
339 1410 382 1442 iv.
396 1412 427 1447 4,
445 1411 474 1441 2.
519 1412 607 1444 Quod

48 1456 77 1485 si
92 1454 218 1485 abesset
233 1453 371 1494 longius.
403 1452 544 1494 Adelph.
560 1452 602 1483 iv.

52 1498 79 1534 l,
98 1498 127 1528 8.
176 1498 264 1531 Quod
283 1499 311 1527 si
331 1495 479 1527 rescierit
503 1505 603 1537 pepe-

48 1540 130 1571 risse
145 1549 226 1571 eam.
246 1539 328 1570 Hec.
346 1538 388 1570 iv.
407 1540 433 1575 l,
446 1540 477 1569 4.
519 1540 606 1572 Quod

48 1585 77 1614 si
106 1593 144 1613 eo
174 1592 256 1613 meae
289 1581 427 1613 fortunae
456 1580 603 1612 redeunt.

49 1625 180 1656 Phorm.
198 1625 219 1656 i.
236 1626 267 1662 4,
284 1626 336 1655 24.

95 1666 261 1708 Quomodo]
289 1667 386 1703 Quod
410 1667 510 1704 abest,
538 1677 604 1698 non

48 1710 175 1752 quaeris,
212 1710 295 1752 patri
332 1711 474 1750 quomodo
509 1710 602 1741 obse-

49 1764 158 1794 quare.
188 1753 310 1785 Heaut.
327 1763 357 1784 v.
374 1754 404 1789 4,
425 1752 473 1785 17.
522 1754 602 1786 Quo-

49 1798 135 1828 modo
157 1805 209 1828 me
231 1806 273 1827 ex
294 1796 355 1826 hac
383 1795 478 1826 turba
502 1805 602 1836 expe-

49 1839 136 1870 diam
152 1838 270 1870 nescio.
289 1837 430 1879 Adelph.
443 1837 486 1868 iv.
503 1839 533 1875 4,
550 1839 580 1868 5.

92 1880 248 1923 quopiam]
267 1880 518 1918 [turau’,Thais‚
529 1887 602 1921 quo-

44 1928 131 1966 piam
146 1925 203 1956 es?
229 1924 312 1955 Eun.
329 1923 375 1954 iii.
393 1924 422 1960 2,
438 1924 467 1955 9.

91 1965 254 2008 quoquam]
277 1966 365 1998 Cave
388 1976 535 2007 quoquam
561 1975 603 1997 ex

50 2010 131 2041 istoc
146 2009 288 2041 excessis
302 2009 382 2040 loco.
408 2008 495 2040 And.
512 2008 554 2040 iv.
571 2010 600 2046 4,

49 2054 101 2084 21.
147 2053 235 2084 Cave
257 2062 344 2083 nunc
366 2053 434 2093 jam
456 2050 566 2082 oculos
584 2061 604 2082 a

49 2095 131 2127 meis
152 2094 254 2126 oculis
268 2105 415 2135 quoquam
431 2094 604 2125 demoveas

50 2144 132 2170 tuos.
164 2137 304 2179 Adelph.
325 2137 359 2168 ii.
380 2138 407 2174 1,
427 2137 476 2168 16.
521 2136 602 2167 Edi-

50 2191 119 2212 cam
136 2180 248 2217 servis,
266 2190 307 2211 ne
322 2191 468 2220 quoquam
487 2179 602 2211 ecferri

49 2223 167 2255 sinant.
187 2223 271 2254 Hec.
287 2222 330 2254 iv.
351 2224 378 2261 1,
395 2223 446 2253 50.

92 2265 223 2306 quoque]
258 2265 362 2307 Spero
398 2264 507 2296 hercle
542 2275 603 2306 ego

49 2320 171 2350 qaoque.
210 2308 332 2340 Heaut.
351 2307 397 2338 iii.
416 2309 446 2346 2,
462 2309 514 2338 42.
563 2307 601 2338 Id

49 2362 162 2392 quoque
184 2361 316 2393 possum
338 2350 431 2382 ferre.
461 2349 600 2391 Adelph.

48 2394 82 2425 ii.
109 2395 135 2431 1,
159 2395 209 2424 51.
263 2393 336 2434 Ego
363 2404 476 2434 qaoque
504 2392 601 2424 etiam

48 2437 109 2468 hoc
124 2435 257 2468 credidi.
276 2436 359 2467 Hec.
374 2446 405 2467 v.
426 2437 452 2473 1,
470 2435 521 2466 36.

92 2478 223 2519 quoquo]
257 2478 323 2514 Qui
360 2488 413 2510 me
449 2483 602 2518 sequatur

48 2533 162 2563 quoquo
172 2531 252 2552 eam.
264 2521 350 2552 Eun.
360 2520 406 2551 iii.
418 2522 448 2558 5,
459 2521 488 2551 6.
520 2522 600 2554 Quo-

48 2577 105 2606 quo
142 2564 218 2595 hinc
252 2563 469 2606 asportabitur
499 2569 600 2594 terra·

48 2618 131 2644 rum,
138 2613 263 2638 certum
273 2614 321 2637 est
331 2605 491 2647 persequi.
505 2605 601 2636 Phor.

49 2650 95 2681 iii.
113 2651 143 2687 3,
163 2651 213 2680 18.

91 2691 248 2733 quorsum]
264 2692 371 2727 Quam
388 2691 495 2727 timeo,
512 2701 602 2732 quor·

49 2747 113 2767 snm
129 2734 255 2766 evadas.
273 2733 359 2765 And.
372 2733 394 2764 i.
409 2734 520 2770 1,100.
557 2734 589 2764 A

50 2789 111 2819 ego
125 2777 300 2814 nescibam,
316 2787 455 2817 quonum
473 2782 509 2807 tu
528 2775 601 2806 ires.

639 178 764 203 certum
801 171 862 203 hoc
898 181 1024 211 quorsus
1058 170 1210 203 accidat*

642 215 726 247 And.
743 213 765 245 i.
781 216 811 251 5,
829 215 880 246 29.

683 256 835 298 quotiens]
852 255 915 288 Vel
935 255 988 287 hic
1004 255 1194 298 Pamphilus

635 300 766 339 jurabat
776 302 912 340 quotiens
926 299 1090 330 Bacchidi.
1109 299 1192 331 Hec.

639 342 756 380 i.1‚3.

683 383 802 426 quovis]
831 385 936 416 Immo
964 385 1059 416 abeat
1085 378 1212 431 potius:

639 427 724 501 maio
734 430 852 501 5q5uocie
881 426 1037 469 gentium.
1071 427 1192 459 Heaut.

639 481 669 502 v.
706 492 717 509 ,
776 492 785 501 .

682 554 811 596 Rabies]
824 555 951 590 Ludum
959 556 1132 596 jocumque
1143 554 1193 586 di-

638 608 693 630 cas
708 599 807 630 fuisse
821 598 913 629 illum
929 598 1077 635 alterum,
1090 604 1195 639 praeut

639 641 735 690 hujus
758 643 859 673 rabies
881 651 953 682 quae
979 641 1077 672 dabit.
1106 641 1192 672 Eun.

639 685 786 767 ηνὸἇρξᾶ]
804 726 981 758 Sublimem
1004 726 1091 757 hunc
1107 725 1193 757 intro

1737 95 1784 130 89

1227 177 1365 213 receptas
1386 171 1490 203 fllium
1512 171 1553 204 ad
1575 177 1617 202 te.
1651 171 1732 203 Hec.
1750 181 1781 202 v.

1229 216 1258 254 1,
1277 215 1326 248 17.

1268 256 1387 298 recido]
1405 257 1516 289 Nolite
1531 256 1638 288 sinere
1653 267 1712 299 per
1724 267 1782 289 vos

1226 306 1329 332 artem
1338 300 1494 331 musicam
1504 301 1638 331 recidere
1647 300 1688 331 ad
1699 310 1780 341 pau-

1226 353 1291 375 cos.
1317 343 1399 374 Hec.
1417 343 1484 374 Ait.
1501 342 1656 374 ProL'B9.

1229 384 1474 469 tassgfflsiditi
1487 385 1779 470 ptgttilerldarz‘gegiffe-

1228 471 1314 503 And.
1331 471 1352 502 i.
1370 472 1399 508 3,
1421 471 1468 502 19.
1515 470 1586 512 Ego
1605 470 1778 502 excludor:

1227 513 1283 545 ille
1312 516 1469 554 recipitur.
1507 513 1592 545 Eun.
1621 513 1643 544 i.
1672 514 1702 550 2,
1727 512 1779 546 79.

1228 556 1296 588 Vos
1325 561 1393 594 oro,
1423 562 1461 587 ut
1489 565 1542 587 me
1571 556 1607 587 in
1635 562 1780 587 vestrum

1227 609 1359 673 geg-em
1371 601 1539 639 recipiatia.
1557 599 1642 630 Eun.
1650 609 1681 630 v.
1688 599 1718 635 8,
1727 599 1779 629 55.

1266 641 1407 673 ominem
1431 641 1571 673 amicum
1590 643 1725 681 recipere
1739 641 1781 672 ad

1228 691 1269 716 te.
1288 685 1409 716 Heaut.
1426 684 1472 715 iii.
1486 685 1516 721 3,
1527 684 1556 715 6.
1594 683 1648 715 Ad
1662 693 1715 715 me
1729 694 1779 715 re-

1227 730 1326 768 cipi0,·
1350 727 1454 759 faciet.
1487 727 1609 758 Heaut.
1634 737 1662 758 v.
1679 727 1711 763 5,
1729 727 1778 757 12.

639 780 723 809 rape,
744 776 900 810 quantum
922 776 1025 810 potes.
1058 769 1144 800 And.
1162 779 1191 799 v.
1209 771 1211 805 !
1229 770 1381 802 Animam
1396 773 1505 810 recipe.
1530 769 1669 812 Adelph.
1685 768 1731 800 iii.
1749 770 1780 806 2,

640 813 670 849 2,
683 813 734 843 20.
772 813 878 852 Raper-

878 823 894 843 e
908 811 943 842 in
959 813 1102 853 pejorem
1117 821 1191 852 par-
1208 808 1211 848 ἑ
1227 813 1278 844 26.
1326 813 1439 855 Ipsum
1459 812 1554 844 video
1575 812 1611 843 in
1633 818 1779 861 tempore

640 861 715 886 tem.
733 854 872 896 Adelph.
888 854 973 885 Prol.
985 856 1015 885 3.
1058 855 1192 885 Ceteros
1208 854 1211 873 ¹
1226 856 1289 887 huc
1317 866 1351 887 se
1377 857 1520 896 recipere.
1550 855 1681 886 Phorm.
1697 854 1731 886 ii.
1747 859 1780 892 4,

638 907 777 934 ruerem,
799 904 938 938 agerem,
955 907 1101 937 raperem,
1118 896 1190 927 sun-

638 940 759 977 derem,
775 947 809 971 et
824 946 1073 981 prosternerem.
1096 939 1191 970 Adel.

638 982 685 1013 iii.
702 984 732 1019 2,
748 983 799 1014 21.
844 984 932 1022 Rape
946 982 1043 1013 hunc.
1061 982 1190 1013 Phorm.

641 1035 670 1056 V.
688 1025 718 1062 7)
734 1026 786 1056 92.

681 1066 799 1108 raptio]
810 1067 934 1098 Audivi
946 1067 1048 1098 filium
1058 1077 1123 1098 una
1134 1067 1191 1098 ad—

638 1110 737 1141 fuisse
750 1110 785 1141 in
800 1112 948 1150 raptione.
965 1109 1059 1141 Adel.
1067 1110 1113 1140 iii.
1122 1111 1152 1146 3,
1161 1111 1190 1140 2.

680 1152 831 1193 rastrum]
845 1153 930 1184 Istos
941 1158 1056 1184 rastros
1067 1152 1193 1183 interea

639 1201 746 1227 tamen
762 1196 898 1237 adpone.
917 1195 1036 1226 Heaut.
1054 1195 1075 1226 i.
1095 1196 1122 1232 l,
1140 1195 1190 1226 36.

640 1238 727 1269 Mihi
749 1238 816 1270 illic
838 1248 914 1270 vere
938 1237 979 1269 ad
1001 1242 1117 1269 rastros
1138 1248 1192 1269 res

638 1281 744 1312 rediit.
762 1282 884 1312 Heaut.
901 1291 930 1311 v.
948 1281 974 1318 1,
993 1282 1044 1311 58.

680 1323 778 1364 ratio]
790 1324 918 1354 Incerta
924 1323 992 1354 haec
999 1322 1027 1354 si
1035 1328 1069 1354 tu
1078 1329 1189 1365 postu-

638 1366 695 1404 les,
712 1369 830 1397 ratione
845 1373 935 1397 certa
958 1366 1074 1403 facere,
1090 1365 1192 1397 nihilo

638 1409 712 1451 plus
725 1419 811 1450 agas,
823 1418 919 1449 quam
935 1408 963 1439 si
978 1408 1036 1439 des
1049 1418 1190 1450 operam,

639 1458 677 1483 ut
697 1462 772 1483 cum
786 1454 904 1483 ratione
919 1450 1072 1482 insanias.
1103 1451 1190 1482 Eun.

638 1494 659 1525 i.
679 1495 707 1532 1,
728 1494 766 1527 17
783 1500 816 1525 et
834 1495 883 1525 18.
928 1494 1001 1529 Qua
1016 1496 1132 1525 ratione
1150 1493 1189 1524 il-

638 1537 703 1569 lam
739 1537 875 1569 amisti?
915 1536 1001 1567 Eun.
1028 1536 1062 1567 ii.
1086 1538 1116 1574 3,
1139 1537 1190 1567 31.

640 1580 728 1611 Num
758 1589 859 1621 parva
888 1589 985 1610 causa
1011 1585 1067 1610 aut
1092 1589 1192 1620 prava

638 1624 782 1654 ratio’st‘l
807 1622 893 1653 Eun.
909 1621 955 1653 iii.
969 1623 1000 1659 5,
1014 1622 1065 1654 27.
1103 1622 1190 1653 Cou-

639 1665 776 1697 tui-hami
806 1664 887 1696 mihi
915 1666 1050 1696 rationes
1075 1664 1190 1696 omnis.

640 1708 725 1739 Eun.
738 1718 767 1739 v.
780 1709 810 1745 2,
824 1709 875 1738 30.
900 1709 994 1738 Ratio
1008 1707 1049 1738 de
1064 1706 1191 1748 integro

638 1751 824 1783 ineunda’st
845 1749 935 1781 mihi.
962 1749 1082 1781 Heaut.
1099 1749 1142 1781 iv.
1160 1751 1190 1787 2,

639 1793 668 1827 7.
718 1793 801 1835 Cepi
830 1795 988 1830 rationem,
1019 1799 1057 1824 ut
1085 1802 1191 1833 neque

638 1846 759 1878 egeres.
783 1836 904 1867 Heaut.
920 1846 950 1866 v.
968 1837 998 1872 2,
1018 1836 1067 1866 11.
1113 1835 1191 1866 Mea

637 1879 684 1911 sic
715 1886 765 1911 est
792 1881 882 1910 ratio.
913 1877 1052 1919 Adelph.
1073 1877 1097 1909 i.
1115 1878 1142 1915 1,
1160 1879 1189 1909 3.

640 1922 773 1953 Frustra
788 1921 846 1952 has
860 1928 988 1962 egomet
1003 1930 1129 1952 mecum
1138 1929 1191 1952 ra-

638 1967 732 1996 tiones
758 1970 847 2006 puto.
879 1963 1018 2005 Adelph.
1039 1962 1073 1994 ii.
1093 1964 1120 2000 l,
1138 1964 1189 1994 54.

639 2008 791 2039 Vostram
816 2016 941 2047 nequeo
970 2005 1082 2037 mirari
1112 2006 1191 2038 satis

1227 900 1278 929 24.
1325 898 1439 939 Neque
1459 908 1511 929 me
1535 897 1673 938 domum·
1691 907 1778 929 nunc

1226 943 1398 981 reciperem.
1423 940 1552 972 Phorm.
1570 951 1599 972 v.
1614 941 1644 978 4,
1662 940 1693 973 7.

1268 983 1369 1024 recta]
1385 984 1454 1015 Cur
1475 993 1540 1014 non
1559 988 1645 1014 recta
1665 982 1780 1014 introis

1225 1027 1302 1057 bas?
1320 1026 1404 1057 Eun.
1419 1026 1439 1056 i.
1454 1027 1483 1063 2,
1495 1025 1524 1059 7.
1567 1025 1619 1057 'ru
1633 1036 1688 1056 rus
1703 1025 1780 1056 hinc

1225 1068 1298 1100 ibis.
1338 1069 1380 1099 D.
1397 1070 1503 1100 Recta.
1529 1068 1668 1109 Adelph.
1685 1067 1731 1099 iii.
1749 1069 1780 1104 3,

1227 1111 1278 1144 79.
1313 1112 1411 1142 Recta
1425 1121 1613 1151 consequor.
1632 1111 1715 1142 Hec.
1731 1109 1778 1141 iii.

1227 1155 1257 1191 3,
1273 1155 1321 1185 12.
1366 1155 1464 1185 Recta
1478 1154 1518 1184 ad
1534 1154 1708 1185 Chremem
1724 1163 1779 1184 su-

1226 1206 1373 1280 “²¹:233
1374 1196 1615 1275 {531ssssss
1625 1196 1708 1270 525.
1718 1197 1779 1270 ἐξ.

1225 1281 1278 1319 rit,
1294 1282 1404 1313 ambas
1419 1281 1556 1312 noverit.
1587 1281 1674 1313 And.
1692 1281 1777 1312 Prol.

1229 1325 1277 1355 10.
1331 1324 1375 1355 Ut
1405 1330 1559 1355 curentur
1588 1329 1669 1355 recte
1699 1324 1778 1355 haec.

1225 1366 1312 1398 And.
1322 1366 1343 1398 i.
1360 1367 1388 1404 1,
1399 1368 1428 1397 3.
1465 1368 1556 1398 Recte
1569 1369 1674 1407 putas.
1691 1366 1778 1398 And.

1225 1409 1246 1439 i.
1266 1411 1294 1446 1,
1312 1411 1382 1441 114.
1426 1411 1520 1441 Recte
1535 1408 1625 1440 dicis.
1642 1409 1728 1440 And.
1743 1409 1776 1440 ii.

1226 1453 1256 1489 2,
1268 1452 1319 1483 26.
1358 1452 1435 1483 Non
1450 1457 1531 1483 recte
1545 1451 1673 1493 accipis.
1690 1452 1778 1483 And.

1225 1494 1259 1526 ii.
1277 1497 1309 1532 2,
1325 1496 1376 1526 30.
1422 1494 1494 1536 Ego
1518 1494 1608 1526 istaec
1634 1499 1716 1526 recte
1742 1501 1780 1526 ut

1225 1538 1306 1568 fiant
1334 1537 1456 1569 videro.
1487 1537 1574 1568 And.
1604 1536 1638 1568 ii.
1667 1537 1698 1575 6,
1726 1537 1778 1568 25.

1225 1581 1319 1612 Recte
1330 1590 1391 1621 ego
1405 1590 1522 1621 nempe
1537 1580 1596 1611 has
1609 1579 1678 1620 fugi
1692 1589 1773 1621 nup-

1225 1622 1296 1654 tias.
1314 1624 1400 1654 And.
1416 1622 1459 1653 iv.
1472 1624 1502 1660 4,
1518 1622 1569 1655 27.
1607 1622 1696 1658 Quid
1710 1632 1779 1660 vos,

1224 1675 1288 1706 quo
1312 1671 1408 1707 pacto
1433 1665 1508 1696 hic?
1541 1664 1646 1696 satine
1671 1667 1779 1697 recte?

1225 1708 1310 1739 And.
1321 1708 1364 1739 iv.
1375 1709 1405 1745 5,
1413 1708 1443 1739 9.
1472 1709 1566 1739 Recte
1581 1707 1674 1739 seras.
1691 1708 1778 1739 Eun.

1224 1750 1245 1781 i.
1266 1751 1293 1788 l,
1310 1752 1362 1782 33.
1407 1750 1502 1791 Rogo
1523 1760 1602 1781 num
1623 1750 1703 1791 quid
1721 1761 1777 1782 ve-

1223 1793 1277 1828 lit:
1295 1798 1385 1831 recte,
1401 1792 1516 1834 inquit.
1533 1793 1619 1824 Eun.
1635 1792 1669 1824 ii.
1683 1794 1712 1829 3,
1724 1794 1777 1824 51.

1225 1835 1260 1867 Si
1290 1836 1362 1877 quis
1398 1841 1480 1867 recte
1516 1841 1574 1867 aut
1609 1835 1777 1867 commode

1224 1885 1386 1910 tractaret.
1432 1878 1534 1910 Pon-o
1559 1883 1642 1910 recte
1670 1883 1775 1920 spero.

1226 1922 1347 1953 Heaut.
1363 1921 1385 1952 i.
1406 1922 1434 1959 l,
1451 1922 1512 1952 100
1527 1926 1561 1952 et
1578 1922 1648 1954 107.
1681 1921 1778 1957 Quod

1224 1964 1298 1995 dem
1325 1963 1365 2001 ei,
1392 1964 1525 1995 rectc’at.
1554 1963 1675 1995 Heaut.
1694 1963 1728 1995 ii.
1747 1965 1776 2001 1,

1226 2006 1276 2038 16.
1320 2008 1414 2038 Recte
1429 2016 1516 2038 sane.
1543 2006 1664 2037 Heaut.
1680 2006 1727 2038 iii.
1745 2008 1776 2043 2,

638 2053 794 2082 rationem.
835 2049 975 2090 Adelph.
1006 2048 1052 2079 iii.
1081 2050 1111 2085 3,
1138 2049 1188 2080 21.
1225 2049 1276 2082 27.
1325 2051 1414 2080 Recte
1429 2049 1533 2080 datur.
1547 2048 1686 2090 Adelph.
1703 2059 1732 2081 v.
1745 2050 1776 2087 8,

640 2093 784 2124 Eandem
816 2092 906 2123 illam
931 2093 1078 2122 rationem
1103 2091 1189 2122 anti-
1224 2093 1275 2123 28.
1321 2091 1374 2123 Ex
1400 2098 1432 2122 te
1453 2096 1534 2123 recte
1556 2101 1629 2123 eum
1653 2097 1775 2123 natum.

638 2146 734 2176 quam
749 2134 869 2167 obtine.
885 2133 1026 2176 Adelph.
1043 2144 1071 2165 v.
1090 2135 1120 2171 3,
1137 2134 1188 2165 26.
1203 2149 1206 2183 Ι
1225 2135 1307 2166 Hec.
1324 2133 1371 2165 iii.
1389 2136 1419 2171 3,
1436 2135 1487 2165 39.
1532 2133 1620 2169 Quid
1647 2144 1683 2166 es
1708 2141 1776 2166 tam

639 2179 691 2210 Ne
717 2178 854 2209 nimium
884 2177 980 2208 modo
1010 2177 1103 2208 bonae
1126 2182 1205 2217 ωε,

638 2221 727 2253 istaec
757 2231 816 2252 nos
845 2222 988 2256 rationes,
1015 2219 1128 2257 Micio,
1156 2225 1190 2250 et

639 2270 713 2295 tuus
736 2263 798 2295 iste
824 2262 952 2294 animus
978 2272 1089 2302 aequus
1112 2262 1205 2293 sub-'

638 2312 752 2337 vortat.
770 2305 909 2347 Adelph.
922 2315 951 2336 v.
963 2305 993 2342 3,
1006 2306 1056 2335 50.
1090 2304 1125 2335 Si
1140 2304 1189 2336 vis

637 2359 747 2380 veram
759 2349 858 2379 verba
872 2348 913 2378 ad
928 2350 1075 2378 rationem
1091 2347 1188 2388 exig-i.
1202 2337 1205 2376 ἕ

639 2392 721 2423 Hec.
749 2390 796 2421 iii.
826 2392 854 2427 1,
882 2390 933 2421 26.
971 2389 1046 2421 vide
1075 2390 1205 2432 Notaaffi

639 2434 720 2465 Haec
735 2444 809 2465 cum
824 2435 972 2464 rationem
986 2432 1077 2464 ineas
1093 2442 1189 2473 quam

1223 2177 1353 2208 tristis?
1400 2177 1491 2208 Pau.
1522 2178 1626 2214 Recte,
1662 2183 1776 2208 mater.

1225 2220 1307 2251 Hec.
1324 2219 1370 2250 iii.
1388 2221 1417 2258 2,
1435 2221 1487 2251 20.
1521 2220 1655 2260 Absque
1670 2229 1710 2251 eo
1723 2229 1776 2251 es-

1222 2269 1282 2300 set,
1311 2268 1393 2294 recte
1416 2272 1478 2303 ego
1506 2261 1587 2293 mihi
1611 2261 1775 2294 vidissem.

1223 2305 1353 2336 Phorm.
1369 2305 1393 2336 i.
1410 2306 1441 2342 4,
1460 2305 1509 2335 12.-

1265 2346 1383 2388 rectus]
1422 2347 1531 2379 Facile
1561 2355 1673 2379 omnes
1700 2357 1778 2381 cum

1223 2390 1377 2427 valemus,
1392 2395 1478 2421 recta
1491 2389 1626 2421 consilia
1661 2395 1664 2398 ’
1697 2395 1702 2398 “
1749 2390 1757 2397 “

1223 2433 1346 2464 damus.
1378 2433 1463 2464 And.
1489 2433 1523 2464 ii.
1551 2434 1579 2470 1,
1602 2433 1641 2464 9..
1697 2443 1777 2474 psi-

637 2477 703 2508 sint
717 2476 838 2508 suavia.
855 2476 985 2507 Phorm.
1002 2475 1036 2506 ii.
1053 2476 1084 2513 2,
1101 2476 1152 2506 30.
1202 2469 1206 2520 ζ
1223 2485 1294 2507 eam
1321 2485 1391 2507 rem
1415 2480 1500 2506 recta
1525 2475 1690 2516 reputavit
1711 2475 1774 2507 via.

680 2517 873 2559 ratiuncula]
902 2518 984 2549 Erat
1013 2517 1043 2549 ei
1068 2517 1110 2549 de
1135 2529 1187 2550 ra·
1203 2547 1206 2559 ,
1224 2518 1309 2549 And.
1325 2517 1358 2549 ii.
1373 2518 1403 2555 6,
1419 2518 1467 2549 11.
1508 2517 1599 2549 Hinc
1613 2517 1648 2549 in
1663 2517 1775 2560 pistri-

637 2564 775 2593 tiuncala
798 2561 995 2603 jampridem
1023 2560 1111 2602 apud
1136 2570 1189 2591 me

637 2605 797 2645 reliquum
813 2603 1027 2645 pauxillulum
1040 2613 1188 2634 nummo-

638 2657 719 2678 rum.
737 2647 867 2678 Phorm.
883 2645 904 2677 i.
923 2647 950 2683 1,
968 2646 998 2676 2.

680 2688 785 2730 ratus]
809 2689 894 2726 Neu,
911 2688 998 2729 quod
1020 2698 1081 2729 ego
1102 2687 1188 2729 egis·

638 2742 716 2770 sem,
742 2738 827 2763 esset
850 2736 960 2762 ratum.
991 2730 1074 2761 Hec.
1097 2730 1140 2762 iv.
1162 2732 1189 2768 l,

639 2776 690 2806 30.
735 2774 831 2810 Quod
860 2774 957 2805 modo
982 2778 1083 2804 ratam
1110 2780 1189 2811 erat,

50 2821 135 2852 Eun.
157 2820 178 2851 i.
197 2821 227 2857 2,
245 2820 296 2852 75.
338 2821 485 2853 Quorsum
499 2817 602 2850 istuc?
638 2817 825 2849 inritum’st.
843 2817 973 2848 Phorm.
990 2826 1020 2847 v.
1036 2815 1065 2853 7,
1082 2816 1133 2847 58.

50 2862 190 2904 Adelph.
219 2862 240 2893 i.
258 2863 288 2900 2,
306 2862 356 2893 20.
403 2862 490 2893 Sane
518 2870 604 2892 curae

681 2858 800 2900 recens]
832 2859 921 2891 Dum
953 2857 1112 2900 aegritudo
1141 2864 1191 2890 est

49 2912 110 2943 est,
141 2916 281 2946 quorsum
313 2910 506 2936 eventurum
542 2903 603 2935 hoc
638 2903 707 2934 haec
721 2912 834 2934 recena.
852 2901 991 2943 Adelph.
1006 2901 1054 2932 iii.
1071 2902 1167 2939 214.

49 2949 119 2980 siet.
139 2948 221 2979 Hec.
238 2948 258 2979 i.
277 2949 307 2985 2,
328 2948 396 2978 118.

681 2944 816 2986 recepto]
845 2945 919 2980 Quo
945 2944 981 2975 in
1007 2950 1128 2975 tectum
1158 2950 1191 2975 te

93 2989 236 3032 quorsus]
266 2990 390 3022 Misera
417 2989 524 3027 timeo,
550 2989 600 3020 in·
638 2993 781 3028 receptes.
794 2987 914 3019 Heaut.
922 2987 1050 3023 v.2.15.
1076 2987 1190 3018 Meum

985 3039 1017 3060 m

1223 2565 1402 2640 igini-521¹?
1411 2560 1599 2634 1(rlrei‘xiisilium
1609 2561 1775 2635 ffidArng

1223 2647 1338 2677 tum'st.
1355 2645 1441 2677 Eun.
1451 2645 1495 2677 iv.
1507 2646 1538 2683 7,
1549 2646 1600 2677 14.
1637 2646 1776 2678 Pravom

1222 2698 1264 2720 an
1280 2694 1395 2720 rectum
1409 2688 1461 2720 sit.
1480 2689 1600 2720 Heant.
1616 2688 1663 2720 iii.
1680 2689 1708 2727 l,
1723 2689 1775 2722 76.

1227 2731 1331 2762 Immo
1353 2737 1390 2762 ut
1403 2736 1488 2762 recta
1502 2731 1555 2763 via
1575 2741 1646 2763 rem
1666 2735 1778 2763 narret

1223 2773 1337 2805 ordine
1361 2783 1500 2805 omnem.
1533 2774 1654 2806 Heaut.
1667 2773 1723 2806 iv.
1745 2775 1776 2811 3,

1224 2817 1275 2848 28.
1322 2816 1397 2848 Nisi
1417 2816 1505 2857 quod
1526 2816 1597 2859 ipse
1619 2816 1706 2854 fecit,
1728 2817 1776 2848 nil

1223 2864 1468 2933 ῗὲἑῖηῧῗὲ.
1481 2858 1775 2944 ’ἓὲῗὲᾨέᾠὲ

1224 2955 1288 2976 sus.
1319 2944 1460 2986 Adelph.
1477 2943 1519 2976 iv.
1537 2946 1567 2982 2,
1584 2946 1635 2976 35.
1680 2947 1777 2976 Recta

1225 2987 1277 3019 via
1291 2987 1422 3028 quidem
1436 2987 1522 3020 illuc.
1546 2988 1676 3020 Phorm.
1693 2987 1728 3019 ii.
1748 2989 1776 3025 1,
