1852 3216
82 146 220 175 serm
242 131 340 186 vn.]

662 127 1014 172 ADELPHI.

1514 128 1599 171 453

194 222 449 264 Dinumeret
470 219 528 262 illi
548 218 716 276 Babylo
734 219 882 275 viginti
901 218 1048 261 minas.

193 288 316 343 Syre,
337 301 480 329 cessas
500 286 561 328 ire
581 300 631 328 ac
650 285 820 328 facere?
870 283 948 326 SY.
972 283 1092 331 Quid
1111 285 1222 339 ago?
1272 283 1363 326 DE.
1386 283 1540 326 Dirue.

191 352 264 394 Tu
282 351 374 394 illas
394 352 464 394 abi
483 359 526 394 et
545 351 736 394 traduce.
787 349 874 392 GE.
899 349 961 391 Di
980 350 1071 400 tibi,
1091 349 1272 400 Demea,

135 427 175 457 20
192 418 485 469 Benefaciant,
507 433 637 474 quum
658 424 699 460 te
719 417 844 459 video
863 423 1021 458 nostrae
1039 415 1206 457 familiae

190 483 300 525 Tam
321 499 376 526 ex
394 484 533 525 animo
553 483 712 525 factum
731 481 851 524 velle.
902 481 992 523 DE.
1016 480 1185 536 Dignos
1206 481 1406 523 arbitror.

192 549 312 597 Quid
332 556 379 590 tu
399 549 491 591 ais?
539 548 639 592 AEs.
662 548 733 590 Sic
753 549 919 603 opinor.
970 547 1058 588 DE.
1081 546 1224 588 Multo
1244 546 1448 596 rectiu’st‚

191 615 334 663 Quam
354 613 465 656 illam
486 629 740 670 puerperam
761 628 873 655 nunc
894 613 994 655 duci
1013 612 1098 654 huc
1119 628 1198 668 per
1217 613 1326 654 viam

190 681 434 737 AEgrotam.

485 680 585 722 AEs.
608 679 730 721 Nihil
750 680 860 721 enim
880 679 967 722 vidi
986 679 1150 729 melius,
1170 680 1227 720 mi
1246 685 1384 734 pater.

134 755 174 784 25
192 746 279 788 DE.
303 746 374 789 Sic
395 746 535 788 soleo:
569 746 645 787 sed
666 759 827 795 eccum,
849 744 982 787 Micio
1002 744 1223 800 egreditur
1243 744 1374 786 foras.

296 899 548 948 ACTUS
600 898 886 953 QUINTI
937 897 1191 945 SCENA
1235 896 1376 945 VIII.

503 1024 655 1058 MICIO.
705 1023 887 1055 DEMEA.
929 1023 1182 1054 AESCHINUS.

189 1107 338 1150 ‹Jussss'r
359 1106 519 1149 frater?
550 1107 625 1148 ubi
644 1106 680 1148 is
701 1108 796 1149 est?
827 1106 916 1148 tun’
930 1106 1060 1161 jubes
1081 1105 1179 1157 hoc,
1201 1106 1368 1148 Demea
1386 1109 1403 1149 ἲ

76 1219 156 1240 esse.
181 1208 225 1239 Et
240 1208 292 1239 hic
304 1218 417 1239 sensus
432 1207 487 1238 ille
503 1213 552 1238 est
567 1217 653 1247 ergo,
664 1212 701 1237 ut
717 1206 819 1237 Micio

79 1251 199 1293 Babylo
223 1251 276 1289 sit,
298 1251 354 1292 qui
375 1250 490 1292 viginti
516 1250 619 1281 minas
645 1249 735 1281 dedit
760 1260 819 1291 pro

77 1295 255 1332 meretrice,
272 1305 342 1335 quae
364 1300 456 1335 rapta
472 1299 529 1324 est.
566 1293 636 1334 Ego
652 1303 738 1323 nunc
750 1293 820 1333 jam

78 1340 193 1379 lepidus
206 1349 299 1375 vocor,
317 1337 418 1368 Micio
430 1336 506 1367 licet
520 1336 635 1377 viginti
644 1336 748 1366 minas
763 1336 819 1366 de-

78 1380 171 1418 derit,
189 1381 248 1412 hoc
265 1387 389 1411 tantum
407 1379 475 1420 (hoc
494 1385 592 1410 tamen
613 1391 670 1410 non
692 1379 746 1418 Z.)
763 1389 816 1410 ac-

78 1424 166 1466 cepit
194 1434 322 1461 nomen,
353 1433 412 1464 ego
447 1423 517 1454 sine
555 1429 664 1453 sumtu
694 1421 816 1453 laudor.

125 1510 173 1543 17.
190 1508 385 1550 Dinumeret]
413 1511 589 1540 Dinumeret
613 1507 706 1545 dixit,
726 1508 817 1549 quasi

78 1553 215 1584 multum
242 1559 398 1584 numeret.
431 1551 502 1592 Illi]
528 1551 590 1582 Cui
615 1553 689 1582 illi?
711 1552 818 1583 Ctesi-

78 1596 187 1638 phoni,
218 1595 338 1633 lenoni,
369 1606 410 1626 an
436 1595 615 1626 AEschino?
647 1604 688 1625 an
713 1594 817 1636 Syro?

78 1638 214 1681 Babylo]
245 1639 397 1675 Fratrem,
414 1640 599 1679 Babylonem
623 1638 664 1669 ob
686 1637 818 1669 nimiam

78 1682 302 1714 liberalitatem
327 1689 436 1713 vocat:
461 1692 501 1712 an
526 1683 703 1712 AEschinnm
722 1681 818 1712 nimis

78 1726 271 1768 prodigum?
306 1726 447 1756 D.—Illi
468 1723 604 1765 Babylo]
631 1724 693 1755 Ms.
714 1724 753 1755 R.
770 1726 821 1756 ille

79 1771 207 1810 Babylo.
236 1769 384 1799 L.—Pro
408 1770 455 1799 illi
474 1767 619 1809 plerique
644 1767 735 1798 codd.
759 1770 820 1799 ille.

81 1812 186 1853 Igitur
205 1811 294 1843 locus
316 1811 413 1853 paulo
434 1810 594 1842 difficilior
616 1810 821 1851 accipiendus

80 1863 129 1886 est
144 1855 184 1886 de
202 1855 325 1886 Demea
340 1865 461 1891 averso,
478 1853 530 1894 qui
552 1863 660 1884 secum
679 1853 822 1894 loquitur

79 1899 164 1929 hunc
186 1908 324 1934 versum,
349 1904 385 1928 ut
408 1897 554 1946 proxime
580 1897 819 1933 antecedentia3

79 1942 159 1973 adeo
174 1949 211 1972 ut
225 1941 268 1972 sit
282 1951 413 1972 sensus:
439 1939 508 1971 Etsi
526 1940 624 1970 stater
639 1939 700 1970 iste
711 1939 820 1981 prodi-

78 1995 139 2026 gus
166 1984 281 2026 viginti
304 1984 407 2015 minas
433 1994 492 2025 pro
515 1982 647 2025 psaltria
669 1982 818 2019 solverit;

58 2036 68 2052 Ι
79 2036 136 2059 aut
150 2028 276 2059 etiamsi
292 2027 331 2059 ad
346 2027 481 2068 gratiam
498 2026 747 2057 adolescentium
763 2036 820 2057 au-

79 2071 258 2113 cupandam
282 2071 389 2102 denuo
416 2070 548 2101 totidem
577 2069 681 2100 minas
705 2079 820 2100 consu-

80 2123 163 2146 mat:
188 2125 247 2156 ego
264 2121 370 2144 tamen
393 2124 478 2144 nunc
501 2123 611 2154 parem
633 2112 663 2143 ei
686 2112 822 2153 gratiam

80 2158 192 2189 refero.
224 2157 307 2188 Nam
312 2157 389 2197 jube
401 2163 487 2187 recte
499 2157 645 2187 Donatus
660 2155 819 2197 interpre-

81 2207 167 2232 tatur
181 2211 240 2243 per
251 2212 329 2241 age.-
352 2202 471 2240 Babylo
483 2206 590 2230 autem
607 2209 663 2229 seu
683 2199 771 2240 Baby
773 2198 819 2229 lo-

80 2244 154 2275 nius
175 2252 225 2275 est
247 2244 400 2286 prodigus
416 2250 448 2274 et
468 2243 627 2285 profusuS,
643 2242 683 2273 ob
699 2242 821 2280 luxum,

81 2298 144 2328 quo
168 2294 235 2319 tum
260 2287 350 2318 Medi
374 2293 407 2318 et
427 2287 534 2318 Persae
560 2285 694 2316 infames
719 2295 820 2316 erant.

83 2330 172 2361 Hinc
199 2330 342 2361 Scholias
327 2337 392 2361 stes
415 2328 583 2361 «luvenalis
607 2328 647 2359 ad
675 2328 719 2359 iii.
747 2330 818 2359 221.

83 2375 213 2404 Meliora
234 2379 265 2404 et
281 2375 374 2413 plura
395 2375 513 2413 reponit
529 2374 668 2403 Persicus
682 2374 820 2403 orborum

84 2418 277 2448 lautissimus.
300 2418 455 2448 Persicum
470 2418 557 2457 quasi
569 2417 691 2446 diviiem
702 2417 823 2455 posuit,-

82 2470 116 2490 eo
130 2461 209 2499 quod
222 2461 324 2490 Persae
336 2462 466 2491 divites.-
489 2462 532 2490 sic
547 2460 705 2496 Horatius,
718 2458 822 2489 Persi-

83 2513 131 2533 cos
146 2504 204 2538 odi,
217 2513 303 2542 puer,
318 2508 505 2542 apparatus:
533 2504 699 2538 Terentius,
721 2503 821 2533 Dinu-

83 2549 175 2575 meret
189 2556 268 2575 nunc
282 2547 332 2576 ille
348 2547 467 2586 Babylo
480 2557 521 2576 ,τι
535 2547 640 2576 minas.
673 2545 709 2575 Β.

130 2588 178 2618 18.
196 2589 239 2628 Sy
240 2598 281 2624 re,
292 2598 389 2619 cessas
398 2599 485 2619 zreac
490 2587 597 2628 facere
605 2587 638 2628 ?]
651 2587 823 2620 ’ἰδιωτικῶς

84 2630 210 2662 dicitur.
249 2630 363 2671 Dirae]
397 2631 469 2662 Hoc
499 2631 591 2662 vultu
620 2630 738 2662 dicitur
765 2631 821 2662 ad-

84 2674 242 2705 hortante.
286 2673 457 2707 D.-—Quid
485 2673 582 2714 ago?]
616 2674 655 2704 V.
673 2674 710 2704 C.
741 2675 824 2707 Quid

83 2719 199 2758 agam?
234 2716 401 2751 L.—Qm·c1
425 2716 516 2757 ego?]
547 2716 643 2752 Quod
671 2724 761 2748 extat
787 2717 821 2748 in

84 2759 247 2791 nonnullis
276 2759 367 2790 codd.
398 2766 475 2790 vett.
506 2769 583 2790 vera
620 2765 670 2790 est
705 2759 823 2796 lectio;

84 2803 219 2834 subaudi
232 2801 360 2842 faciam.
394 2802 511 2834 Caeteri
533 2802 652 2833 habent
669 2813 735 2843 ago,
757 2809 822 2840 aut,

125 2858 183 2877 am.
218 2847 254 2876 B.

84 2856 183 2921 ⁰82⁰·
200 2892 296 2923 Quam
311 2894 340 2920 te
355 2891 439 2920 video
450 2886 697 2928 nostraesamiliae
710 2893 771 2919 tam
786 2899 823 2919 ex

84 2932 309 2973 animosacticm
321 2931 412 2973 velle]
430 2934 479 2963 Ex
494 2933 592 2962 animo
607 2933 700 2962 alicui
706 2930 823 2971 facere,

86 2982 134 3008 est
148 2975 182 3008 id
198 2975 311 3014 facere,
323 2976 408 3016 quod
424 2975 498 3007 ille
490 2985 523 3006 in
536 2973 643 3006 animo
655 2985 714 3006 suo
726 2973 822 3006 velit
813 2987 823 3012 ς

861 1211 916 1237 aut
942 1212 1029 1237 certe
1054 1217 1095 1238 ex
1119 1213 1185 1238 tota
1212 1213 1321 1238 mente
1344 1213 1508 1250 praestare,
1537 1219 1602 1240 non

860 1249 1096 1291 perfunctorie:
1121 1250 1178 1281 sed
1200 1262 1236 1281 ex
1257 1253 1356 1282 animo
1368 1250 1498 1291 sactum,
1521 1252 1603 1283 bene

862 1293 981 1324 sactum
995 1292 1175 1334 intelligere
1187 1293 1350 1331 debemus,
1363 1302 1400 1325 ut
1414 1295 1466 1332 sit,
1483 1306 1519 1326 ex
1533 1298 1602 1326 ani-

862 1347 917 1372 mo,
934 1336 1024 1376 quasi
1040 1346 1082 1367 ex
1096 1336 1265 1367 sententia.
1296 1337 1336 1367 D.

904 1380 954 1409 21.
976 1381 1094 1419 Dignos
1116 1378 1266 1421 arbitror]
1291 1380 1398 1411 Multa
1419 1380 1546 1419 desunt,
1568 1386 1603 1412 et

860 1433 919 1458 vos,
937 1428 969 1453 et
983 1433 1055 1458 esse,
1072 1428 1105 1453 et
1119 1424 1269 1463 quiflant.
1303 1423 1344 1454 D.

904 1466 954 1495 22.
986 1465 1068 1499 Quid
1096 1471 1129 1496 tu
1154 1468 1200 1496 ais
1212 1465 1246 1506 ἒ]
1286 1466 1335 1497 Eo
1364 1466 1455 1498 vultu
1483 1466 1603 1498 dicitur

864 1510 947 1542 Quid
968 1514 1000 1539 tu
1022 1512 1079 1545 ais,
1096 1519 1158 1549 quo
1182 1508 1327 1541 videmus
1349 1509 1437 1550 loqui
1459 1521 1524 1548 eos,
1545 1510 1600 1551 qui

862 1550 1063 1592 interrogant
1084 1552 1296 1593 gesticulante
1312 1552 1413 1590 vultu,
1430 1553 1507 1594 quid
1529 1564 1603 1584 sen-

862 1593 943 1625 tiant
964 1595 1004 1625 de
1020 1594 1154 1626 consilio
1170 1605 1237 1632 suo,
1258 1606 1338 1637 quos
1355 1596 1463 1627 sciunt
1486 1606 1603 1638 appro-

862 1638 991 1669 baturos
1007 1648 1086 1669 esse.
1122 1639 1161 1669 D.

905 1682 955 1711 23.
972 1682 1043 1712 Huc
1056 1693 1112 1721 per
1122 1681 1218 1722 viam]
1239 1682 1303 1713 Ms.
1320 1682 1360 1713 R.
1375 1688 1408 1714 et
1423 1688 1500 1714 vett.
1511 1683 1603 1714 codd.

865 1726 921 1755 hac
929 1735 986 1764 per
995 1727 1082 1755 viam.
1108 1725 1390 1756 L.—Concinnius
1400 1726 1503 1757 nostri
1512 1726 1604 1757 codd.

864 1769 936 1798 Hac
956 1779 1034 1798 nanc
1056 1770 1126 1799 duci
1144 1779 1202 1808 per
1222 1771 1310 1799 viam.
1356 1769 1442 1799 Nam
1463 1771 1529 1807 hac,
1545 1779 1605 1811 per

864 1820 992 1841 scenam
1004 1811 1135 1848 scilicet,
1152 1822 1223 1852 quae
1238 1811 1308 1852 ipsa
1323 1811 1430 1853 platea
1446 1819 1503 1843 est.
1536 1813 1574 1843 Β.

908 1855 957 1884 25.
986 1855 1038 1885 Sic
1063 1853 1156 1894 soleo]
1185 1854 1296 1885 Potest
1322 1853 1458 1895 εἰρωνεία
1478 1854 1603 1886 videri:

864 1896 984 1938 quippe
999 1897 1127 1937 quando
1143 1897 1206 1928 tale
1217 1897 1388 1928 consilium
1404 1898 1518 1939 probat
1534 1898 1604 1930 De-

865 1949 945 1976 mea,
962 1940 1047 1980 quod
1068 1941 1219 1982 probaret
1240 1940 1434 1971 adolescens.
1466 1941 1606 1973 D.—Sn'c

863 1982 957 2023 soleo]
983 1983 1047 2014 Hic
1069 1983 1233 2021 mentitur,
1256 1983 1521 2015 consuetudinem
1543 1984 1605 2016 sibi

864 2026 1038 2067 praestandi
1075 2026 1155 2057 dicit
1182 2027 1262 2066 (eum
1292 2029 1532 2059 consuetudinem
1560 2030 1607 2059 sio

861 2071 1031 2108 praestandi
1046 2071 1122 2100 dicit
1147 2070 1182 2100 Z.
1188 2070 1210 2109 ).
1243 2069 1283 2100 E

911 2113 937 2143 l.
963 2114 1056 2143 lubet
1068 2112 1174 2153 frater
1182 2111 1214 2153 ?]
1248 2113 1395 2154 Apparet
1424 2113 1606 2145 Micionem

865 2154 994 2186 dixisse.
1021 2157 1083 2187 Cur
1104 2157 1228 2186 diruis?
1251 2156 1366 2197 Syrum
1389 2157 1605 2199 respondisse,

868 2200 948 2231 Quia
962 2201 1015 2230 hoc
1021 2198 1115 2239 jubet
1120 2198 1226 2239 frater
1241 2204 1319 2230 tuus.
1356 2201 1449 2231 Jubet
1454 2199 1561 2240 frater
1570 2199 1605 2242 .⁹]

867 2241 962 2272 Dirui
978 2242 1150 2273 maceriam
1165 2242 1296 2273 scilicet.
1345 2244 1427 2274 Tune
1434 2243 1528 2283 jubes
1542 2245 1606 2282 hoc,

864 2286 977 2316 Demea
989 2284 1022 2334 .⁷]
1064 2285 1298 2326 Interrogative
1327 2267 1606 2327 pronunciandurri

864 2334 985 2359 totum:
1010 2328 1056 2359 ita
1071 2329 1132 2360 erit
1144 2339 1208 2359 una
1223 2339 1370 2371 persona.
1403 2329 1448 2360 Et
1462 2330 1606 2361 ostendi-

865 2378 918 2402 tur
939 2371 1079 2403 breviter
1101 2382 1142 2403 ex
1163 2372 1259 2412 hujus
1279 2372 1394 2409 verbis,
1413 2373 1499 2413 quod
1517 2373 1607 2414 prior

866 2414 986 2445 dixerit
1016 2415 1124 2456 Syrus.
1170 2415 1214 2446 Et
1240 2415 1357 2446 mirum
1384 2414 1532 2447 initium:
1565 2427 1606 2448 ne

865 2457 1022 2499 prooemio
1037 2468 1118 2507 opus
1134 2465 1218 2489 esset
1234 2458 1375 2496 Demeae,
1392 2458 1433 2489 ad
1450 2459 1605 2501 profiten-

866 2500 939 2532 dam
951 2501 1162 2532 mutationem
1177 2501 1361 2532 voluntatis.
1382 2502 1421 2532 D.
1424 2504 1604 2534 —Fraterr

865 2546 945 2575 ubi
933 2556 960 2575 ts
975 2550 1019 2576 est
1029 2543 1062 2586 ?]
1089 2544 1169 2576 Haec
1188 2555 1285 2576 scena
1305 2544 1512 2577 deliberantis
1529 2556 1607 2588 per·

866 2598 977 2618 sonam
993 2594 1090 2619 tenet.
1137 2587 1304 2619 Deliberat
1326 2587 1413 2619 enim
1437 2588 1548 2627 Micio,
1564 2599 1607 2621 an

865 2637 1017 2672 provecta
1027 2637 1121 2662 aetate
1130 2630 1384 2662 ducatuxorem?
1409 2631 1458 2663 Ac
1466 2631 1608 2674 primum

865 2673 960 2714 (adde
972 2685 1038 2705 cum
1053 2674 1107 2714 Z.)
1124 2673 1212 2705 videt
1224 2673 1310 2705 dirui
1322 2674 1502 2713 maceriam,
1518 2686 1606 2717 que·

864 2716 908 2747 rit
929 2727 1049 2748 causas.
1096 2717 1278 2758 Responsio
1300 2724 1359 2755 est,
1382 2719 1474 2750 Iubet
1488 2717 1606 2759 frater.

866 2760 1067 2800 Quamquam
1089 2759 1218 2800 quidem
1240 2759 1393 2802 intelligit
1407 2761 1570 2802 (quidam
1557 2774 1606 2794 un·

867 2805 1007 2843 telligunt
1030 2802 1094 2842 Ζ.),
1112 2803 1218 2844 ipsum
1242 2803 1418 2835 Micionem
1437 2803 1553 2843 dicere,
1569 2812 1608 2837 ut

865 2845 956 2886 quasi
976 2856 1049 2877 cum
1071 2845 1214 2878 audisset
1233 2847 1325 2887 cujus
1344 2846 1396 2885 sit,
1411 2847 1468 2879 sed
1489 2848 1607 2881 missus

865 2887 1004 2930 intelligi
1021 2889 1067 2929 (et
1088 2892 1185 2930 quasi,
1201 2900 1268 2921 eum
1287 2892 1431 2929 audisset,
1450 2893 1519 2932 quis
1531 2892 1605 2933 jus-

866 2934 951 3005 ssrit,
964 2934 1147 2964 admiratum
1157 2938 1290 2974 repetere
1307 2934 1342 2966 Z.
1347 2933 1372 2975 ),
1378 2934 1471 2975 jubet
1476 2934 1606 2976 frater?
