1852 3216
92 134 335 194 munnfl

673 137 1011 181 [HECYRA.

1526 132 1613 182 529

122 255 131 263 ι
149 223 237 271 Pri.
256 227 371 285 Ego,
392 224 630 285 Pamphile,
649 221 746 271 esse
765 229 878 271 inter
895 244 989 280 nos,
1011 229 1047 271 si
1067 225 1162 272 fieri
1182 221 1340 286 potest,

147 292 414 336 Affinitatem
433 293 544 337 hanc
564 308 665 337 sane
682 301 934 350 perpetuam
954 293 1075 337 volo:

92 367 133 397 15
149 359 226 401 Sin
247 367 329 410 est,
347 367 397 402 ut
416 359 539 403 aliter
556 368 631 403 tua
650 361 730 403 siet
748 362 973 411 sententia,

148 423 350 481 Accipias
369 441 562 482 puerum.
613 427 730 469 Pm.
752 426 897 469 Sensit
914 427 1160 482 peperisset
1190 426 1352 470 occidi!

149 491 235 534 LA.
256 491 444 534 Puerum
458 495 468 534 !
481 499 485 502 ’
497 508 624 548 quem
641 495 851 548 puerum?
899 492 984 534 Pu.
1007 492 1150 534 Natus
1168 500 1235 535 est
1253 492 1377 535 nobis
1396 506 1544 548 nepoS.

146 556 262 599 Nam
280 558 466 600 abducta
486 574 511 600 a
531 559 651 601 vobis
669 573 897 614 praegnans
916 557 1057 601 fuerat
1075 558 1177 609 filia,
1593 555 1605 564 ⁴

146 621 304 678 Neque
325 623 456 666 fuisse
474 632 766 680 praegnantem
784 638 972 679 unquam
991 631 1090 666 ante
1109 623 1224 666 hunc
1245 624 1347 666 scivi
1367 624 1494 667 diem.-

88 695 132 725 20
149 687 231 729 LA.
257 688 391 739 Bene,
414 690 473 731 ita
491 704 558 732 me
578 690 639 731 Di
656 698 814 740 ament,
831 689 1033 740 nuncias3
1063 696 1107 731 et
1125 690 1296 745 gaudeo

146 754 311 796 Natum
330 754 460 806 illum,
480 763 525 797 et
544 755 622 797 tibi
640 754 751 797 illam
771 754 953 797 salvam:
986 755 1062 797 sed
1082 755 1186 810 quid
1205 754 1393 797 mulieris
1431 778 1435 781 -

148 819 340 862 Uxorem
362 820 525 863 habes?
554 828 630 862 aut
647 821 802 876 quibus
822 828 1026 862 moratam
1046 821 1264 863 moribus?

146 885 299 928 Nosne
318 885 400 929 hoc
418 885 578 928 celatos
598 894 684 928 tam
704 886 811 928 diu?
840 900 1008 941 nequeo
1028 886 1147 937 satis,

147 951 290 999 Quam
310 950 392 993 hoc
410 951 513 992 mihi
532 951 702 993 videtur
720 951 879 993 factum
898 966 1045 1007 prave,
1064 950 1277 1007 proloqui.

90 1041 154 1062 non
170 1038 219 1063 est
232 1030 360 1072 generis
371 1029 594 1068 feminini,sed
609 1036 659 1061 est
672 1035 826 1071 quantun.

93 1076 233 1111 Turbent,
250 1080 359 1105 errent
378 1073 579 1115 (perturbent,
595 1073 666 1104 edd.
683 1073 776 1113 vett.)
793 1079 827 1105 et

88 1117 334 1154 tumultuentur,
360 1116 541 1158 significat:
573 1116 624 1148 vel
645 1117 825 1148 turbentur.

90 1161 176 1192 D.—
133 1161 264 1202 —Lege
283 1162 395 1192 anbee
406 1171 505 1200 porro,
521 1171 609 1201 quam
623 1162 705 1192 velit.
740 1160 824 1191 Nam

87 1211 163 1235 ante
173 1204 299 1235 dixerat
312 1203 501 1245 Phidippus,
514 1205 678 1244 Myrrhina
691 1215 743 1234 nos
750 1214 825 1244 per-

88 1249 202 1279 turbat.
227 1246 331 1288 Igitur
341 1247 393 1278 hic
407 1246 594 1289 Pamphilus
605 1257 736 1278 aversus
746 1257 824 1278 con·

87 1291 255 1322 venienter
267 1290 462 1332 respondeat
475 1300 606 1321 necesse
621 1296 680 1321 est.
711 1290 749 1321 B.

86 1338 96 1360 2
133 1335 183 1364 13.
197 1335 273 1374 Ego,
290 1332 463 1374 Pamphile]
480 1333 552 1364 Hoc
567 1343 745 1375 pronomen
760 1332 823 1364 ini-

86 1376 169 1408 tium
182 1377 327 1408 continet
341 1376 495 1407 orationis
511 1376 653 1418 graviter
665 1376 824 1418 inceptae.

86 1421 681 1461 ugEgoposlquomemileapamulo.
712 1421 827 1459 Sifieri

85 1463 201 1504 potest]
229 1462 437 1505 interposuit,
450 1469 487 1494 ut
502 1463 710 1504 supercilium
724 1462 828 1494 soceri

86 1506 331 1538 demonstraret.
364 1508 399 1537 Si
404 1508 479 1546 fieri
490 1505 605 1547 potest]
623 1506 725 1537 Recte
736 1506 826 1537 addi-

85 1556 167 1585 tum,
188 1552 217 1581 εἰ
232 1552 307 1589 fieri
328 1555 427 1590 polest
442 1562 453 1580 .·
490 1549 565 1590 quia
589 1560 654 1580 non
676 1549 828 1580 convenit

86 1593 192 1634 rogari
213 1603 233 1624 a
254 1603 365 1624 socero
384 1603 550 1634 generum,
566 1599 604 1624 ut
623 1603 722 1635 supra
742 1592 828 1624 dixit

85 1636 180 1676 (dis-i.
195 1636 359 1668 eddsvett.
390 1636 432 1667 D.

132 1680 182 1711 14.
204 1681 295 1711 Hanc
315 1691 388 1711 sone
406 1685 581 1720 perpetuam
602 1678 682 1720 volo]
699 1679 774 1710 Jam
790 1689 824 1710 e·

86 1721 156 1754 nim
166 1729 216 1754 est
228 1723 433 1754 confirmata:
456 1723 514 1754 sed
524 1730 713 1764 perpetuam
724 1722 823 1764 eupit.

89 1766 255 1797 D.—-Sane
289 1771 466 1806 perpetum
503 1765 586 1807 nolo]
629 1766 826 1807 Nuptiarum

85 1809 207 1851 quippe
227 1809 287 1840 hoc
308 1816 417 1840 votum
438 1815 495 1846 est,
511 1816 638 1840 aetatem
654 1819 700 1840 eff
714 1816 751 1840 ut
765 1809 825 1840 du-

86 1860 159 1883 rent
179 1859 274 1893 atque
292 1860 459 1894 perpetuae
477 1852 559 1887 sint:
585 1852 641 1883 Li.
656 1864 689 1883 π.
710 1852 751 1882 de
773 1852 824 1883 rit.

85 1902 193 1970 :222
201 1895 435 1980 ss'gopmmqfflmuss‘
444 1895 570 1969 {1⁷3AE
559 1895 826 1974 ⁰””0¹,2⁶„'2,{“‚1'f{².'”

85 1993 152 2013 enus
179 1985 295 2013 neritis
321 1993 378 2022 pro
407 1984 519 2013 talibus
544 1993 637 2013 mos
667 1983 826 2023 Exigue—-

84 2024 295 2061 Quinctilian.
309 2025 453 2056 Declam.
466 2025 538 2058 376.
567 2027 650 2057 Uror
662 2027 735 2055 milti
745 2027 827 2056 socia

85 2071 176 2106 thori,
197 2071 267 2100 vitae
287 2080 415 2106 consors,
436 2071 467 2099 in
489 2079 598 2099 omnem
613 2073 732 2099 etatem
744 2068 823 2108 jun·

81 2114 193 2152 genda-
232 2112 311 2143 Ideo
325 2112 499 2143 divortium
519 2111 714 2143 matrimonii
736 2122 822 2152 quae-

85 2155 159 2187 dam
181 2155 270 2187 velut
294 2155 467 2192 calamitas,
495 2165 559 2196 qua
586 2154 824 2186 interveniente

84 2198 221 2230 societas
241 2199 310 2230 haec
331 2198 526 2230 dissolvitur.
575 2198 650 2229 vid.
676 2198 822 2229 Gratian.

85 2241 181 2273 Caus-
211 2242 263 2275 27.
293 2242 414 2278 Quat.
437 2243 467 2273 2.
490 2252 539 2284 pr.
563 2248 596 2273 et
617 2252 709 2284 capp.
735 2251 822 2283 seqq.

84 2292 177 2327 parte
191 2285 226 2316 ii.
242 2285 373 2317 decreti.
403 2285 441 2316 Ι..

87 2338 92 2341 ·
130 2329 179 2359 15.
202 2330 258 2360 Sin
277 2334 332 2366 est,
348 2334 383 2359 ut
404 2330 497 2360 aliter
518 2330 644 2359 masiel
657 2327 823 2369 sententia]

86 2371 137 2411 Τδ
152 2372 335 2413 emmelis?
349 2372 465 2403 vitavit
484 2371 564 2403 illud
579 2371 663 2412 quod
680 2378 729 2403 est
743 2371 824 2402 omi-

85 2423 210 2452 neuim,
220 2425 262 2446 ne
273 2414 440 2446 dissidium
452 2415 587 2446 diceret:
612 2421 649 2446 ut
656 2414 823 2456 VirgiliuS,

86 2457 164 2488 AEn.
186 2456 253 2489 viii.
275 2459 349 2489 582.
375 2461 499 2500 gravior
520 2470 558 2490 ne
586 2460 713 2489 nuncius
735 2469 824 2489 aures

89 2501 243 2532 Vnt-eret.
273 2501 316 2532 D.

131 2543 180 2574 16.
202 2546 346 2584 Accipias
360 2544 501 2586 putem]
517 2545 618 2576 Jure·
609 2568 617 2575 .
640 2544 715 2585 quia
729 2543 822 2575 liberi

85 2593 211 2628 patrem
230 2595 415 2628 sequuntur.
452 2588 498 2619 Et
512 2588 592 2619 mire
607 2588 667 2619 hoc
683 2587 822 2619 maxime

84 2629 212 2670 adjecit,
221 2630 306 2671 quod
319 2630 459 2662 maxime
472 2638 600 2662 recusat
614 2631 821 2672 Pamphilus.

85 2681 119 2704 et
134 2679 268 2714 propter
280 2673 365 2725 quod
378 2683 461 2705 uxor
474 2684 600 2715 quoque
614 2685 679 2705 non
694 2674 820 2706 reduci-

85 2723 147 2747 tur.
186 2716 230 2747 Et
242 2719 385 2757 accipias,
398 2726 457 2759 pro
476 2717 604 2759 accipe:
627 2724 664 2749 ut
677 2720 821 2759 quiescas,

84 2769 147 2801 pro
174 2759 313 2800 quiesce.
362 2761 464 2791 Sensit
491 2762 652 2800 peperisse.
682 2762 777 2792 occidi
789 2760 820 2802 l]

86 2802 162 2834 Hoc
183 2803 323 2834 maxime
345 2802 546 2844 inopinatum
565 2810 614 2834 αι
634 2803 821 2845 Pamphilo:

83 2845 160 2887 quia
168 2856 279 2877 socrus
289 2845 481 2888 promiserat
489 2856 600 2878 omnes
610 2845 822 2888 ignoraturos.

84 2888 202 2930 Sensit]
306 2889 354 2920 rie
368 2889 424 2920 sic.
455 2889 499 2920 D

87 2952 94 2960 .
130 2933 181 2965 17.
198 2932 351 2963 Puer-sn.
347 2935 356 2953 '
377 2931 639 2973 que-pumat]
654 2932 825 2965 Moraliter

84 2975 191 3017 primo
200 2975 328 3008 dubitat
338 2975 415 3017 quid
426 2975 582 3010 audierit:
606 2975 722 3008 deinde
730 2976 821 3018 quasi

868 1036 976 1062 certus
996 1030 1074 1072 quid
1095 1030 1242 1069 audierit,
1264 1030 1450 1069 admiratur,
1471 1030 1607 1063 dicendo

872 1075 965 1107 Quem
984 1077 1135 1114 puer-mn?
1165 1075 1321 1105 Puerum!
1341 1086 1426 1116 quem
1437 1078 1588 1124 ριιεηηιιῖ

870 1117 960 1148 Bene
981 1128 1055 1148 cum
1075 1117 1336 1149 consternatione
1359 1117 1484 1149 animi.
1521 1129 1566 1160 qu

867 1170 1032 1202 nunquam
1068 1160 1165 1192 fando
1200 1167 1377 1203 acceperat.
1427 1163 1531 1193 Natus
1560 1167 1608 1193 est

867 1206 951 1235 nobis
964 1203 1069 1245 nepos]
1086 1204 1186 1242 Bene,
1202 1204 1277 1245 quia
1291 1205 1385 1236 ambo
1400 1204 1462 1236 avi.
1491 1205 1533 1236 D.

913 1248 962 1278 18.
986 1249 1069 1278 Nam
1094 1249 1225 1279 abducta
1249 1259 1270 1279 a
1294 1247 1395 1290 vobis]
1420 1248 1519 1286 Bene,
1541 1258 1607 1280 non

868 1291 997 1328 abierat,
1012 1290 1069 1322 sed
1094 1292 1226 1322 abducta
1241 1289 1370 1331 finat:
1390 1297 1428 1323 ut
1448 1291 1550 1333 magis
1565 1291 1609 1322 sit

867 1333 963 1375 culpa
977 1333 1099 1365 matris.
1134 1335 1167 1365 A
1180 1333 1280 1375 vobis]
1304 1334 1377 1372 Pro,
1392 1345 1412 1365 a
1427 1335 1607 1376 Pamphilo.

868 1377 950 1408 Nam
959 1378 1090 1408 abducta
1100 1388 1121 1408 α
1131 1379 1213 1408 vobis
1225 1377 1517 1419 praegnansfuerat]
1534 1378 1607 1409 Hoc

868 1425 971 1451 totum
985 1430 1058 1452 cum
1079 1419 1331 1461 indignatione
1322 1431 1357 1452 ιιι
1378 1431 1512 1452 uxorem
1530 1432 1607 1470 pro·

870 1463 1088 1495 nunciandum
1104 1470 1162 1494 est.
1190 1463 1231 1494 D.
1232 1464 1454 1495 —Bembinus
1469 1471 1503 1495 et
1512 1463 1608 1496 Vati·

869 1516 978 1544 canus,
994 1506 1183 1547 quibuscum
1198 1507 1327 1538 videtur
1340 1507 1513 1539 convenire
1536 1508 1607 1539 Do-

869 1549 937 1581 nati
961 1550 1127 1587 derivatio,
1154 1550 1267 1591 legunt
1288 1561 1442 1592 praegnas,
1469 1557 1503 1582 et
1531 1560 1608 1583 mox

864 1598 1060 1634 praegnatem,
1076 1593 1147 1624 sine
1160 1605 1181 1624 n
1195 1593 1313 1625 littera.
1346 1594 1384 1625 B.

914 1637 962 1668 19.
977 1638 1082 1678 Neque
1087 1636 1188 1677 sitisse
1195 1636 1419 1678 praegnantem]
1433 1637 1608 1679 Praegnans

868 1686 918 1710 est
935 1685 1006 1711 ante
1025 1685 1160 1721 gnatum,
1176 1679 1228 1711 vel
1248 1685 1319 1712 ante
1336 1683 1535 1722 genitricem:
1557 1688 1608 1713 est

868 1722 954 1754 enim
971 1734 1047 1764 prae,
1062 1730 1147 1754 ante.
1179 1723 1221 1754 D.

912 1767 963 1797 20.
980 1768 1073 1803 Bene,
1086 1769 1133 1797 ita
1144 1777 1190 1797 me
1204 1768 1250 1798 Di
1263 1765 1380 1807 ament]
1393 1767 1473 1808 Agit
1485 1767 1607 1808 gratias

869 1809 1054 1840 nuncianti:
1077 1809 1257 1851 gratulatur
1277 1811 1319 1841 ob
1339 1816 1525 1851 susceptum
1547 1821 1606 1842 ne·

868 1859 1015 1926 ⁹⁰33&
1014 1852 1460 1933 fflfflffissffissffl
1472 1853 1604 1939 ἑὲ...]

868 1938 1039 1980 Proprium
1061 1938 1210 1970 affectum
1231 1938 1339 1977 refert,
1361 1939 1428 1970 sibi
1444 1947 1606 1981 nepotem,

867 1981 915 2012 illi
938 1982 1038 2013 filiam
1061 1992 1131 2013 esse
1161 1989 1330 2014 servatam.
1376 1984 1421 2013 Et
1435 1984 1494 2014 tibi
1519 1985 1606 2015 illan

867 2025 998 2066 salvara]
1023 2025 1125 2056 Recte
1142 2027 1209 2063 tibi,
1226 2025 1302 2066 quia
1322 2031 1416 2068 pater
1437 2036 1607 2068 puerperae

867 2075 916 2099 est
941 2069 993 2099 cui
1016 2068 1103 2100 dicit.
1148 2070 1210 2100 Sed
1233 2070 1310 2110 qnid
1329 2070 1464 2100 mlieris
1485 2077 1606 2102 «tore-t

865 2113 956 2143 habes
965 2111 999 2152 ?]
1029 2111 1113 2146 Quid
1132 2113 1278 2149 mlieris,
1293 2111 1394 2143 dixit.
1417 2122 1459 2143 ne
1473 2112 1606 2150 diceret,

866 2155 993 2195 qualem
1022 2154 1200 2193 mulierem,
1229 2161 1288 2186 aut
1314 2154 1436 2196 aliquid
1463 2156 1603 2197 gravius.-

867 2198 911 2229 Et
927 2204 1028 2229 totum
1039 2198 1279 2239 percunctative
1289 2198 1407 2240 potius,
1418 2209 1513 2239 quam
1526 2209 1603 2241 pro-

866 2242 1035 2272 nunciaret
1046 2248 1079 2272 et
1090 2241 1220 2279 diceret,
1235 2241 1411 2273 Pessimam
1425 2242 1607 2281 mulierem,

866 2292 899 2315 et
913 2284 996 2315 male
1011 2291 1165 2316 moratam
1186 2294 1320 2316 uxorem
1339 2284 1446 2316 habes.
1492 2285 1538 2317 Et
1550 2296 1603 2318 re-

866 2327 1039 2369 prehensio
1054 2334 1103 2359 est
1117 2337 1191 2359 cum
1205 2334 1388 2359 contemtu:
1410 2327 1457 2359 sic
1472 2334 1516 2366 et,
1530 2332 1606 2370 qaid

866 2372 1018 2402 hominis?
1047 2377 1084 2402 ut
1109 2371 1201 2412 Virg.
1230 2371 1306 2402 AEn.
1327 2370 1349 2402 i.
1366 2372 1419 2402 82.
1460 2373 1506 2403 Tu
1528 2374 1605 2404 ullu·

866 2417 1058 2456 quodcunque
1087 2416 1141 2445 hoc
1173 2417 1270 2455 regni.
1314 2415 1360 2446 At
1389 2421 1501 2446 contra
1528 2425 1603 2447 cum

865 2458 986 2489 honore
1001 2458 1047 2489 sic
1062 2457 1208 2495 dicimus,
1326 2459 1470 2489 Ιιοιιίιιιιι
1483 2459 1576 2491 habes
1585 2461 1606 2491 2

867 2500 1041 2532 D.—111ud
1057 2503 1124 2538 tibi,
1140 2501 1225 2542 quod
1240 2500 1341 2532 nostri
1355 2500 1430 2532 libri
1441 2511 1515 2532 cum
1529 2501 1602 2534 edd.

864 2550 942 2576 vett.
956 2550 1031 2575 ante
1044 2549 1076 2576 et
1089 2544 1218 2583 habent,
1234 2543 1329 2586 plane
1344 2543 1516 2577 delendum
1525 2546 1602 2577 οωὲ

864 2598 928 2619 seo.
967 2588 1005 2618 B.

907 2632 958 2662 22.
975 2629 1144 2671 Moratum]
1162 2630 1202 2662 ld
1217 2636 1276 2668 est,
1287 2629 1478 2662 institutam.
1500 2630 1604 2664 Etest

864 2674 1070 2717 participium
1086 2673 1156 2705 sine
1172 2674 1279 2704 verbo.
1311 2673 1354 2704 D.

907 2719 959 2748 23.
975 2719 1077 2748 Nosne
1091 2719 1145 2748 hoc
1158 2715 1285 2758 celatos]
1309 2717 1390 2748 Non¹

864 2761 946 2792 latos
957 2760 1055 2792 dicit.
1077 2760 1134 2791 sed
1148 2766 1368 2801 praegnantem
1417 2759 1482 2792 iam
1491 2761 1603 2795 fuisse.

865 2806 996 2878 Νεφὲο
1014 2805 1101 2877 εῧίὶε,
1120 2802 1330 2844 —proloqm'J
1357 2802 1479 2846 uagus
1502 2814 1600 2847 eng-

886 2857 940 2878 era
967 2857 987 2877 o
1061 2869 1070 2877 .

863 2858 886 2889 g
908 2891 958 2921 24.
979 2889 1602 2954 thoe-indettrsoeunprwe]

864 2933 982 2964 Totum
992 2932 1144 2970 modeste,
1154 2932 1299 2982 quamvis
1502 2935 1603 2976 :quis

864 2976 950 3019 apud
971 2975 1123 3009 maritum
1137 2986 1220 3008 uxor
1232 2979 1307 3009 ιιοιι
1313 2982 1364 3009 est
1380 2977 1603 3012 vehementius

1039 3020 1059 3050 3
1075 3028 1098 3050 r
