1852 3216
144 154 286 184 scaris
306 139 394 195 nn]
447 137 1372 183 HEAUTONTIMORUMENOS.

1576 141 1661 183 313

142 239 185 270 45
200 231 309 275 Post
327 230 524 273 daturam
542 228 655 272 mille
673 244 889 272 nummum
907 231 1059 286 poscit.
1112 230 1197 274 Cn.
1218 230 1283 274 Et
1309 230 1449 287 poscit
1474 230 1659 286 quidem.

288 295 367 338 SY.
387 294 505 337 Hui!

203 361 399 404 Dubium
410 360 456 403 id
468 362 562 403 est?
594 360 678 403 cn.
694 360 794 417 Ego
807 361 867 404 sic
879 362 1049 417 putavi:
1071 362 1175 417 quid
1188 377 1300 406 nunc
1315 361 1457 406 faeere
1469 362 1632 418 cogitas
1643 365 1662 404 ’ἐ

202 426 281 469 8Υ.
304 426 489 482 Egone?
520 426 574 468 ad
606 425 909 470 Menedemum
938 428 1034 470 ibo:
1067 428 1206 471 dicam
1231 428 1342 471 hanc
1367 442 1464 471 esse
1494 435 1663 484 captam

288 507 343 534 ex
364 491 506 542 Caria,

202 557 352 600 Ditem
371 566 415 600 et
434 557 642 600 nobilem:
677 558 714 600 si
733 558 926 610 redimat,
945 573 1145 614 magnum
1163 560 1303 602 inesse
1322 560 1367 601 in
1385 573 1437 602 ea
1454 558 1632 601 lucrum.

204 623 290 666 Cu.
313 623 463 666 Erras.
541 623 621 666 SY.
642 623 763 672 Quid
795 624 884 666 ita?

289 704 371 745 ego
391 690 657 746 respondeo:

960 623 1044 667 Cn.
1068 624 1156 667 Pro
1176 624 1435 668 Menedemo
1453 639 1567 667 nunc
1586 625 1664 666 tibi

148 765 190 794 50
205 755 309 798 Non
338 770 447 798 emo.
499 757 576 798 SY.
610 755 730 804 Quid
760 756 852 798 ais?
882 764 1030 812 optata
1061 755 1248 812 loquere.
1300 756 1385 799 CH.
1408 756 1545 811 Atqui
1579 770 1666 797 non

290 828 358 864 est
377 836 500 877 opus,

206 887 285 930 SY.
308 885 411 928 Non
440 901 549 942 opus
579 888 676 928 est?
725 885 810 928 Cu.
832 885 936 929 Non
962 886 1106 930 hercle
1125 902 1239 930 vero.
1291 887 1369 929 SY.
1392 886 1513 935 Quid
1542 888 1667 938 istuc,

288 952 431 994 miror.
482 951 566 994 Cn.
588 951 687 993 Jam
708 952 831 994 scies.

204 1016 353 1068 Mane,
379 1031 517 1068 mane,
537 1017 642 1072 quid
660 1024 728 1060 est
746 1017 864 1073 quod
894 1024 982 1060 tam
1000 1033 1026 1059 a
1045 1018 1169 1060 nobis
1199 1019 1387 1074 graviter
1406 1025 1666 1075 crepuerunt

287 1082 402 1125 fores
414 1084 432 1125 2

301 1227 552 1276 ACTUS
602 1227 898 1282 QUARTI
951 1227 1203 1275 SCENA
1247 1228 1511 1276 PRIMA.

428 1332 680 1364 SOSTRATA.
716 1331 954 1363 CHREMES.
991 1332 1186 1364 NUTRIX.
1222 1332 1379 1364 SYRUS.

207 1413 312 1456 N1s1
346 1429 413 1456 me
448 1415 612 1456 animus
640 1413 760 1465 fallit,
791 1413 860 1456 hic
896 1412 1089 1469 profecto
1118 1422 1186 1456 est
1219 1413 1390 1465 anulus,
1424 1430 1552 1470 quem
1586 1430 1668 1472 ego

291 1480 486 1535 suspicor
499 1495 511 1521 ε

149 1571 361 1601 bimidest?
375 1581 429 1610 ego
443 1571 611 1609 sicpuwvi.
639 1569 885 1603 cil-Quidnam

138 1612 247 1654 secere
260 1615 375 1654 cogitas
387 1616 402 1643 2
426 1613 536 1654 Fingit
557 1612 644 1644 enim
662 1612 771 1654 Syrus,
787 1613 884 1644 Anti-

148 1656 270 1698 philam
292 1656 439 1687 arraboni
466 1655 619 1687 Bacchidi
646 1655 792 1687 relictam
815 1666 885 1687 esse

148 1709 209 1741 pro
222 1699 312 1730 mille
326 1699 503 1730 drachmis:
535 1699 736 1737 Bacchidem,
748 1709 820 1740 quae
833 1699 886 1730 hic

147 1741 265 1774 eliniae
289 1742 394 1773 amica
416 1742 558 1783 fingitur,
585 1752 657 1773 eam
686 1752 843 1774 summam
868 1752 888 1774 a

148 1785 257 1816 Clinia
269 1792 428 1827 praesente
442 1785 580 1827 pecunia
599 1792 727 1827 petere:
751 1796 797 1823 se,
818 1792 854 1816 ut
868 1796 889 1817 a

148 1828 345 1860 Menedemo
366 1829 449 1860 hanc
471 1839 628 1860 summam
643 1828 775 1866 auferat,
791 1838 888 1870 porro

148 1871 299 1903 ficturum
315 1882 394 1910 esse,
416 1878 542 1914 captam
557 1882 627 1903 esse
642 1882 662 1903 a
681 1871 777 1903 Caria
792 1871 888 1903 Anti-

147 1914 280 1957 philam,
296 1915 397 1946 ditem
418 1915 453 1946 in
475 1925 533 1946 sua
554 1915 659 1956 patria
680 1921 713 1946 et
729 1914 887 1946 nobilem:

148 1957 178 1989 si
209 1958 421 1990 Menedemus
447 1969 507 2000 pro
536 1958 663 2000 captiva
699 1968 769 1989 eam
802 1957 890 1989 inille

147 2000 310 2032 drachmis
332 2001 455 2039 emerit,
477 2011 629 2042 mag-num
651 2001 718 2032 sore
740 2011 817 2032 mox
838 2001 888 2032 lu-

147 2054 248 2082 crum,
258 2055 332 2076 cum
347 2055 366 2075 a
380 2045 568 2086 parentibus
579 2045 630 2076 vel
645 2044 788 2086 cognatis
802 2044 887 2075 redi·

147 2096 308 2119 meretur:
342 2098 396 2119 eas
426 2088 514 2119 mille
543 2088 711 2119 drachmas
737 2087 890 2119 Bacchidi

147 2130 270 2162 dandas
286 2141 374 2162 esse:
397 2137 430 2162 et
440 2130 640 2173 Antiphilam
654 2131 688 2162 in
703 2131 798 2162 domo
814 2131 888 2162 Me·

147 2173 277 2206 nedemi
295 2174 446 2212 futuram,
462 2175 517 2206 ubi
532 2174 618 2206 filius
632 2173 768 2206 familias
783 2173 890 2205 Clinia

148 2216 241 2248 facile
262 2224 296 2249 et
315 2224 386 2249 tuto
400 2228 474 2249 cum
495 2228 533 2249 ea
547 2227 755 2249 consuescere
769 2224 888 2260 posset.

150 2260 257 2302 Igitur
276 2270 359 2302 opus
375 2267 454 2298 erat,
476 2268 513 2293 nt
535 2261 671 2292 Bacchis
686 2260 889 2303 Antiphilam

147 2303 353 2353 abalienaret,
369 2311 402 2336 et
418 2304 612 2336 Menedemo
626 2304 776 2336 traderet.
800 2304 889 2345 Ergo

148 2347 215 2384 3110,
236 2346 302 2378 i.e.
319 2347 506 2389 Antiphila:
524 2359 607 2388 praes
628 2350 679 2385 sit,
701 2347 733 2378 h.
749 2357 777 2378 e.
798 2357 886 2378 arra-

149 2388 244 2420 boni:
266 2390 512 2423 immeliniae.
551 2371 704 2430 Expssi't,
720 2390 741 2422 i.
758 2401 786 2422 e.
804 2400 888 2432 praes

150 2430 204 2469 sit,
225 2432 320 2475 culpa
338 2433 541 2486 librariorum
566 2434 685 2466 factum
708 2440 758 2466 est
779 2436 887 2474 poscit.

151 2474 333 2516 vei-haege
514 2480 619 2510 'sunt
639 2477 721 2519 Syri,
744 2484 781 2509 ut
801 2484 888 2508 recte

151 2517 223 2549 cod.
240 2486 397 2549 Bemhm
384 2519 421 2550 B.

193 2561 246 2591 45.
269 2562 358 2592 Mille
371 2563 536 2604 nm]
559 2563 638 2595 Tale
653 2569 686 2595 et
700 2563 791 2601 illud,
809 2565 890 2595 mille

150 2605 300 2634 honam
313 2606 481 2636 ooea'ditnr:
503 2613 538 2637 et
557 2606 724 2648 antiquum
739 2613 798 2638 est.
821 2606 890 2638 Cic.

150 2646 186 2677 in
208 2645 250 2678 vi.
273 2646 513 2686 inAntonium‚
527 2659 597 2691 cap.
614 2651 644 2681 5.
670 2650 782 2684 QuiL.
793 2652 891 2681 Anto-

149 2691 201 2720 nio
211 2689 300 2720 mille
309 2699 476 2721 nummum
482 2690 583 2731 sen-et
593 2703 760 2733 capenum.
780 2694 847 2724 Hui
855 2692 887 2734 Ι]

150 2732 197 2763 Et
218 2739 335 2764 eaetera
357 2733 539 2773 hujusmodi
563 2734 691 2776 generis
715 2745 792 2766 sane
813 2742 891 2767 sunt

149 2775 304 2807 adversus
319 2786 385 2813 eos,
400 2776 543 2817 quibus·
533 2777 711 2809 irascimur.
741 2777 779 2809 C.

191 2819 244 2850 46.
261 2821 431 2850 Dubiumne
456 2821 491 2850 id
511 2826 557 2851 est
565 2819 599 2861 ³]
621 2820 717 2856 Quod
737 2820 892 2852 meretrix

148 2871 246 2894 avara
258 2869 379 2904 poeoet.
417 2863 455 2894 C.

192 2905 245 2939 47.
268 2907 342 2937 Ibo:
365 2905 480 2947 aicam]
505 2905 547 2937 Se
569 2912 711 2938 astutmn
731 2906 826 2948 fingit
847 2906 889 2939 ad

148 2948 376 2990 decipiendum
393 2948 632 2981 Menedemum.
654 2949 820 2991 Superius,
830 2951 888 2982 Ee-

150 2993 228 3023 em‘n
241 2998 397 3034 qaopaeto
411 2994 520 3031 idfien'
534 2994 637 3031 soleat,
651 2994 753 3024 caneo.
775 2993 813 3025 C.

970 1570 1023 1600 48.
1048 1569 1170 1600 Omnes
1195 1569 1306 1607 nostri,
1330 1580 1469 1611 magnum
1492 1572 1526 1601 in
1548 1582 1585 1602 ea
1607 1582 1670 1603 esse

929 1614 1051 1643 laevum.
1087 1612 1233 1654 Repono,
1244 1624 1384 1653 magnum
1398 1624 1461 1644 esse
1474 1615 1509 1644 in
1522 1625 1559 1645 ea
1572 1625 1606 1646 re
1621 1617 1669 1645 la-

928 1667 1021 1693 crum,
1045 1655 1077 1686 h.
1094 1665 1122 1686 e.
1150 1655 1186 1686 in
1211 1655 1419 1694 redemtione,
1445 1666 1511 1688 non
1541 1656 1576 1689 in
1599 1657 1670 1699 ipsa

932 1698 1112 1741 Antiphila.
1144 1698 1183 1730 B.

972 1742 1024 1773 49.
1040 1741 1155 1783 Erras]
1189 1742 1229 1773 In
1254 1741 1418 1783 praedictis
1438 1742 1545 1774 verbis
1571 1743 1671 1785 Syrus

930 1784 1024 1826 fingit
1038 1795 1129 1816 suam
1141 1795 1210 1817 esse
1225 1784 1442 1823 calliditatem,
1455 1796 1519 1827 qua
1532 1786 1669 1824 dixerat,

930 1838 966 1859 se
980 1828 1191 1870 decepturum
1205 1828 1446 1860 Menedemum.
1485 1829 1590 1864 Quam
1611 1829 1670 1861 fal-

931 1870 1046 1902 laciam
1060 1871 1206 1902 confutat
1219 1871 1384 1903 Chremes.
1417 1872 1455 1903 C.
1456 1873 1673 1904 —uenedeno

931 1913 1026 1955 nune]
1054 1914 1094 1945 In
1110 1914 1174 1945 Ms.
1189 1914 1231 1945 R.
1243 1925 1321 1945 nune
1336 1914 1436 1946 deest.
1468 1914 1506 1946 L.

975 1958 1026 1988 50.
1042 1958 1113 1988 Non
1131 1956 1210 1998 emo]
1239 1957 1312 1988 Hoc
1328 1963 1387 1995 est,
1402 1968 1477 1989 cum
1491 1968 1672 1991 sermonem

931 2000 1029 2032 facies
1049 2000 1077 2031 ei
1105 2000 1146 2031 de
1169 2000 1304 2031 emenda
1323 2010 1371 2039 ea,
1397 2000 1491 2037 dicet,
1508 2002 1578 2032 Non
1599 2013 1671 2034 eno.

934 2043 1018 2078 Quid
1034 2042 1143 2084 agia]
1166 2043 1205 2079 Q.
1222 2043 1253 2074 d.
1271 2042 1351 2074 dicit
1371 2043 1430 2075 tibi
1448 2044 1671 2083 Menedemus,

931 2097 990 2118 cur
1003 2086 1142 2128 loqueris
1156 2086 1237 2118 milii
1250 2086 1291 2117 de
1305 2086 1365 2118 hac
1378 2097 1415 2118 re
1426 2088 1439 2118 ἲ
1456 2087 1508 2118 vel
1517 2087 1673 2120 Chremes

931 2129 1108 2171 interrogat
1128 2130 1254 2172 Syrum,
1269 2129 1347 2170 quid
1367 2130 1408 2161 ad
1426 2140 1497 2161 eam
1512 2130 1599 2162 dicat
1618 2141 1671 2163 re*

931 2173 1146 2222 sponsionem.
1179 2175 1292 2213 Optata
1307 2173 1442 2214 loquere]
1467 2173 1518 2205 Ita
1531 2173 1673 2215 loquitur

931 2216 996 2254 ille,
1012 2216 1067 2258 qui
1088 2226 1162 2248 cum
1183 2215 1319 2257 alioloq
1321 2216 1419 2254 uitur,
1441 2222 1475 2248 et
1495 2216 1548 2248 cui
1568 2216 1671 2249 isad·

930 2267 1076 2292 versatur
1088 2259 1123 2291 in
1137 2259 1272 2291 consilio
1285 2259 1326 2290 de
1341 2269 1377 2290 re
1429 2259 1579 2301 ragenda.
1608 2262 1671 2301 Op-

932 2308 999 2335 tata
1024 2302 1157 2344 loquere]
1142 2302 1300 2344 ]Potest
1323 2269 1496 2377 dupli}¹iter
1523 2302 1671 2345 intelligi.

931 2346 1003 2384 Vel,
1027 2349 1144 2388 loquere
1169 2356 1229 2387 pro
1252 2347 1381 2386 loqueris
1406 2345 1533 2384 dicitur,
1560 2353 1595 2378 et
1622 2354 1674 2379 est

930 2400 1053 2427 sensus,
1067 2389 1158 2421 Dicis
1173 2399 1244 2430 quae
1259 2398 1295 2420 tu
1310 2388 1368 2426 vis,
1378 2395 1412 2420 et
1424 2399 1495 2430 quae
1509 2395 1586 2421 sunt
1598 2400 1670 2422 cor-

931 2433 975 2471 di,
986 2440 1023 2464 ut
1034 2413 1098 2464 dici
1112 2443 1197 2474 saepe
1212 2432 1303 2464 solet.
1334 2432 1397 2463 Vel
1412 2434 1530 2474 loquere
1545 2438 1595 2464 est
1608 2433 1670 2464 im-

931 2476 1121 2518 perativum,
1147 2482 1181 2507 et
1206 2482 1282 2507 tunc
1309 2481 1360 2506 est
1384 2486 1507 2513 sensus,
1532 2475 1596 2508 Dic
1621 2486 1670 2516 ea,

931 2530 1003 2560 quae
1018 2530 1078 2569 ego
1092 2526 1178 2561 opto,
1195 2525 1228 2550 et
1246 2519 1450 2550 accommoda
1464 2525 1538 2551 tuos
1549 2529 1672 2552 sermo-

932 2573 992 2594 nes
1006 2563 1087 2594 meis
1102 2561 1229 2604 optatis.
1260 2562 1297 2593 C.
1298 2563 1428 2596 —Qiu'd
1448 2564 1521 2593 ais?
1542 2572 1608 2594 non
1622 2569 1673 2595 est

933 2605 1172 2647 interrogantis,
1188 2605 1254 2643 sed,
1266 2611 1303 2636 ut
1317 2604 1448 2646 passim,
1462 2605 1672 2639 exclamantis

935 2655 968 2680 et
983 2659 1019 2680 re
1033 2649 1200 2690 inopinata
1215 2647 1366 2697 percussi.
1405 2648 1443 2679 B.

974 2693 1026 2723 51.
1052 2692 1139 2733 Lege
1168 2701 1211 2723 ex
1235 2690 1357 2732 aliquot
1381 2691 1509 2729 nosti-is,
1530 2692 1602 2724 Non
1625 2698 1672 2725 ese

930 2738 1029 2777 opus?
1051 2735 1467 2776 Etproqiu‘dreponeqm.
1495 2734 1535 2766 B.

975 2780 1027 2810 52.
1049 2778 1151 2809 Totus
1170 2787 1283 2808 versus
1297 2777 1380 2818 Syro
1401 2783 1452 2810 eet
1471 2777 1671 2817 m‘buendm,

932 2822 988 2863 qui
1018 2821 1180 2852 Chremen
1206 2820 1367 2852 dicun-um
1399 2820 1592 2863 interpellat.
1626 2822 1672 2854 Et

932 2864 1007 2896 ideo
1027 2876 1047 2895 a
1067 2865 1173 2900 nobie,-
1193 2873 1270 2902 non‚
1284 2869 1322 2895 ut
1341 2863 1490 2897 dominns
1508 2865 1635 2905 adium,
1651 2877 1672 2897 a

930 2918 986 2946 πει,
997 2907 1089 2939 dixit.
1122 2906 1159 2938 B.

978 2948 1434 2992 LNi'sii-eoeiinassalffl]
1465 2951 1671 2984 Haeescena

933 2992 1111 3035 Antiphilae
1123 2993 1377 3035 recognitionem
1383 2994 1543 3028 continet:
1556 3005 1598 3027 ex
1608 3006 1670 3037 qua

1087 3046 1103 3067 s
1115 3047 1131 3068 s
