1852 3216
91 169 231 198 scsxm
252 155 340 210 111.]

651 155 1069 198 EUNUCHUS.

1541 158 1627 199 205

150 246 240 288 Sed
261 244 367 287 nihil
387 251 585 300 potesse3
618 260 767 288 verum
784 246 954 289 miserae
972 261 1060 288 non
1079 247 1123 288 in
1141 253 1327 289 mentem
1345 254 1547 288 venerat:

93 318 134 348 25
151 310 267 352 Nam
295 309 415 351 illum
444 308 589 365 aliquo
619 309 939 361 conclusissem,
960 325 1101 367 neque
1130 310 1192 353 illi
1219 311 1524 354 commisissem
1543 311 1627 352 vir-

235 375 390 430 ginem.

265 571 545 620 ACTUS

393 718 636 751 PHAEDRIA.
673 719 843 751 DORUS.

614 572 1446 627 QUARTISCENAIW

879 719 1099 752 PYTmAs.
1135 720 1322 752 DORIAS.

146 810 240 852 Em
262 810 394 861 foras,
418 809 623 852 sceleste:
655 818 700 853 at
719 812 847 853 etiam
866 812 1054 862 restitas,

145 874 377 930 Fugitive?
407 875 550 930 prodi,
570 874 680 917 male
701 876 938 918 conciliate.
990 876 1080 918 Do.
1104 875 1318 920 Obsecro.
1370 877 1456 920 ΡΗ.
1478 877 1581 921 Oh!

130 1000 182 1029 24.
206 1000 268 1030 Sed
286 1000 365 1030 nihil
381 997 486 1038 posse]
514 998 560 1028 Ut
583 997 760 1029 voluntatis
783 998 832 1030 rei

86 1040 162 1078 sint,
179 1051 244 1072 non
260 1041 359 1072 etiam
382 1040 468 1071 facti.
506 1042 615 1071 Verum
635 1043 753 1072 niserae
775 1052 832 1072 non

85 1086 119 1114 in
140 1090 266 1115 nentem
286 1082 426 1124 merae]
454 1083 542 1119 Non,
565 1085 644 1114 nihil
664 1095 750 1123 posse
773 1095 831 1122 eos,

85 1126 153 1164 sed,
180 1132 330 1157 amatores
353 1137 416 1157 esse
440 1128 592 1157 naz-imm
631 1126 685 1157 Ad
705 1133 832 1168 partem

86 1169 174 1200 enim
196 1169 367 1200 sententiae
387 1168 530 1210 pertinet
550 1169 636 1209 quod
658 1168 747 1206 dicit,
776 1181 834 1200 non

84 1213 118 1242 in
140 1217 266 1243 menum
288 1217 432 1243 venerat.-
463 1221 529 1242 non
555 1211 597 1242 ad
621 1218 724 1242 totum
747 1212 834 1252 quod

84 1254 262 1286 audivisset
276 1254 398 1285 dudum
414 1254 522 1293 (forte,
538 1256 618 1295 quod
636 1257 788 1286 audivisse
802 1266 834 1286 se

84 1297 187 1337 dicit).
211 1297 320 1328 Etiam
336 1297 399 1328 nisi
415 1297 546 1338 penitus
562 1297 712 1337 negative
727 1297 833 1328 consi-

82 1339 260 1377 deraveris,
290 1339 509 1370 controversia
538 1339 655 1370 inerit:
691 1340 720 1370 si
746 1340 834 1371 enim

85 1382 168 1413 nihil
195 1393 290 1423 posse
314 1382 472 1419 audieras,
501 1382 578 1422 quid
608 1389 659 1413 est
684 1383 771 1422 quod
799 1382 834 1413 in

84 1431 228 1456 mentem
257 1435 323 1456 non
347 1424 474 1455 venerit
498 1431 534 1455 ut
559 1424 701 1456 vitares?
725 1432 835 1456 utrum

85 1467 185 1508 igitur
208 1474 367 1499 amatores
388 1467 562 1498 mulierum
585 1478 656 1498 esse
675 1467 835 1499 maximos

84 1510 255 1541 audieras?
273 1510 358 1550 quod
371 1510 476 1551 ipsum
494 1510 661 1541 vitandum
677 1510 746 1541 fuit.
766 1511 833 1542 Ne-

84 1563 147 1594 que
163 1553 249 1584 enim
266 1553 326 1583 hoc
342 1553 421 1584 satis
436 1559 486 1583 est
500 1553 540 1583 ad
554 1552 753 1593 pudicitiam,
764 1559 833 1584 stu-

83 1605 179 1637 prum
196 1595 323 1632 vitasse,
338 1605 413 1626 cum
427 1595 591 1636 impudica
611 1595 683 1626 fieri
699 1595 750 1626 vel
765 1596 834 1626 solo

84 1638 194 1670 osculo
293 1639 327 1675 't,
343 1648 439 1679 quam
461 1637 595 1669 omnino
615 1638 776 1679 integram
801 1644 834 1669 et

83 1681 239 1712 illibatam
262 1681 352 1712 velis.
388 1681 443 1711 An
459 1692 569 1717 verum,
591 1691 659 1712 non
679 1681 741 1712 erit
755 1692 833 1712 con-

79 1724 217 1763 junctio,
233 1724 289 1755 sed
306 1725 446 1754 nomen?
464 1730 501 1754 ut
515 1723 596 1754 illud
611 1724 702 1764 quasi
717 1724 834 1755 falsum

84 1766 242 1797 audierit:
266 1766 327 1797 hoc
342 1772 461 1802 autem,
478 1766 564 1806 quod
582 1777 695 1797 verum
716 1767 831 1797 inven-

85 1816 154 1840 tum
178 1815 237 1845 est,
252 1819 318 1839 non
340 1809 413 1850 ipsa
434 1808 597 1849 suspicata
618 1809 670 1839 sit.
700 1809 785 1840 Nam
800 1812 833 1840 in

84 1857 210 1883 mentem
225 1854 335 1888 venire,
357 1861 422 1882 non
439 1851 602 1882 reminisci
622 1858 757 1889 tantum,
773 1852 832 1883 sed

85 1894 184 1925 etiam
199 1894 342 1935 cogitare
357 1894 528 1935 sig-nificat.
561 1894 614 1924 Sic
630 1894 756 1932 Cicero,
772 1905 831 1936 pro

85 1937 182 1968 Rosc.
200 1939 310 1968 Amet.
329 1938 380 1967 21.
408 1938 446 1967 Iu
466 1942 592 1967 mentem
616 1938 674 1967 tihi
697 1949 754 1968 non
780 1949 830 1968 ve—

84 1983 140 2016 nit,
156 1991 278 2011 causan
291 1982 445 2019 publicam
466 1981 625 2016 sustinere,
641 1979 675 2010 id
690 1986 748 2016 est,
766 1990 831 2010 non

84 2023 217 2064 cogitas,
247 2033 314 2053 non
340 2022 524 2063 suspicaris.
567 2023 676 2053 Verum
700 2022 832 2063 misere]

85 2066 120 2096 si
130 2077 230 2097 verum
242 2076 303 2107 pro
313 2065 542 2105 conjunctione
557 2065 744 2106 accipimus,
758 2066 833 2096 sub-

84 2108 281 2139 audiendum
296 2109 368 2145 erit,
378 2114 527 2138 amatores
539 2110 695 2138 mulierum
711 2120 760 2139 eos
770 2119 834 2139 esse

84 2154 237 2182 maximos.
275 2153 314 2182 Ῑιι
336 2156 462 2181 mentem
488 2162 546 2181 non
569 2150 709 2191 uenerat]
747 2151 833 2188 Non,

84 2194 171 2235 quod
184 2193 370 2225 audieram.
394 2193 462 2230 sed,
478 2193 564 2234 quod
583 2194 634 2224 hic
655 2194 740 2224 fecit.
778 2195 833 2225 An

84 2246 152 2268 non
173 2237 290 2268 aliud
281 2247 316 2267 111
339 2244 482 2267 mentem
498 2238 653 2267 venerat?
677 2247 753 2273 non,
770 2237 833 2267 sci-

85 2279 172 2317 licet,
188 2279 348 2311 facmrum
369 2279 468 2310 1111838
484 2279 571 2319 quod
593 2278 677 2310 fecit.
716 2281 814 2310 Non'
802 2291 834 2310 m

84 2328 209 2354 nentem
223 2321 362 2363 venerat]
386 2323 464 2359 Aut,
478 2332 543 2353 non
560 2329 630 2352 erat
640 2314 831 2363 cogitatum:

86 2371 152 2402 aut,
175 2375 240 2396 non
264 2375 352 2396 eram
376 2365 553 2396 recordata.
585 2365 735 2396 D.-Sed
758 2367 836 2396 nihil

82 2406 187 2448 posse]
210 2407 370 2438 Alexand.
387 2408 533 2449 Aphrod.
554 2407 715 2438 Problem.
738 2407 820 2438 lib.
810 2418 831 2438 1.

87 2450 129 2480 de
140 2450 323 2481 Eunuchia:
347 2450 461 2482 οἵτινες
475 2449 688 2490 φαντάζονται
701 2449 761 2489 μὲν
773 2450 835 2488 τὴν

86 2491 212 2531 χρήσει,
238 2493 296 2523 οὔκ
319 2493 482 2542 ἐνεῃοὶξσι
510 2492 546 2524 δὲ
573 2493 635 2530 τὴν
661 2493 831 2531 ἐπιθυμέων.

88 2534 273 2566 111-13181181.
289 2534 366 2566 lib.
357 2545 379 2566 1.
394 2536 488 2576 epist.
502 2537 553 2566 21.
569 2534 710 2576 καθάπερ
725 2537 831 2567 εὐνοῦ-

87 2588 148 2617 χος
168 2576 212 2608 τὰ
233 2577 366 2617 ἐρωτικὰ
385 2577 664 2619 περιεργαζόμενος
679 2579 731 2610 καὶ
752 2585 830 2618 λιχ-

87 2618 193 2650 νεύων.
231 2620 418 2651 Ecclesiast.
444 2631 514 2662 cap.
540 2623 591 2652 30.
618 2621 715 2656 Quasi
737 2624 832 2661 spado

86 2664 280 2702 conplectens
304 2665 451 2703 virgine-
473 2668 505 2694 et
528 2666 695 2703 suspirans.
734 2664 831 2695 Unde

85 2705 173 2746 apud
194 2705 366 2746 Sopatrum
388 2705 423 2736 in
447 2705 646 2747 Hermogeu.
664 2707 830 2747 quaeritur,

85 2758 118 2789 p.
134 2749 185 2779 93.
197 2749 270 2778 223.
294 2747 461 2779 eunuchus
475 2747 502 2779 81
517 2759 594 2780 cum
610 2749 747 2780 muliere
762 2760 832 2781 rem

84 2790 212 2827 habeat,
226 2790 464 2822 adulteriumne
474 2791 672 2822 committat·
694 2793 760 2824 πῦς
770 2792 833 2833 γὰρ

86 2832 126 2864 ἃν
155 2834 307 2873 εὐνοῦχος
334 2831 546 2873 μοιχεύσειν,
577 2835 596 2865 δ
620 2834 666 2872 μὴ
695 2835 835 2875 χρησθαι

86 2875 264 2914 δυνάμεως,
289 2875 368 2914 μηδὲ
395 2876 435 2907 τὸ
461 2874 556 2915 γένος
584 2875 767 2916 ἀμφίβολον
794 2878 837 2919 τῇ

88 2918 238 2960 Μυσίᾳ
258 2921 363 2950 ποιῶν.
396 2918 461 2950 Sed
476 2918 653 2950 voluntatis
667 2929 740 2951 reos
754 2930 835 2958 ease,

87 2970 153 2992 non
178 2961 277 2993 etiam
306 2961 392 2999 facti,
421 2961 543 2993 Donati
572 2962 735 2994 sententia
766 2969 834 2995 est:

876 998 984 1036 Μηδὲν
998 998 1136 1040 διαφέρει
1150 1001 1227 1041 πρὸς
1241 1001 1280 1032 τὸ
1297 1000 1375 1033 εἶναι
1386 1002 1482 1034 αὐτὸν
1495 1015 1574 1044 μοχι
1575 1003 1622 1040 ὸν,

876 1041 943 1072 εἴτε
960 1043 1091 1074 δυνατὸς
1111 1042 1302 1083 χρήσασθαι,
1320 1044 1386 1075 εἴτε
1406 1046 1460 1084 μή.
1482 1046 1544 1083 τὴν
1547 1016 1628 1086 χγὰρ

874 1084 1055 1125 προαίρεσιν
1066 1084 1225 1125 ἐξετάζειν
1238 1088 1294 1117 δεῖ.
1318 1087 1497 1128 Augustini
1514 1089 1625 1130 Episc.

874 1126 965 1158 locus
988 1127 1052 1159 huc
1074 1128 1218 1169 pertinet
1242 1128 1297 1160 lib.
1314 1129 1356 1160 vi.
1373 1137 1486 1162 contra
1503 1131 1625 1162 Julian.

878 1169 986 1211 Pelag.
1003 1181 1073 1211 cap.
1085 1172 1114 1202 5.
1134 1173 1188 1202 Uti
1199 1174 1406 1212 concupiscere
1420 1175 1547 1204 viventis
1557 1185 1627 1205 sen-

877 1215 1039 1254 tientisque
1060 1219 1180 1244 ποῖαι-ιε
1200 1219 1255 1251 est,
1272 1217 1319 1246 ita
1339 1221 1375 1246 ut
1389 1227 1446 1246 non
1460 1218 1541 1247 desit
1555 1227 1626 1247 con-

878 1257 1074 1295 cupiscentia,
1087 1268 1177 1297 quam
1191 1259 1355 1296 spadonum
1370 1269 1484 1298 quoque
1499 1261 1628 1291 castitas

870 1296 988 1337 frenat,
1016 1301 1115 1329 minus
1138 1301 1258 1340 quidem
1285 1302 1457 1332 laboriosa.-
1478 1304 1552 1342 quia
1573 1304 1627 1333 ubi

878 1343 1045 1377 mater-inm,
1062 1343 1098 1372 de
1114 1353 1173 1382 qua
1189 1348 1338 1381 operetur,
1354 1354 1412 1374 non
1427 1346 1551 1380 invenit,
1566 1347 1624 1375 mi-

877 1394 935 1414 nus
948 1386 1093 1414 adversus
1110 1395 1175 1415 eam
1191 1386 1285 1415 libido
1306 1388 1469 1426 consurgit.
1493 1388 1553 1417 Est
1574 1393 1624 1418 ta-

878 1437 944 1456 men
955 1428 1123 1477 pudiceque
1137 1429 1354 1478 comprimitur,
1366 1439 1403 1459 ne
1414 1430 1626 1460 concumbendi

878 1471 1013 1508 quamvis
1034 1471 1142 1500 irritus
1163 1472 1229 1509 ipse
1249 1475 1374 1501 conatus
1394 1473 1427 1501 in
1442 1482 1509 1502 eam
1524 1475 1625 1511 turpi·

877 1513 976 1542 dinem
991 1514 1103 1548 veniat,
1117 1518 1242 1551 propter
1254 1524 1344 1553 quam
1357 1514 1545 1554 Calligonun
1563 1516 1625 1545 Va-

878 1555 1066 1585 lentiniani'
1044 1557 1182 1595 junioris
1195 1557 1360 1586 eunuchum
1371 1558 1478 1596 gladio
1491 1559 1626 1588 novimus

876 1598 974 1626 ultore
991 1599 1143 1636 punitum,
1167 1600 1334 1628 meretricis
1354 1597 1535 1638 consessione
1555 1611 1625 1631 con-

875 1641 996 1669 victum.
1029 1640 1226 1671 L—Nostri
1241 1651 1363 1678 omnes,
1375 1647 1502 1681 potesse.
1534 1642 1573 1672 B.

922 1683 973 1712 25.
991 1683 1072 1713 Nam
1082 1684 1167 1713 illum
1182 1685 1284 1723 aliquo
1294 1683 1520 1725 conclusissent]
1538 1684 1626 1716 Mire

877 1727 1084 1756 conclus-issem
1106 1725 1200 1762 dixit,
1220 1732 1258 1756 ut
1281 1736 1399 1757 saevam
1421 1726 1531 1758 feram.
1571 1727 1625 1758 Sic

877 1767 975 1798 alibi:
999 1770 1168 1798 conclusam
1189 1770 1239 1799 hic
1253 1771 1347 1800 habeo
1362 1780 1483 1800 uxorem
1505 1781 1624 1801 mon.

877 1811 983 1850 Neque
1010 1812 1058 1840 illi
1082 1813 1290 1842 commisissem
1315 1812 1479 1853 virginem]
1511 1812 1547 1843 Si
1573 1813 1626 1844 vel

874 1859 1051 1883 amatorem
1066 1859 1193 1884 tantum
1209 1854 1439 1884 meminissem.
1475 1855 1507 1885 D

922 1896 948 1925 1.
972 1897 1033 1926 Exi
1049 1895 1149 1935 sor-as,
1172 1896 1313 1936 sceleste]
1339 1896 1510 1928 Jucuudus
1524 1907 1624 1936 error,

874 1937 910 1967 in
932 1948 996 1978 quo
1018 1948 1084 1969 non
1107 1938 1237 1977 (sensus
1258 1938 1410 1980 postulat,
1426 1951 1486 1970 non
1507 1945 1625 1972 1111111181

875 1980 947 2019 non)
958 1980 1085 2011 dubitet
1095 1980 1273 2017 Phaedria,
1264 1991 1371 2022 ipsum
1382 1992 1453 2013 esse
1464 1982 1521 2023 qui
1535 1993 1624 2024 111118-

876 2022 977 2053 titur:
1003 2033 1116 2054 verum
1131 2023 1265 2065 insuper
1279 2024 1326 2055 sic
1464 2025 1539 2062 '‚tur
1551 2031 1624 2057 tan-

877 2075 973 2105 quam
995 2065 1039 2096 sit
1059 2066 1140 2107 ipse.
1175 2068 1306 2098 Scelesta
1314 2066 1346 2107 Ι]
1369 2067 1474 2103 Quale
1488 2074 1539 2099 est
1551 2079 1623 2100 sce-

877 2108 995 2139 loetum
1018 2108 1184 2150 appellari,
1216 2109 1272 2150 qui
1293 2109 1376 2140 nihil
1399 2110 1489 2141 sciat.
1519 2112 1625 2142 Resti-

878 2150 969 2191 11:³3]
993 2151 1187 2182 Necessario
1201 2152 1339 2188 restitut,
1355 2151 1412 2192 qui
1431 2152 1569 2184 miratur
1589 2163 1625 2185 se

877 2193 1032 2234 protrahi.
1066 2194 1107 2225 D.
1109 2196 1216 2225 —Eaei
1222 2193 1331 2235 soros]
1360 2195 1442 2226 Haec
1456 2205 1555 2227 scena
1567 2195 1627 2227 ad·

876 2236 940 2267 huc
964 2236 1142 2278 superioris
1164 2237 1393 2268 controversiae
1421 2237 1488 2269 vim
1516 2244 1624 2270 tenet:

877 2279 999 2320 quippe
1013 2280 1074 2310 hoc
1094 2280 1274 2317 confirmat,
1290 2280 1377 2321 quod
1397 2280 1512 2312 vitiata
1533 2280 1627 2323 virgo

878 2328 942 2352 est:
959 2322 1045 2362 quod
1055 2322 1167 2363 utique
1181 2322 1325 2354 diximus
1340 2333 1411 2354 esse
1421 2325 1626 2363 conjectum,

877 2372 915 2395 ut
929 2375 970 2396 ex
959 2333 1046 2396 qhoc
1065 2365 1282 2413 concluderet,
1303 2366 1388 2414 quod
1410 2366 1584 2397 Phaedria'
1573 2377 1626 2398 m-

871 2407 992 2447 juriam
1020 2407 1133 2439 amicae
1162 2408 1284 2446 fecerit,
1314 2408 1368 2439 cui
1398 2408 1476 2439 talia
1501 2408 1628 2441 miserit

877 2450 972 2481 dono.
1007 2450 1183 2491 Cognoscit
1198 2451 1365 2482 Chaeream
1382 2450 1514 2482 fratrem
1530 2451 1627 2483 Phae-

877 2493 956 2524 driae
973 2493 1135 2533 (Phetdn'a
1152 2494 1205 2533 Z.)
1222 2504 1282 2535 pro
1301 2494 1450 2524 eunucho
1463 2494 1506 2525 ad
1519 2504 1625 2526 mere·

877 2535 991 2567 tricem
1001 2543 1125 2568 mutata
1136 2544 1225 2568 veste
1237 2536 1372 2574 venisse,
1383 2543 1417 2568 et
1431 2536 1479 2568 818
1493 2536 1627 2570 vitiam

875 2578 1045 2620 virginem.
1076 2580 1115 2610 E.

918 2623 947 2652 2.
964 2623 1106 2670 Fugitive
1115 2621 1149 2662 ?]
1167 2622 1211 2652 Et
1223 2621 1394 2653 scelestum
1405 2627 1440 2653 et
1454 2622 1548 2664 fugiti
1548 2633 1627 2655 vum

873 2664 1031 2705 increpat,
1042 2665 1076 2695 in
1088 2665 1175 2695 hunc
1186 2664 1309 2695 crimen
1322 2664 1521 2697 transferens
1528 2665 1624 2698 clm·

873 2717 948 2738 ree.
971 2709 1056 2738 Male
1065 2706 1241 2747 emiliate]
1258 2707 1627 2749 Oportuneadolescem

875 2750 928 2781 1118
944 2751 1118 2791 exprobrat
1127 2760 1244 2781 munus
1254 2756 1516 2791 magnoemtum.
1528 2752 1625 2789 ude,

875 2803 994 2833 magno
1016 2792 1188 2833 significat,
1210 2800 1249 2823 ut
1269 2792 1406 2825 Plautus
1427 2793 1464 2825 in
1484 2794 1625 2836 Amphi-

879 2842 1005 2876 tryone,
1021 2835 1043 2866 i.
1064 2836 1091 2865 1.
1112 2836 1626 2868 132Haeemaeieaestmr-

879 2881 971 2909 tendo
985 2883 1082 2909 scorto
1095 2879 1240 2909 conducto
1250 2879 1338 2910 nale.
1361 2878 1451 2920 Ergo
1465 2881 1543 2910 811118
1554 2890 1626 2911 ωι-

879 2923 993 2957 citime,
1004 2928 1123 2961 magno
1134 2926 1221 2951 erute
1229 2920 1401 2962 significat.
1424 2922 1511 2953 Nam
1520 2922 1627 2953 omnis

879 2962 1062 3000 conventio,
1078 2965 1250 2996 conciliatio
1261 2963 1455 2997 nominatur.
1475 2967 1626 2997 Concilia-
