1852 3216
209 126 266 167 lvi
752 126 834 167 DE
865 126 1192 168 THEATRO.

210 212 455 260 maticornsn,
473 221 515 254 et
540 213 726 254 musicam
751 213 953 260 rationem,
972 223 1018 253 ut
1043 226 1286 266 quacunque
1304 224 1384 252 vox
1411 213 1450 252 in
1477 225 1594 253 scena
1620 220 1738 260 esset,

210 266 351 307 clarior
369 278 410 307 et
428 267 585 307 suavior
602 267 652 307 ad
670 276 933 321 spectatorum
959 268 1180 321 perveniret
1206 280 1331 314 aures,
1358 280 1404 306 ac
1431 280 1480 306 ne
1505 280 1584 306 vox
1612 267 1736 319 impe-

212 320 325 368 diret,
356 321 410 361 ita
442 322 645 374 compositi
678 331 786 361 erant
812 321 969 374 gradus,
995 331 1038 361 ut
1069 320 1169 361 linea
1196 334 1315 373 quum
1343 321 1393 359 ad
1421 321 1540 360 imum
1571 321 1734 373 gradum

210 383 252 415 et
278 374 328 415 ad
358 389 551 415 summum
580 383 738 415 extenta
762 384 877 420 esset,
897 376 1025 415 omnia
1052 375 1251 415 cacumina
1305 374 1467 413 raduum
1494 374 1732 426 angulosque

210 437 397 481 tangeret.
454 429 584 481 Atque
615 438 658 468 ut
685 443 764 468 vox
782 439 955 469 actorum
981 430 1137 468 suavior
1163 438 1203 468 et
1234 389 1432 467 defficatior
1449 430 1731 481 spectatoribus

209 483 418 529 videretur,
437 484 582 535 antiqui
602 483 834 522 Graecorum
854 482 1032 527 artifices,
1057 483 1157 521 inter
1183 482 1296 521 sedes
1323 482 1463 521 theatri
1491 482 1609 521 cellas
1639 496 1732 522 con·

211 538 420 576 stituerunt
439 538 586 576 ratione
608 538 766 582 musica,
787 537 826 575 in
846 538 985 587 quibus
1012 549 1103 574 vaso
1130 549 1248 581 oenea,
1270 549 1340 588 pro
1365 536 1512 575 ratione
1538 538 1732 588 magnitu-

210 590 312 630 dinis
341 591 479 630 theatri
510 591 613 630 facta
643 590 943 635 collocabantur,
972 603 1060 641 quae
1094 589 1147 628 ita
1179 589 1365 628 fabricata
1390 599 1511 636 erant,
1540 599 1583 629 ut
1612 604 1731 641 quum

210 653 461 697 tangerentur
480 658 503 684 a
520 658 629 690 voce,
657 644 824 683 sonitum
852 644 1023 682 facerent
1054 644 1154 682 inter
1182 656 1237 682 se.
1294 642 1431 694 quue
1459 643 1623 683 artificio
1651 644 1731 683 col-

209 698 336 738 locata
367 699 534 744 fuerunt,
566 707 610 737 ut
636 697 783 737 nullum
811 698 996 749 parietem
1025 705 1244 749 tangerent,
1263 697 1441 748 circaque
1460 697 1646 737 haberent
1673 697 1732 738 lo-

211 766 299 792 cum
331 765 509 797 vacuum,
529 760 569 790 et
598 765 748 790 summo
781 751 906 803 capite
935 751 1114 802 spatium,
1140 751 1459 802 ponebanturque
1482 759 1521 789 et
1545 764 1733 803 suspensa

211 807 467 845 cernebantur
492 818 561 844 ore
589 805 742 850 declivi,
765 814 807 843 ut
838 805 877 843 in
906 804 952 843 iis
982 818 1061 843 vox
1090 812 1264 843 actorum
1292 805 1477 855 ingressa,
1497 805 1734 845 harmoniam

209 859 393 906 efficeret,
422 867 462 898 et
488 859 651 910 gratiam
679 858 869 910 quandam
897 858 1052 897 afferret
1082 858 1378 910 spectatoribus,
1397 866 1517 910 utque
1537 858 1734 899 intellectu

210 913 359 952 facilior
382 922 497 952 esset.
553 913 650 952 Tale
674 912 859 964 quiddam
882 912 998 951 audio
1014 912 1139 951 adhuc
1157 912 1274 951 hodie
1290 921 1425 951 extare
1444 912 1481 951 in
1500 913 1732 965 quibusdam

212 967 366 1020 templis
393 967 572 1019 antiquis,
598 981 687 1018 quae
716 981 818 1006 nunc
846 980 1002 1018 quoque
1026 975 1234 1018 supersunt
1263 966 1423 1018 integra,
1454 966 1558 1019 apud
1587 976 1733 1006 nostrae

214 1021 453 1073 tempestatis
486 1020 661 1060 Graecos.
732 1021 778 1059 In
809 1034 974 1072 quorum
1004 1020 1148 1059 fornice
1177 1020 1359 1059 inferiore
1390 1029 1508 1073 atque
1534 1021 1733 1073 superiore

212 1075 318 1115 varia
336 1084 423 1115 sunt
442 1075 630 1114 foramina
647 1074 735 1114 hinc
754 1074 841 1113 inde
859 1088 1079 1126 conspersa,
1105 1088 1150 1113 ac
1174 1074 1247 1113 sibi
1268 1074 1387 1112 veluti
1406 1088 1456 1113 ex
1475 1074 1664 1114 diametro
1682 1077 1734 1115 ab

210 1142 288 1168 uno
305 1129 354 1168 ad
372 1129 476 1168 aliud
496 1129 596 1168 latus
614 1128 965 1181 correspondentia,
986 1129 1023 1167 in
1042 1129 1183 1180 quibus
1202 1142 1295 1167 vasa
1315 1142 1424 1167 aenca
1442 1129 1609 1180 impacta
1627 1138 1730 1175 sunt,

212 1197 376 1235 quorum
406 1197 449 1222 os
480 1182 600 1234 (quod
629 1183 831 1234 angustius
859 1191 930 1227 est,
959 1196 1075 1234 quam
1106 1183 1188 1234 ipse
1217 1182 1371 1232 venter)
1389 1191 1537 1221 tantum
1559 1184 1731 1222 exterius

210 1245 329 1289 patet,
350 1250 425 1276 non
446 1237 562 1275 etiam
590 1237 794 1289 prominet.
851 1237 897 1275 ln
917 1249 963 1275 ea
981 1250 1084 1281 vasa,
1104 1250 1182 1275 vox
1212 1237 1248 1275 in
1275 1236 1420 1289 templo
1438 1237 1654 1276 canentium
1673 1238 1731 1276 in-

210 1290 329 1336 clusa,
348 1290 611 1330 incredibilem
630 1290 748 1329 efficit
768 1291 1017 1335 harmoniam,
1037 1304 1231 1342 sonosque
1248 1290 1570 1336 distinctissimos,
1594 1301 1634 1329 et
1662 1291 1730 1330 ad·

209 1345 368 1383 modum
397 1353 540 1396 gratos,
570 1353 686 1395 atque
721 1344 856 1383 auditu
883 1344 1027 1383 faciles.
1084 1344 1162 1383 Sed
1191 1345 1230 1383 in
1254 1344 1414 1383 theatris
1430 1358 1523 1384 vasa
1550 1346 1733 1397 resupina

210 1398 557 1451 suspendebantur.
614 1397 710 1437 Tale
728 1398 822 1449 quid
839 1407 967 1437 autem
989 1399 1126 1437 Romae
1146 1399 1290 1437 sactum
1310 1399 1429 1437 fuisse
1447 1399 1527 1437 suis
1547 1400 1732 1451 tempori-

210 1454 284 1491 bus
302 1461 418 1503 negat
437 1451 653 1498 Vitruvius,
673 1452 742 1490 sed
762 1453 799 1491 in
819 1452 943 1491 ltaliae
962 1453 1184 1505 regionibus
1203 1461 1243 1491 et
1262 1453 1299 1491 in
1313 1452 1491 1504 pluribus
1502 1452 1732 1492 Graecorum

211 1506 444 1545 civitatibus.
503 1505 617 1545 Unde
635 1505 777 1545 Lucius
795 1506 1009 1545 Mummius
1026 1506 1156 1545 diruto
1168 1506 1456 1545 Corinthiorum
1477 1507 1628 1546 theatro
1647 1507 1731 1560 ejus

210 1574 320 1599 aenea
338 1573 429 1599 vasa
445 1560 606 1599 Romam
625 1560 858 1612 deportavit.
914 1559 1033 1599 Multi
1052 1561 1166 1599 etiam
1185 1561 1396 1605 architecti,
1417 1562 1483 1612 qui
1513 1561 1551 1599 in
1579 1561 1732 1614 oppidis

210 1627 287 1653 non
305 1614 455 1666 magnis
473 1614 622 1653 theatra
642 1623 954 1659 construxerunt,
974 1624 1133 1666 propter
1152 1615 1241 1653 aeris
1260 1614 1441 1666 inopiam,
1455 1614 1648 1663 ficlilibus
1665 1615 1731 1654 do·

210 1667 274 1706 liis
306 1668 359 1707 ita
390 1668 615 1707 sonantibus
649 1667 793 1714 electis,
827 1668 899 1707 hac
935 1668 1224 1707 ratiocinatione
1261 1669 1496 1720 compositis,
1534 1669 1594 1707 usi
1628 1678 1729 1708 sunt.

211 1721 462 1774 Quapropter
481 1721 628 1761 Plinius
646 1722 711 1768 ait,
732 1723 770 1761 in
790 1722 951 1762 theatris
970 1735 1104 1761 vocem
1123 1723 1270 1775 optime
1286 1736 1441 1761 currere
1460 1723 1498 1761 in
1517 1722 1631 1761 doliis
1649 1724 1731 1763 ina-

210 1776 337 1815 nibus.
394 1776 440 1814 In
467 1775 603 1828 ligneis
629 1785 758 1815 autem
790 1776 950 1814 theatris
980 1777 1052 1824 (ait
1071 1775 1294 1825 Vitruvius)
1312 1789 1402 1828 quae
1422 1777 1559 1816 Romae
1585 1778 1731 1830 passim

211 1829 366 1875 fiebant,
386 1843 462 1868 non
490 1838 572 1868 erat
600 1830 702 1868 vasis
729 1830 848 1869 aeneis
875 1843 986 1882 opus,
1007 1843 1095 1869 cum
1124 1829 1380 1869 tabulationes
1405 1831 1594 1870 haberent
1623 1844 1731 1870 corn—

210 1883 352 1936 plures,
370 1897 466 1935 quas
485 1896 621 1922 sonare
639 1896 796 1922 necesse
814 1892 910 1922 erat.
957 1883 1098 1922 Aditus
1116 1884 1297 1935 permulti
1316 1893 1356 1923 et
1376 1885 1534 1937 spatiosi
1554 1884 1732 1937 dispositi

210 1947 320 1977 erant
334 1938 435 1977 circa
454 1938 660 1983 theatrum,
673 1951 744 1976 nec
763 1937 959 1989 conjuncti
977 1938 1197 1989 superiores
1216 1938 1475 1984 inferioribus,
1490 1938 1558 1978 sed
1577 1953 1628 1978 ex
1646 1953 1731 1978 orn·

210 1992 323 2031 nibus
342 1991 437 2031 locis
456 1992 632 2044 perpetui
664 2000 704 2030 et
729 1992 878 2037 directi,
899 1991 982 2030 sine
1008 1992 1241 2031 inversuris:
1271 1992 1326 2031 uti
1346 2006 1466 2045 quum
1484 1993 1652 2046 populus
1670 1993 1730 2032 di-

209 2045 434 2085 mittebatur
451 2059 473 2084 e
489 2045 731 2098 spectaculis,
750 2059 827 2085 non
846 2046 1179 2097 comprimeretur,
1199 2046 1268 2085 sed
1295 2046 1456 2086 haberet
1482 2060 1533 2086 ex
1550 2048 1731 2086 omnibus

209 2099 306 2139 locis
322 2100 451 2139 exitus
471 2109 670 2152 separatos
692 2100 774 2139 sine
802 2099 1063 2152 impeditione.
1121 2099 1329 2152 Reliquum
1359 2101 1499 2140 theatri
1524 2101 1730 2141 artificium

209 2167 233 2192 a
260 2153 383 2206 gradu
414 2154 584 2193 omnium
610 2154 810 2206 superiore
834 2153 873 2192 in
900 2153 1142 2193 altitudinem
1164 2155 1284 2194 trium
1304 2154 1634 2207 contignationum
1660 2169 1730 2194 ex-

209 2216 430 2259 porrectum
448 2216 543 2254 erat,
563 2208 678 2247 etiam
699 2208 738 2247 in
757 2207 1013 2260 hemicylum:
1042 2217 1159 2261 atque
1177 2209 1231 2248 ita
1247 2208 1549 2254 exaedificatum,
1568 2218 1610 2248 ut
1638 2222 1730 2261 por-

210 2261 308 2301 ticus
327 2262 521 2301 efficeret:
550 2262 806 2313 undecunque
828 2270 1018 2313 patentes,
1038 2271 1078 2301 et
1105 2262 1295 2302 colomnis
1322 2263 1413 2302 hinc
1434 2272 1474 2302 et
1500 2263 1590 2302 inde
1615 2276 1731 2303 orna-

210 2316 326 2355 tiores
354 2316 487 2361 factas‚
509 2316 547 2355 in
574 2329 671 2368 quas
697 2315 865 2368 populus
885 2329 927 2354 se
945 2316 1023 2355 reci
1077 2326 1148 2362 ret,
1166 2318 1198 2355 si
1218 2316 1373 2369 quando
1395 2325 1554 2369 propter
1573 2318 1729 2363 imbres,

210 2379 277 2409 aut
295 2369 384 2409 coeli
413 2379 682 2422 tempestatem
709 2369 835 2409 minus
863 2382 989 2409 comm
1043 2383 1117 2415 am,
1136 2370 1218 2410 ludi
1238 2370 1586 2423 interpellarentur.
1633 2371 1730 2410 Eam

210 2424 349 2463 theatri
368 2433 515 2476 partem
530 2424 815 2476 precinct-‘ms
834 2423 988 2462 videtur
1001 2424 1196 2476 appellare
1216 2423 1442 2464 Vitruvius:
1472 2424 1632 2469 Plinius,
1658 2439 1731 2477 pa·

209 2477 333 2516 rietes·
359 2478 643 2530 circumjectum.
699 2477 775 2516 Sed
803 2477 1003 2517 inferiores
1033 2488 1073 2517 et
1105 2479 1170 2518 imi
1199 2479 1338 2519 theatri
1455 2480 1537 2519 icus
1556 2479 1731 2531 duplices

209 2541 329 2577 erant,
349 2531 553 2584 mediaque
579 2546 599 2571 a
650 2531 704 2571 tia
723 2532 797 2570 sub
823 2531 915 2570 divo
943 2532 1040 2572 inter
1069 2533 1254 2585 porticus,
1275 2489 1463 2573 ,stiffi
1490 2533 1731 2573 adornaban-

210 2594 284 2631 tur,
301 2585 404 2637 quod
425 2586 570 2639 (inquit
583 2545 805 2636 sitrnvius)
825 2584 1034 2638 hypoeeltrae
1052 2586 1320 2626 ambulationes
1337 2587 1523 2627 haberent
1549 2601 1731 2640 magnam

209 2638 487 2679 salubritatem.
544 2639 810 2693 Replebantur
828 2652 998 2691 quoque,
1017 2650 1174 2680 auctore
1195 2640 1331 2688 Plinio,
1347 2641 1442 2681 flore
1459 2642 1563 2681 croci
1629 2641 1732 2681 lves·

208 2692 291 2737 tris,
345 2703 474 2745 ropter
492 2693 693 2734 oculorum
710 2693 1022 2739 oblectationem,
1043 2704 1085 2733 ut
1104 2705 1211 2747 puto,
1230 2695 1353 2749 magis
1371 2708 1487 2748 quara
1506 2695 1555 2735 ad
1621 2709 1730 2736 orem

209 2746 317 2786 conc'
335 2747 504 2787 iandum.
559 2748 668 2793 Quin
684 2748 802 2787 etiam
819 2760 869 2787 ne
889 2746 982 2787 solis
1000 2748 1116 2787 ardor
1134 2759 1203 2789 aut
1220 2750 1335 2789 etiam
1355 2759 1587 2803 conspectus
1605 2763 1729 2803 popu-

208 2798 290 2839 lum
318 2801 369 2840 ab
393 2801 523 2841 officio
549 2802 797 2842 deturbaret:
825 2810 946 2854 utque
968 2801 1190 2842 salubribus
1207 2812 1444 2856 spectatores
1463 2804 1731 2856 conspicerent

207 2853 830 2962 fflss'ffffiffmffl
840 2855 1731 2965 'ifssffigififfiffffssssffiwfi‘L-”ssffi

209 2962 399 3003 taton’bus
416 2962 592 3003 umbram
611 2964 803 3005 facerent:
831 2962 938 3016 qnod
953 2963 1104 3018 primns
1121 2965 1294 3005 omnium
1313 2966 1462 3007 invenit
1478 2965 1533 3011 Q.
1550 2964 1730 3011 Catulos,
