1852 3216
220 130 276 172 xii
681 129 926 172 ELOGIA
962 130 1297 172 VETERUM.

456 226 461 230 ”
499 216 630 257 Βοιαὶ
674 217 683 226 ‘
700 229 822 255 more·
836 217 1027 255 hominum
1036 218 1299 266 juvenumque,
1317 226 1529 266 saumque,

551 263 589 309 Q
649 264 717 301 'ter
731 270 768 301 et
783 265 877 301 servi
893 264 1073 312 decipiant
1089 264 1278 301 dominos:

502 310 602 356 Quid
617 312 798 356 meretrix,
818 311 905 360 quid
920 313 1003 349 leno
1019 312 1112 349 dolis
1129 312 1311 359 confingat
1326 323 1456 349 avarus
1465 328 1478 357 ς

548 358 638 396 Haec
654 359 860 408 quicunque
874 359 975 407 legit,
995 359 1060 403 sic,
1079 365 1182 407 puto,
1201 365 1328 396 cautus
1345 359 1424 397 erit.

611 689 712 738 DE
765 687 976 737 AELIO
1028 687 1373 737 DONATO.

531 798 787 855 Hieronym.
817 798 863 841 in
892 797 1112 841 Chronico
1142 797 1318 855 Olymp.
1347 797 1450 842 284.

275 890 503 931 Victorinus
527 890 660 930 rhetor
678 898 719 929 et
739 890 918 932 Donatus
944 889 1222 942 grammaticus
1239 899 1461 942 praeceptor
1479 904 1602 937 meus,
1622 890 1763 931 Romae

219 946 390 999 insignes
417 945 635 984 habentur:
673 958 695 983 e
722 945 865 997 quibus
894 942 1121 983 Victorinus
1149 944 1268 983 etiam
1295 953 1465 984 statuam
1491 945 1531 984 in
1556 945 1644 985 foro
1661 944 1762 985 Tra·

216 999 313 1053 jano
331 999 486 1039 meruit.

586 1063 710 1107 Idem
738 1061 929 1120 Apolog.
962 1062 1132 1106 advers.
1164 1062 1391 1107 Rufinum.

273 1143 377 1184 Puto
422 1143 502 1183 uod
521 1157 617 1197 puer
637 1140 778 1196 legeris
798 1143 918 1195 Aspri
938 1143 976 1181 in
1002 1142 1213 1195 Virgilium
1241 1152 1282 1183 et
1309 1143 1537 1183 Sallustium
1565 1158 1762 1184 commen-

222 1199 366 1238 tarios:
438 1198 568 1238 ulcatii
589 1199 626 1236 in
647 1198 842 1237 orationes
865 1197 1091 1236 Ciceronis:
1123 1197 1314 1237 Victorini
1343 1198 1383 1237 in
1407 1198 1583 1251 dialogos
1603 1199 1701 1251 ejus,
1721 1208 1762 1237 et

220 1253 259 1292 in
284 1253 458 1293 Terentii
487 1252 699 1292 comoedias
724 1252 975 1304 praeceptoris
1000 1252 1076 1290 mei
1098 1251 1255 1298 Donati,
1275 1266 1389 1304 aeque
1418 1253 1457 1292 in
1479 1252 1702 1306 Virgilium,
1723 1262 1763 1291 et

219 1306 384 1346 aliorum
405 1307 443 1346 in
461 1306 580 1354 alios;
613 1305 810 1352 Plautum,
830 1305 1070 1352 Lucretium,
1095 1305 1292 1354 Flaccum,
1320 1306 1511 1353 Persium,
1537 1317 1655 1360 atque
1681 1307 1761 1346 Lu·

219 1374 371 1401 canum.
429 1360 565 1414 Argue
593 1360 930 1412 interpretationes
958 1373 1107 1406 eorum,
1138 1374 1258 1413 quare
1284 1375 1359 1400 non
1380 1375 1496 1400 unam
1516 1361 1763 1414 explanatio·

218 1429 308 1454 nem
345 1415 468 1454 secuti
506 1415 594 1462 sint,
628 1423 668 1454 et
704 1415 742 1453 in
780 1414 917 1453 eadem
954 1428 997 1453 re
1034 1414 1141 1466 quod
1169 1414 1232 1454 vel
1260 1415 1347 1461 sibi,
1376 1415 1439 1455 vel
1467 1415 1552 1455 aliis
1581 1415 1760 1454 videatur

222 1478 461 1509 enumerent.

622 1532 876 1589 Hieronym.
908 1532 952 1574 in
984 1531 1156 1575 Eccles.
1189 1548 1284 1590 cap.
1321 1534 1358 1577 1.

272 1611 455 1652 Comicus
472 1613 540 1659 ait,
559 1611 669 1651 Nihil
687 1621 748 1651 est
766 1612 927 1658 dictum,
952 1612 1059 1664 quod
1087 1626 1164 1652 non
1191 1613 1243 1652 sit
1266 1613 1414 1653 dictum
1433 1613 1568 1666 prius:
1598 1613 1702 1653 unde
1722 1623 1762 1653 et

218 1676 439 1730 praeceptor
462 1680 574 1706 meus
602 1666 793 1712 Donatus,
814 1680 903 1706 cum
929 1667 1058 1718 ipsum
1077 1667 1313 1708 versiculum
1335 1677 1561 1720 exponeret,
1583 1668 1762 1715 Pereant,

218 1722 357 1774 inquit,
376 1721 445 1774 qui
462 1730 551 1761 ante
569 1734 640 1761 nos
659 1730 794 1760 nostra
812 1720 1010 1760 dixerunt.

667 1992 769 2043 DE
820 1992 1307 2045 EUGRAPHIO.

267 2127 512 2172 Gerbertus
541 2126 760 2184 quondam
791 2124 1075 2170 scholasticus
1105 2127 1162 2170 ad
1192 2125 1430 2172 Airardum
1461 2127 1605 2186 Epist.
1635 2129 1707 2172 vii.

270 2207 531 2248 Petitionibus
565 2207 642 2246 tuis
673 2206 911 2246 annuimus:
957 2214 1091 2245 nostra
1119 2215 1164 2246 ut
1191 2207 1420 2260 exsequaris
1453 2208 1622 2261 negotia,
1652 2208 1761 2248 velut

216 2262 386 2316 propria,
407 2275 622 2301 monemus.
670 2260 820 2300 Plinius
839 2260 1080 2306 emendetur,
1101 2261 1352 2315 Eugraphius
1371 2262 1594 2315 recipiatur.

272 2327 491 2367 Gerbertus
507 2326 570 2366 hic
585 2334 722 2379 postea
740 2325 773 2365 P
793 2325 839 2364 Ρ.
860 2325 998 2371 factus,
1020 2325 1220 2377 sylvester
1238 2327 1366 2367 dictus
1385 2328 1471 2373 suit,
1487 2328 1667 2379 vixitque
1686 2329 1760 2367 sub

325 2381 485 2421 Othone
505 2380 583 2420 111.
614 2380 703 2433 Imp
722 2380 826 2419 circa
845 2378 895 2418 A.
916 2379 962 2418 C.
983 2393 1240 2420 nccccxcvm.
1270 2381 1364 2422 vid.
1382 2381 1573 2422 Fascicul.
1590 2393 1756 2438 tempor.

326 2435 556 2489 Onuphrius
574 2434 738 2475 Panvin.
759 2434 800 2475 in
819 2434 954 2475 chron.
974 2433 1126 2475 Eccles.
1147 2445 1187 2475 et
1205 2435 1284 2476 alii.
