1852 3216
106 148 247 178 semu
268 133 336 190 11.]

699 134 1015 180 HECYRA.

1544 140 1633 183 543

106 234 149 264 30
162 224 278 267 Nam
298 225 335 266 si
350 230 432 275 est,
453 231 502 267 ιιι
519 224 614 267 haec
632 239 746 268 nunc
766 225 1038 282 Pamphilum
1056 241 1157 270 vere
1175 227 1232 270 ab
1251 242 1300 270 se
1319 229 1557 284 segregarit
1568 245 1581 272 z

163 290 256 332 Scit
274 290 357 332 sibi
376 290 639 333 nobilitatem
659 305 715 333 ex
736 306 804 342 eo,
826 300 871 334 et
887 308 978 335 rem
999 301 1156 345 natam,
1176 302 1222 336 et
1241 293 1419 351 gloriam
1437 309 1558 337 esse:

161 355 428 411 Referetque
447 357 627 411 gratiam
645 357 701 408 ei,
723 372 892 413 unaque
912 374 989 401 nos
1016 359 1098 401 sibi
1116 374 1248 415 opera
1267 361 1423 403 amicos
1437 361 1608 418 Junget.

350 533 605 581 ACTUS
648 534 935 588 QUINTI
988 535 1242 584 SCENA
1286 537 1381 585 111.

605 661 853 693 PARMENO.

898 661 1108 694 BAccffls.

159 742 369 785 AEDEPOL
389 758 456 785 nae
474 758 611 785 meam
629 743 761 786 herus
781 759 877 786 esse
897 760 1070 800 operam
1090 746 1271 802 deputat
1288 748 1409 803 parvi
1428 749 1570 804 pretii,

115 822 118 824 ’
161 809 251 858 Qui
271 810 328 851 ob
348 824 439 851 rem
457 809 614 851 nullam
630 810 759 859 misit,
778 809 938 852 frustra
956 811 1031 852 ubi
1050 819 1185 853 totum
1206 812 1357 854 desedi
1377 813 1504 866 diem,

159 875 411 930 Myconium
429 875 643 930 hospitem
666 875 769 916 dum
788 883 995 931 exspecto
1014 877 1058 917 in
1077 891 1175 918 arce
1196 877 1531 922 Callidemidem.

159 940 313 996 Itaque
331 941 503 996 ineptus
523 940 654 982 hodie
673 940 776 982 dum
795 939 879 983 illic
900 941 1045 992 sedeo,
1068 949 1115 983 ut
1134 943 1316 998 quisque
1336 953 1526 996 venerat,

124 1015 143 1045 5
159 1005 460 1049 Accedebam.
450 1023 460 1032 ·
491 1005 775 1057 Adolescens,
797 1006 970 1048 dicdum
990 1022 1152 1062 quaeSO‚
1172 1022 1220 1049 es
1241 1016 1289 1050 tu
1310 1008 1569 1065 Myconius?

112 1115 196 1147 30.
224 1117 415 1156 Pamphilum
437 1126 504 1146 vere
526 1116 567 1146 ab
594 1126 626 1146 re
651 1114 839 1156 segregarit]

102 1158 236 1201 Proprie
261 1159 302 1190 ab
326 1158 495 1190 meretrice
518 1161 674 1200 segregari
700 1158 838 1190 dicitur:

100 1203 141 1233 ab
157 1213 256 1234 uxore
270 1202 415 1243 disiungi.
447 1202 489 1233 D.

144 1247 195 1277 31.
220 1248 286 1277 Scit
310 1247 370 1277 sibi
395 1247 582 1276 nobilitatem
607 1256 644 1276 e:
666 1256 709 1282 eo,
729 1250 759 1276 et
779 1256 841 1276 rem

99 1288 220 1329 natm]
246 1289 347 1324 Quasi
365 1289 500 1325 dicatur,
516 1290 595 1319 Ecce
618 1300 707 1329 quam
726 1290 839 1319 ananie

101 1334 303 1372 Pamphilus!
341 1332 405 1362 Sed
434 1332 494 1363 boc
519 1331 640 1362 sentire
671 1338 704 1362 et
733 1331 840 1362 dicere

99 1376 202 1417 patris
230 1382 289 1411 est,
320 1375 417 1406 stulta
449 1375 569 1416 pietate
606 1374 843 1415 magnificantis

100 1418 212 1449 filium.
244 1418 300 1454 Ut,
316 1429 409 1449 meum
563 1429 663 1448 rumor
673 1423 718 1449 est
730 1428 842 1449 amare.

100 1462 153 1492 Et·
174 1461 304 1513 proprie
333 1463 518 1492 nobilitatem
543 1461 635 1492 dixit.
692 1461 778 1492 Nam
808 1468 841 1492 et

99 1507 243 1536 meretrix
268 1511 301 1536 et
322 1506 479 1545 gladiator
503 1506 615 1535 nobiles
638 1503 701 1534 dici
725 1503 839 1535 solent.

100 1550 165 1579 Scit
186 1547 262 1589 ribi]
290 1548 384 1584 Quod
409 1547 505 1579 nimis
518 1546 631 1587 (minus
647 1547 727 1578 Mss.
746 1547 790 1578 H.
807 1554 842 1578 et

101 1591 139 1622 B.
155 1602 229 1623 cum
251 1591 321 1622 edd.
345 1590 440 1632 vett.)
458 1597 554 1625 amat,
576 1591 622 1621 ait
642 1592 838 1622 nobilitatem.

99 1636 151 1665 Ex
171 1634 222 1675 eo]
251 1635 367 1666 Utrum
392 1644 435 1665 ex
458 1633 650 1675 Pamphilo?
673 1644 714 1664 an
737 1644 772 1664 ea
795 1645 838 1671 eo,

99 1688 142 1708 ex
154 1688 192 1709 ea
206 1688 259 1709 re:
283 1677 317 1709 id
336 1684 395 1714 est,
417 1677 502 1718 quod
660 1676 743 1708 verit
764 1687 839 1708 vere

98 1721 140 1752 ab
169 1731 204 1752 se
234 1721 459 1763 Pamphilum?
493 1727 527 1751 et
555 1720 616 1751 boc
638 1726 689 1751 est
714 1719 838 1751 melius.

100 1764 187 1795 Nam
210 1764 327 1795 nobilis
352 1763 529 1795 meretricis
549 1769 601 1795 est
626 1773 691 1794 non
714 1763 839 1800 timere,

99 1817 141 1838 ne
172 1807 308 1838 alterum
338 1817 403 1838 non
433 1806 577 1837 inveniat
592 1818 601 1836 :
637 1813 695 1837 aut
723 1806 841 1838 nobilis

99 1856 159 1887 est,
174 1850 335 1891 cognitam
348 1849 418 1881 fieri
434 1849 531 1880 etiam
546 1849 687 1880 senibus.
723 1851 766 1881 Et
779 1860 841 1881 rem

98 1893 219 1934 utam]
249 1894 301 1924 Ex
321 1893 500 1935 patrocinio
525 1900 558 1924 et
580 1892 723 1924 amicitia
743 1892 840 1924 senis.

99 1939 173 1968 Rem
188 1936 308 1978 meam]
331 1936 417 1972 Quia
439 1936 539 1967 multa
559 1935 594 1966 in
609 1946 680 1967 eam
694 1935 839 1967 contulit.

100 1982 143 2011 Et
154 1980 302 2021 glorian]
330 1980 382 2011 Ex
403 1979 487 2010 facto
506 1989 580 2010 raro
600 1979 634 2010 in
661 1978 839 2010 meretrici-

98 2024 168 2054 bus.
205 2025 249 2055 Ee
266 2025 396 2064 glorian
410 2021 489 2063 ene]
510 2022 595 2058 Quia
608 2022 752 2053 defendit
765 2033 841 2054 eum

97 2067 185 2108 apud
199 2077 327 2098 soceros
342 2074 375 2097 et
389 2076 540 2097 uxorem:
564 2072 598 2096 et
618 2065 703 2106 quod
724 2065 840 2096 marito

97 2110 254 2141 meretrix
273 2111 442 2151 conjugem
465 2109 580 2140 reddit.
612 2109 764 2140 D.-Pro
783 2121 839 2140 na—

98 2158 161 2184 tam
174 2153 243 2184 cod.
261 2153 384 2194 Regius
399 2162 483 2184 unus
497 2152 594 2183 habet
606 2157 735 2183 nactam.
771 2152 837 2183 Re-

97 2206 195 2238 pone,
211 2198 277 2227 Scit
290 2208 321 2227 ιε
342 2198 530 2227 nobilitatem
550 2207 587 2227 ee
606 2207 644 2227 ea
664 2206 697 2226 re
718 2201 838 2226 nactam

97 2245 128 2270 et
137 2251 169 2280 g.
185 2251 212 2271 e.
235 2240 320 2270 Nam
336 2239 477 2282 primum
490 2249 555 2269 non
565 2239 605 2270 de
617 2249 651 2269 re
663 2238 836 2280 praeterita,

97 2284 155 2314 sed
170 2283 277 2314 futura
291 2283 344 2314 hic
359 2283 475 2324 agitur.
521 2282 658 2318 Deinde,
674 2285 702 2312 si
715 2293 783 2313 vere
796 2284 836 2313 ab

96 2337 129 2356 se
142 2329 320 2367 segregarit,
335 2336 388 2357 res
403 2336 467 2357 non
483 2325 596 2363 crevit,
611 2325 668 2356 sed
683 2325 836 2356 damnum

97 2369 238 2400 obvenit.
298 2369 448 2410 Denique
477 2369 563 2400 inter
588 2370 774 2399 nobilitatem
803 2375 837 2399 et

93 2413 233 2451 gloriam,
249 2422 319 2453 que
332 2419 476 2453 cognatae
491 2418 567 2443 sunt
581 2411 836 2452 significationis,

96 2465 146 2485 res
161 2454 266 2486 locum
280 2455 483 2486 commodum
498 2465 562 2486 non
578 2455 685 2486 habet.
711 2455 749 2486 B.

139 2498 193 2528 32
210 2498 298 2539 Lege
312 2497 419 2539 Refert
429 2501 566 2540 gratian
585 2501 636 2535 eii,
653 2501 770 2538 ιυιόᾳυε
784 2509 837 2529 nos

95 2542 157 2571 sibi
171 2543 260 2581 opera
274 2541 508 2582 micorjniugit.
553 2541 637 2572 Nam
649 2541 717 2572 cod.
735 2541 837 2572 Acad.

96 2583 194 2614 habet
214 2583 398 2625 Refer-equ.-
422 2585 533 2616 Bemb.
556 2591 592 2615 et
613 2584 733 2616 Victor.
756 2584 836 2615 illud

96 2638 153 2667 que
167 2634 203 2658 ιιι
216 2626 331 2658 inutile
350 2627 459 2658 sensui
483 2634 517 2658 et
531 2627 638 2659 versui
659 2627 836 2658 incommo-

96 2670 173 2702 dum
192 2677 281 2701 recte
297 2669 458 2701 omittunt.
504 2670 589 2701 Sane
603 2669 705 2711 ψόαι,
713 2671 834 2712 jungit,

95 2721 132 2744 ut
154 2723 253 2754 supra
264 2715 334 2750 seit,
350 2712 546 2754 elegantiora
564 2721 651 2750 aunt,
665 2723 761 2754 quam
782 2713 833 2744 fu-

97 2765 179 2788 tura.
213 2756 250 2787 B.

141 2801 168 2831 1.
185 2800 316 2839 AEdepol
335 2810 382 2830 ιιι
404 2810 497 2829 mean
522 2801 612 2830 bens
631 2810 695 2830 esse
714 2810 834 2839 operam

94 2844 221 2884 ἄφετοι
247 2844 337 2882 parvi
356 2841 469 2882 pretii]
499 2841 539 2873 ln
561 2848 628 2873 tota
649 2842 708 2873 hac
726 2842 834 2874 fabula

91 2896 206 2918 servus
220 2886 312 2928 piger
323 2892 356 2916 et
369 2885 515 2916 curiosus
528 2884 706 2916 inducitur:
729 2895 834 2926 neque

93 2929 264 2970 quicquam
293 2928 341 2959 illi
370 2928 479 2960 evenit
507 2938 549 2960 ex
576 2928 738 2960 sententia
764 2939 832 2960 sua.

92 2973 283 3013 AEdepolnae
298 2971 410 3013 nem]
432 2971 550 3003 Totum
572 2982 592 3003 a
612 2971 842 3010 stomachante*

883 1114 1018 1146 dicitur.
1042 1115 1134 1156 quasi
1147 1115 1202 1157 qui
1218 1127 1304 1148 nunc
1319 1118 1459 1150 maxime
1474 1118 1627 1159 injuriam

883 1159 1091 1200 persenserit.
1127 1161 1258 1200 AEdepol
1282 1172 1330 1192 nae
1354 1161 1467 1211 nan]
1496 1163 1536 1194 In
1564 1163 1627 1194 hao

883 1212 980 1233 scena
994 1206 1199 1243 καταστροφὴ
1212 1203 1332 1245 populo
1337 1205 1529 1253 exponitur.
1559 1208 1624 1238 De-

880 1250 973 1285 putat
982 1248 1074 1285 parm·
1085 1245 1197 1287 pretii]
1214 1247 1299 1296 Quia
1319 1247 1365 1278 sic
1381 1248 1505 1280 scilicet
1519 1249 1625 1281 abuti-

882 1294 943 1319 tur.
1003 1289 1147 1330 Deputat
1175 1290 1268 1330 parvi
1298 1300 1379 1328 eam,
1406 1292 1462 1332 qui
1491 1292 1628 1334 deputat

884 1341 954 1362 eam
978 1331 1012 1362 in
1038 1342 1074 1362 re
1099 1332 1218 1364 nullius
1243 1333 1340 1375 pretii
1363 1336 1623 1368 consumendam.

886 1374 1105 1415 D.—AE'depol
1125 1387 1173 1407 πω
1196 1376 1308 1417 meam]
1339 1377 1435 1408 Nunc
1465 1378 1626 1411 Parmeno

886 1417 980 1455 redit,
991 1418 1047 1458 qui
1062 1417 1179 1450 missus
1194 1419 1228 1450 in
1240 1429 1347 1451 arcem
1361 1420 1476 1459 fuerat,
1492 1428 1528 1453 ut
1542 1423 1623 1453 ami-

883 1471 956 1491 cum
986 1462 1185 1499 conveniret,
1215 1462 1270 1503 qui
1300 1463 1408 1495 nullus
1435 1471 1528 1501 erat;
1566 1466 1624 1497 sed

883 1514 994 1535 vocem
1022 1504 1231 1545 parturientis
1260 1516 1301 1537 ne
1331 1507 1466 1538 audiret.
1525 1508 1626 1540 videt

883 1554 990 1578 autem
1016 1548 1057 1578 de
1087 1547 1183 1580 domo
1208 1549 1319 1580 uxoris
1347 1550 1510 1592 Pamphili
1534 1551 1628 1584 exire

882 1590 1093 1622 meretricem.
1130 1592 1212 1627 Quae
1225 1603 1299 1623 cum
1319 1600 1405 1624 esset
1418 1594 1573 1635 ingres-a,
1588 1602 1628 1627 ιιι

882 1643 917 1664 se
942 1641 1103 1683 purgaret,
1126 1634 1162 1666 in
1191 1635 1293 1684 digito
1316 1637 1387 1676 ejus
1412 1637 1551 1670 annulus
1574 1645 1625 1670 est

882 1677 1039 1717 cognitus,
1060 1688 1155 1717 quem
1177 1678 1307 1713 vitiator
1329 1679 1446 1721 puellae
1460 1688 1623 1722 rapuerat,

882 1726 916 1751 et
936 1721 1098 1752 meretrici
1118 1721 1204 1752 dono
1224 1722 1367 1754 dederat.
1412 1724 1534 1755 Nunc
1524 1725 1625 1774 igitur

882 1773 1010 1804 egressa
1017 1764 1249 1796 Parmenonem
1255 1765 1296 1796 ad
1304 1766 1507 1808 Pamphilum
1514 1768 1625 1800 mittit.

886 1807 962 1848 Ipsa
987 1813 1095 1838 autem
1114 1808 1192 1848 quid
1213 1815 1320 1840 actum
1344 1809 1397 1846 sit,
1412 1817 1531 1848 narrat,
1546 1818 1623 1843 ante

883 1860 1010 1881 menses
1026 1850 1068 1881 X.
1114 1851 1167 1882 Ex
1188 1860 1252 1892 quo
1274 1852 1360 1883 enim
1375 1863 1559 1894 compressa
1573 1861 1625 1886 eat

884 1892 984 1934 virgo,
1000 1893 1031 1924 X
1047 1903 1175 1925 menses
1189 1901 1283 1930 sunt3
1305 1902 1339 1926 et
1353 1896 1428 1935 jure
1444 1896 1496 1927 bio

884 1936 987 1967 factus
1015 1936 1059 1967 sit
1085 1937 1117 1968 X
1149 1938 1317 1968 mensium.
1361 1938 1559 1972 E.—Bemb.
1589 1947 1624 1973 et

882 1979 984 2010 nostri
1012 1979 1160 2054 geIiores
1188 1988 1277 2012 recte
1306 1981 1427 2013 babent
1450 1985 1534 2023 preti
1562 1994 1624 2026 pm

877 2025 983 2063 pretii.

926 2067 955 2097 2
973 2068 1102 2098 Frustra
1119 2068 1172 2097 aba
1194 2072 1288 2098 totta
1308 2069 1412 2099 desedi
1432 2069 1529 2111 dien]
1552 2070 1621 2102 De-

883 2116 931 2140 est
953 2111 1048 2140 illue:
1070 2116 1108 2141 ut
1127 2109 1179 2146 sit,
1203 2110 1280 2142 illuc
1301 2110 1358 2142 ubi
1378 2111 1498 2143 frustra
1518 2120 1623 2146 ιοιιιιιι

881 2153 990 2183 desedi
1013 2152 1108 2183 diem.
1149 2154 1254 2184 Totas·
1278 2155 1382 2185 decedi
1406 2155 1503 2197 dien]
1533 2157 1623 2189 Nota

880 2196 1061 2227 accusativo
1075 2206 1150 2227 casu
1165 2207 1259 2228 usum
1274 2207 1354 2228 esse.
1386 2197 1428 2228 D.

923 2240 1622 2283 3.Myeouim10spite-dumsspoeto]Me·

880 2282 1012 2313 moriter
1038 2289 1072 2313 et
1095 2282 1267 2323 vigilanter
1294 2294 1407 2315 servus
1431 2285 1629 2326 Myconium.

878 2325 1039 2367 hospitem
1051 2332 1084 2356 et
1095 2326 1339 2358 Callidemidem
1352 2326 1454 2358 dixit:
1477 2338 1520 2360 ne
1528 2329 1620 2362 vide-

879 2376 969 2400 retur
990 2368 1196 2411 negligentia,
1216 2369 1267 2401 vel
1290 2370 1451 2402 oblivione
1475 2381 1535 2404 sua
1554 2383 1623 2406 non

878 2411 1050 2449 invenisse,
1063 2412 1105 2443 ad
1119 2423 1214 2453 quem
1228 2412 1347 2444 missus
1361 2420 1420 2444 est.
1447 2415 1623 2456 Mycona-

878 2455 1037 2504 hospiten]
1063 2455 1152 2486 Bene
1173 2455 1315 2487 ostendit
1335 2466 1371 2488 se
1390 2467 1566 2490 mmorem
1587 2465 1627 2492 et

879 2498 1045 2539 signorum
1067 2506 1101 2529 et
1122 2498 1301 2537 nominum,
1315 2506 1354 2530 ut
1374 2499 1523 2533 videatur
1543 2512 1623 2535 vce

879 2541 1004 2579 illusus,
1019 2552 1118 2583 quum
1133 2552 1264 2583 operam
1279 2522 1416 2574 dederit.
1447 2543 1490 2575 D.

923 2586 952 2615 4.
980 2586 1090 2626 Itaque
1114 2584 1250 2626 ineptas]
1278 2585 1448 2618 Mon-aliter
1475 2587 1628 2623 addim

879 2629 1019 2668 ineptus.-
1041 2635 1075 2659 et
1096 2631 1223 2668 ineptus,
1246 2629 1338 2669 quasi
1359 2628 1500 2672 inaptm.
1532 2631 1622 2663 D.—

879 2671 991 2702 Lectio
1012 2674 1179 2712 qnu'sqnaa,
1200 2681 1261 2713 pro
1281 2674 1416 2712 quisque,
1438 2683 1534 2714 quam
1554 2674 1623 2708 dno

877 2714 968 2745 codd.
984 2714 1148 2751 exhibent,
1164 2721 1199 2745 et
1219 2714 1260 2746 ad
1276 2725 1405 2746 versum
1425 2725 1460 2748 et
1479 2717 1523 2749 ad
1541 2728 1620 2752 aen-

877 2757 1012 2788 tentiam
1026 2757 1224 2788 commodior
1239 2764 1298 2789 est.
1330 2758 1369 2790 B.

919 2801 948 2831 5.
959 2802 1149 2849 Adolescens,
1160 2802 1291 2838 Mun,
1306 2801 1422 2843 qaaeoo]
1439 2802 1618 2839 Van-uiliter

877 2849 911 2874 et
930 2842 1052 2874 comice
1073 2853 1109 2875 se
1131 2843 1142 2874 i
1259 2854 1373 2876 servm
1394 2845 1558 2880 imitatur-
1581 2856 1616 2881 et

876 2893 927 2917 est
939 2885 1077 2925 μίμησις.
1120 2888 1167 2918 Er
1187 2892 1222 2918 ta
1243 2888 1445 2937 Hyan-iarn
1469 2889 1556 2924 Nam
1577 2900 1616 2924 ut

875 2929 939 2960 tria
952 2929 1102 2962 mandata
1115 2935 1193 2962 sunt
1214 2930 1416 2972 inquirenda,
1428 2932 1493 2965 tria
1504 2933 1616 2976 inqui-

874 2972 938 3004 sita
966 2980 1043 3005 sunt
1068 2973 1192 3006 ordine.
1227 2974 1368 3007 D.—Ne
1393 2977 1502 3009 vermi
1530 2979 1616 3012 desit
