1852 3216
192 131 320 174 xxxvi
713 130 858 172 DAN.
897 130 1209 174 ambimus

196 216 484 261 damant.
539 216 703 270 Semper
729 217 832 259 enim
858 230 948 268 quae
975 227 1126 259 morata
1149 227 1211 258 est
1235 218 1373 264 oratio,
1391 222 1435 267 τῇ
1452 221 1632 268 ὑποκρίσει
1650 217 1727 259 sul-

196 271 346 314 dmda·
382 271 484 313 Nm
500 285 589 323 que
606 271 780 313 moribus
798 270 1080 323 affectibusque
1098 272 1343 318 destituitur,
1364 281 1465 312 teste
1485 272 1733 324 philosopho,

196 335 259 369 est
288 329 522 377 ἆηηόκριτοσ.
579 325 716 377 Neque
745 325 825 366 ulla
849 326 930 366 fere
956 326 1062 378 apud
1086 340 1175 366 eum
1199 326 1349 379 syllaba
1373 336 1516 372 exstat,
1534 340 1623 377 quae
1652 339 1730 367 uon

197 381 315 422 animi
341 389 409 422 aut
435 379 598 420 affeetu·
622 379 788 432 alicuju·
814 380 866 419 sit
891 379 1021 420 index.
1075 380 1164 420 Jam
1191 391 1235 420 ut
1253 380 1303 420 ad
1322 380 1487 433 lepores,
1507 380 1619 426 sales,
1638 394 1731 433 gra-

199 435 287 481 tias.
307 443 347 477 et
365 444 588 476 venustates
607 435 830 480 veniamusz
860 444 1008 474 eertum
1027 444 1100 479 est,
1125 435 1206 474 fere
1234 448 1368 475 omnes
1395 448 1461 475 eas
1489 434 1573 474 tolli
1593 449 1616 474 a
1634 434 1729 474 ridi·

202 489 304 536 cula.
330 502 408 529 non
432 502 545 529 secus
562 501 676 540 quam
705 488 745 528 in
768 489 849 527 vita
875 489 925 527 ab
952 501 1117 528 excessu
1145 502 1295 528 morum
1324 489 1459 535 virtus,
1487 490 1537 529 ab
1565 502 1731 528 excessu

200 552 410 596 apparatus
439 543 476 582 in
504 556 619 582 scena
644 541 792 582 tollitur
811 541 902 581 volu
933 551 1004 581 tas.
1061 541 1196 585 Quare
1225 541 1446 582 Menandro
1472 556 1518 583 ae
1542 542 1734 583 Terentio

199 596 355 651 lepores
380 597 556 637 tribuunt
584 596 744 647 antiqui,
765 595 865 635 sales
924 595 1033 635 lauto
1058 596 1250 636 Horatius
1277 597 1477 636 concedit:
1506 611 1604 648 quos
1630 610 1731 636 non-

199 664 395 703 nunquam
420 652 628 691 inurbanus
649 664 735 689 esse
763 658 883 689 notat.
941 649 1046 689 Audi
1077 649 1349 689 Paterculum:
1378 650 1573 703 dulcesque
1599 651 1731 691 Latini

198 705 336 759 leporis
348 705 515 758 facetiae
534 718 607 757 per
628 703 824 744 Caeeicium
859 702 895 743 T
892 704 1137 756 mentiumque
1153 710 1189 743 ee
1207 703 1413 756 Afranium
1440 706 1597 758 suppari
1616 711 1732 744 aeeaee

362 766 415 799 m.
471 758 602 799 Graeci
630 762 771 809 χάριτας
790 768 830 797 et
856 761 1118 808 χαριεντισμοὺς
1145 768 1299 797 vocant.
1356 758 1612 798 Remissiores
1640 768 1732 799 sunt

201 814 316 859 enim,
338 827 452 865 quam
481 822 525 851 ut
552 813 673 851 risum
700 811 889 851 violenter
918 822 1123 850 moveant:
1147 812 1524 864 circumspectiores,
1543 826 1660 864 quam
1688 822 1734 853 ut

201 868 381 920 frigeant.
438 866 664 906 Absurdum
701 866 805 905 enim
843 879 948 917 saepe
986 880 1101 905 causa
1138 874 1198 904 est
1234 866 1348 911 risus,
1387 875 1454 905 aut
1491 867 1729 907 inusitatum.

202 922 349 961 Contra
366 930 496 961 autem
516 934 655 967 sermo,
676 921 742 972 qui
762 929 802 959 et
826 921 993 959 usitatus
1011 929 1051 959 et
1078 929 1263 966 moratus,
1285 921 1430 973 quique
1457 920 1595 960 leniter
1614 921 1730 961 deco-

201 990 286 1015 rum
305 984 448 1021 servat,
467 975 567 1014 sicut
584 989 631 1014 eo
659 975 744 1026 ipso
762 974 805 1013 fit
826 983 1011 1013 venustus
1030 984 1068 1013 et
1087 973 1279 1020 delectat3
1313 976 1366 1013 ita
1384 974 1542 1026 quidam
1562 976 1733 1015 eminere

196 1029 278 1082 joci
315 1038 492 1083 possunt.
549 1029 631 1073 Qui
662 1028 819 1080 quidem
848 1028 886 1067 in
917 1029 990 1068 hoc
1019 1029 1128 1074 Afro,
1159 1029 1249 1079 (nisi
1279 1028 1403 1068 Laelio
1429 1042 1497 1068 eos
1529 1030 1659 1082 potius
1685 1043 1733 1069 ac

202 1084 372 1136 Scipioni
401 1083 628 1123 tribuendos
655 1082 787 1135 putes)
806 1097 828 1122 e
857 1082 1090 1129 Menandro,
1119 1083 1151 1121 si
1174 1082 1367 1135 judicium
1396 1083 1552 1123 Horatii
1572 1093 1612 1123 et
1629 1084 1732 1123 anti-

201 1151 366 1190 quorum
394 1138 603 1190 sequimur,
632 1151 683 1176 ex
710 1137 846 1176 eodem
876 1136 967 1183 sale,
997 1150 1018 1176 e
1047 1150 1126 1189 quo
1154 1147 1245 1176 nata
1274 1137 1407 1177 Venus
1435 1147 1507 1184 ent,
1535 1138 1731 1191 depromti

201 1192 397 1231 videntur.
454 1191 557 1231 Ecce
576 1191 706 1230 statim
727 1191 889 1236 Andria,
909 1201 984 1230 act.
1006 1205 1044 1230 v.
1065 1205 1182 1230 scena
1202 1195 1250 1230 4:

656 1253 763 1290 Davo
780 1254 871 1290 istuc
889 1253 1016 1290 dedam
1027 1253 1104 1301 jam
1122 1254 1255 1301 negoti.
1298 1253 1335 1290 S.
1355 1253 1441 1291 Non
1482 1260 1587 1292 otest.

292 1301 330 1338 P.
340 1301 448 1385 SQQJ
491 1301 527 1337 S.
546 1301 641 1385 Qutia
664 1301 771 1339 habet
787 1300 884 1338 aliud
908 1303 1024 1348 magis
1045 1313 1089 1338 ex
1114 1313 1204 1345 sese,
1230 1307 1266 1338 et
1289 1302 1416 1351 majus.
1490 1329 1499 1339 .
1518 1301 1727 1348 Quidnam?

369 1376 377 1384 .
430 1355 546 1385 metus
562 1361 600 1385 es
619 1376 627 1385 .

293 1396 334 1433 P.
352 1396 468 1440 Pater,
486 1395 561 1432 non
576 1402 672 1433 recte
687 1396 829 1432 vinctus
846 1401 911 1433 eat.
954 1394 991 1432 S.
1011 1395 1121 1433 Haud
1136 1396 1186 1433 ita
1195 1396 1301 1444 jussi.

197 1467 285 1506 Jam
314 1466 559 1507 Gnathonem
587 1466 690 1506 vide.
746 1466 935 1510 Quicum
965 1467 1121 1518 putidos
1144 1466 1362 1506 Thrasonis
1378 1481 1508 1507 mores
1535 1467 1731 1507 Phaedriae

198 1535 243 1561 ac
263 1519 439 1560 Choereae
457 1522 717 1573 exposuisset,
737 1529 874 1560 contra
892 1530 1021 1560 autem
1050 1520 1105 1559 illi
1132 1522 1402 1573 persuasisset,
1422 1531 1461 1561 et
1483 1522 1566 1575 jam
1585 1523 1732 1575 gratias

200 1576 354 1628 ineptus
373 1576 488 1614 homo
507 1589 551 1615 ac
567 1575 752 1614 ridiculus
770 1575 929 1614 haberet
946 1589 955 1613 :

634 1638 726 1674 bene
741 1637 878 1680 fecisti3
904 1638 1055 1685 gratiam
1070 1637 1186 1674 habeo
1202 1638 1405 1676 maximam.

291 1684 486 1733 Nunquam
502 1686 609 1721 etiam
624 1685 677 1721 fui
693 1696 857 1733 usquam,
876 1685 964 1734 quin
979 1697 1037 1721 me
1054 1696 1179 1722 omnes
1194 1692 1355 1724 amarent
1371 1686 1577 1734 plurimum.

200 1745 427 1799 Respondet
447 1744 496 1784 ad
515 1755 722 1798 utrumque
743 1758 978 1784 conversus:

291 1807 417 1844 Diain’
434 1819 502 1855 ego
518 1807 556 1844 in
570 1807 637 1844 hac
653 1808 768 1844 inesse
785 1807 890 1844 vobis
906 1808 1066 1844 Atticam
1082 1808 1321 1856 elegantiam?

199 1866 315 1907 Certe
335 1876 417 1907 tota
436 1881 552 1906 scena
572 1869 688 1908 tertia
707 1868 810 1907 tertii
828 1876 938 1907 actus
968 1868 1007 1907 in
1027 1867 1231 1921 Adelphis,
1252 1869 1290 1908 in
1310 1882 1387 1920 qua
1413 1868 1562 1909 luditur
1581 1883 1604 1909 a
1631 1869 1734 1922 Syro

200 1922 360 1969 Demea,
379 1921 512 1964 divina
529 1932 601 1963 est.
658 1921 801 1967 Qualia
820 1922 924 1961 enim
942 1920 1034 1961 illa?

572 1984 659 2021 mihi
676 1983 820 2032 quidem
835 1996 911 2020 non
926 1984 1081 2031 placent,

294 2031 342 2068 Et
358 2032 472 2069 clamo
488 2044 601 2079 saepe:
629 2032 841 2068 salsamenta
856 2031 945 2076 haec,
965 2031 1173 2079 stephanio,

294 2078 364 2115 Fae
380 2085 602 2115 macerentur
618 2078 777 2126 pulchre.

204 2149 322 2189 Plane
340 2150 441 2189 enim
469 2159 613 2203 praeter
631 2150 963 2202 exspectationem
982 2150 1123 2191 omnia.
1178 2150 1268 2192 Jam
1287 2164 1375 2191 cum
1394 2160 1508 2191 vetus
1526 2152 1731 2198 comoedia,

201 2203 296 2244 nihil
314 2218 426 2255 aeque
453 2218 498 2244 ac
523 2207 697 2257 παρῳδῶν
713 2213 829 2250 amet,
858 2218 947 2255 quae
974 2203 1202 2257 plerumque
1228 2215 1269 2245 et
1295 2207 1436 2247 acerba
1461 2215 1533 2251 est,
1553 2216 1592 2246 et
1619 2216 1731 2246 extra

203 2271 357 2298 scenam
385 2259 587 2311 quaeritur‚
607 2258 886 2298 urbanissimus
906 2258 1078 2299 virorum
1098 2260 1298 2305 rationem,
1319 2273 1398 2312 qua
1413 2273 1464 2300 ex
1478 2260 1628 2300 actione
1649 2261 1732 2312 ipsa

202 2312 402 2364 parodiam
421 2312 590 2366 lepidam
609 2326 702 2352 sane
715 2321 756 2352 et
769 2320 972 2352 venustam
992 2322 1154 2365 peteret,
1173 2314 1333 2354 invenit.
1356 2314 1455 2354 Nam
1474 2328 1562 2354 cum
1583 2314 1733 2354 Demea

204 2366 380 2413 dixisset,

853 2428 893 2465 flt
909 2428 1047 2473 sedulo,

299 2475 400 2513 Nihil
415 2476 663 2524 pretermitto,
681 2475 927 2513 consuefacio:
956 2476 1122 2526 denique,

300 2523 491 2572 lnepicere,
509 2529 677 2572 tanquam
695 2523 731 2560 in
748 2524 945 2570 speculum,
964 2524 1002 2560 in
1019 2526 1110 2561 vitas
1127 2526 1290 2563 omnium
1316 2537 1325 2547 ·

298 2570 438 2654 ffbep:
455 2576 573 2627 ‘atque
589 2582 632 2607 ex
648 2570 726 2607 aliis
741 2582 880 2607 sumere
896 2572 1098 2619 exemplum
1115 2572 1194 2609 sibi.

340 2629 382 2654 oc
412 2624 519 2655 amo.

209 2676 261 2717 Bt
279 2690 368 2730 quae
387 2687 624 2730 sequuntur:
654 2677 863 2731 respondet
882 2677 1029 2730 Syrus:

300 2740 491 2778 Conservis
506 2740 550 2779 ad
567 2740 719 2778 eundem
735 2742 852 2778 istunc
868 2741 1036 2789 precipio
1052 2741 1223 2780 modum:

301 2786 383 2823 noc
398 2788 591 2832 salsum’st,
608 2788 679 2825 hoc
694 2787 924 2831 adustum’st,
942 2788 1011 2825 hoc
1028 2789 1214 2826 lautum’st
1229 2802 1366 2838 parum.

303 2833 396 2871 lund
412 2842 526 2871 recte:
555 2837 696 2880 iterum,
715 2835 766 2872 sie
782 2841 974 2872 memento.
1024 2835 1157 2873 Sedulo

303 2880 451 2925 Moneo,
470 2894 550 2930 quae
565 2894 723 2930 possum,
742 2894 808 2930 pro
824 2894 903 2919 mea
918 2883 1099 2931 sapientia.

302 2927 500 2972 Postremo,
518 2934 686 2977 tanquam
702 2931 739 2966 in
755 2930 953 2977 speculum,
971 2930 1009 2967 in
1025 2931 1175 2977 patinas.
1194 2929 1342 2975 Demea,

303 2974 625 3024 hqimjnbeo:
651 2977 1242 3025 «numqaum-tomus&
