1852 3216
110 137 249 167 scum
270 122 356 179 un]

699 121 1056 166 PHORMIO.

1543 123 1628 167 575

165 212 229 256 At
247 228 333 255 non
351 213 565 256 cotidiana
582 225 684 255 cura
702 211 796 255 haec
816 219 994 268 angeret
1013 213 1209 256 animum.
1259 212 1345 256 Pa.
1367 210 1529 257 Audio.

165 278 258 321 AN.
281 277 399 322 Dum
429 286 650 334 exspecto,
666 294 792 335 quam
820 293 921 321 mox
939 279 1094 331 veniat,
1116 280 1190 335 qui
1218 279 1377 322 adimat
1394 279 1506 322 hanc
1524 278 1628 322 mihi

250 345 613 388 consuetudinem.

110 419 149 450 10
166 410 250 453 Pu.
272 410 382 453 Aliis
403 411 502 466 quia
522 410 628 452 defit
646 410 763 466 quod
783 417 938 461 amant,
959 411 1149 466 aegre’st:
1186 412 1263 454 tibi
1285 411 1386 467 quia
1411 417 1625 467 superest,

162 477 552 593 Amiiiideaibundas,
574 541 781 598 Antipho.

162 608 278 650 Nam
308 617 381 650 tua
402 608 574 664 quidem
602 607 745 650 hercle
776 614 893 650 certo
915 608 1001 650 vita
1031 607 1124 650 haec
1154 608 1400 664 expetenda
1420 608 1628 664 optanda-

248 690 332 730 que
353 681 433 716 est.

162 740 230 782 Ita
247 756 314 782 me
330 740 389 782 Di
409 741 518 783 bene
536 747 691 790 ament,
707 747 756 782 ut
775 739 875 782 mihi
891 740 1015 782 liceat
1036 746 1122 781 tam
1141 739 1230 790 diu,
1247 739 1364 794 quod
1384 755 1493 791 amo,
1512 739 1622 791 frui3

103 849 263 891 loquitur:
286 849 388 881 credit
411 849 496 880 enim
519 859 559 880 ex
578 847 723 889 sequenti
738 847 837 879 sacie-

104 900 178 931 tate,
209 893 293 934 quod
323 892 462 934 potuerit
491 892 650 923 abstinere
680 891 840 922 amoribus

104 936 179 967 suis.
212 938 280 967 Non
300 939 414 976 potitus
428 935 535 976 essem]
556 934 769 974 Ἀνθυποφορὰ
782 946 838 973 μο-

104 979 241 1020 νομερής.
271 980 345 1011 Non
361 979 457 1015 enim,
469 981 523 1010 sed
531 981 624 1018 potiri
636 980 763 1013 voluisti,
780 988 835 1018 po-

104 1023 186 1054 suit:
212 1030 247 1054 ut
268 1023 332 1060 ille,
357 1022 431 1053 AEn.
448 1022 489 1052 iv.
507 1023 580 1052 603.
602 1023 709 1052 Verum
734 1032 842 1060 anceps

100 1077 211 1107 pugnae
229 1065 338 1106 suerat
351 1064 503 1105 fortuna!
517 1065 650 1106 ficisset:
679 1064 731 1095 hic
756 1063 841 1094 enim

103 1116 237 1150 utraque
263 1119 337 1151 pars
362 1108 501 1150 ponitur.
543 1110 663 1139 Fuisset
693 1113 755 1138 tum
776 1109 843 1138 illos

102 1155 177 1183 milti
191 1164 270 1194 egre
284 1154 399 1193 aliquot
417 1151 498 1192 dies]
521 1151 659 1187 Quidam
674 1158 774 1181 totum
791 1150 841 1180 in-

103 1196 295 1236 terrogative
319 1195 550 1237 pronunciant:
580 1204 705 1236 nempe,
722 1195 843 1225 Fuisset

103 1244 165 1270 tum
180 1242 246 1271 illos
260 1242 333 1270 mike·
347 1250 426 1280 oegre
438 1241 551 1279 aliquot
567 1240 630 1268 dies
640 1240 655 1268 ?
687 1238 843 1268 D.—N‹m

98 1285 214 1322 pontus
227 1282 335 1323 essem]
356 1282 419 1313 Sed
432 1282 458 1312 si
471 1281 639 1312 consilium
651 1280 728 1311 mihi
741 1280 840 1310 Phor-

102 1325 167 1356 mio
187 1337 251 1357 non
267 1326 416 1361 dedisset,
437 1325 477 1356 ad
499 1325 634 1355 fructum
658 1323 843 1365 cupiditatis

102 1378 181 1400 meae
201 1380 265 1400 non
288 1368 499 1410 pervenirem.
533 1368 612 1398 Haec
633 1367 765 1407 quaestio
781 1372 838 1403 est,

101 1422 172 1452 quae
187 1413 321 1444 solvitur
342 1411 496 1443 malorum
520 1410 766 1451 comparatione.
804 1409 840 1440 Si

101 1456 229 1496 quidem
261 1466 375 1496 magna
401 1454 566 1486 commoda
594 1453 765 1494 majoribus
788 1452 839 1483 in-

100 1499 276 1530 commodis
296 1506 401 1539 coepta
417 1520 550 1528 ......
575 1497 624 1535 (Si
646 1499 762 1537 quidem
782 1498 838 1526 mi-

100 1553 174 1573 nora
196 1544 375 1573 incommoda
395 1541 557 1581 majoribus
577 1542 764 1571 incommodis
779 1541 838 1569 col-

100 1587 165 1617 lata
190 1592 259 1617 sunt
272 1599 282 1617 .·
305 1597 397 1626 neque
422 1585 475 1623 Z.)
493 1583 570 1614 utile
585 1583 753 1614 consilium
769 1582 838 1620 fuit,

100 1629 135 1661 id
157 1629 286 1667 malum,
302 1629 386 1669 quod
412 1628 518 1658 minus
545 1627 730 1663 habebatur,
751 1636 838 1656 com·

100 1680 258 1704 mutatum
282 1679 331 1703 est
356 1674 432 1711 (esse
450 1670 503 1709 Z.)
525 1670 670 1711 graviore
695 1676 727 1700 et
749 1668 836 1700 dete-

99 1716 185 1747 riore
211 1716 313 1751 malm
348 1715 431 1756 quod
456 1713 550 1744 hodie
577 1713 737 1743 cotidiana
762 1722 839 1743 cura

100 1760 190 1800 angit
205 1759 356 1790 animum.
389 1758 550 1788 E.—Tum
565 1756 648 1797 illos]
669 1756 706 1787 V.
724 1756 759 1787 C.
777 1761 838 1787 tum

100 1805 186 1834 illud.
217 1803 253 1834 1..

144 1848 172 1877 8.
190 1848 235 1877 At
257 1857 314 1876 non
335 1846 510 1885 quotidiana
533 1855 606 1874 cura
627 1845 690 1873 haec
715 1847 839 1883 angeret

99 1889 247 1930 animum]
271 1889 378 1924 Quum
402 1887 555 1918 amatorie
579 1886 726 1927 loquatur
742 1885 837 1916 Anti-

100 1933 174 1974 pho,
191 1939 298 1964 errant
320 1931 375 1971 qui
397 1937 513 1973 putant
528 1940 600 1961 eum
617 1929 772 1971 poenitere
789 1927 839 1958 sui

100 1976 259 2008 desiderii.
296 1975 381 2005 Nam
405 1974 432 2005 si
455 1974 514 2004 hoc
537 1979 603 2004 est:
627 1983 686 2003 nec
707 1971 840 2002 maritus

99 2020 211 2051 firmus
226 2018 386 2050 videbitur
400 2018 480 2048 fore:
499 2016 555 2048 sed
571 2016 630 2047 hoc
642 2015 737 2046 dicit:
762 2013 838 2045 faci-

98 2062 161 2094 lius
176 2063 274 2094 fuisse
288 2061 449 2093 abstinere
464 2059 587 2100 virgine
601 2059 728 2095 intacta,
745 2068 839 2098 quam

99 2117 137 2138 ea
148 2117 220 2138 cum
234 2116 297 2146 qua
308 2106 375 2145 jam
389 2102 590 2135 consueverit
602 2114 610 2133 z
635 2109 668 2133 et
679 2102 752 2132 ideo
763 2101 838 2132 sub-

94 2150 212 2190 jungit,
229 2151 310 2180 Dum
325 2153 459 2188 exspecto
479 2157 566 2188 quam
582 2157 647 2177 mox
662 2147 770 2182 veniat,
787 2146 839 2185 qui

98 2195 175 2224 hanc
200 2195 273 2224 milti
297 2194 413 2223 adimat
442 2191 687 2221 consuetudinem.
719 2186 836 2228 Audio]

98 2238 200 2268 Audio
220 2246 278 2278 per
300 2235 455 2276 εἰρωνείαν
469 2233 586 2264 dicitur
607 2232 702 2263 modo
721 2242 740 2262 a
760 2240 837 2262 cou-

97 2286 261 2311 temnente
273 2279 394 2310 dictum
405 2275 610 2318 Antiphonis.
627 2274 743 2315 Audio]
759 2275 837 2305 Om-

98 2323 152 2354 nia
173 2322 299 2354 deridet
321 2320 476 2357 Phaedria,
493 2319 625 2361 cupiens
647 2318 785 2350 fructum
801 2327 835 2348 a-

97 2365 196 2397 moris
210 2365 260 2397 vel
275 2364 427 2408 periculis
441 2362 584 2404 adipisci.
616 2362 675 2393 Est
691 2371 766 2402 ergo
781 2372 837 2391 au-

98 2411 148 2440 dio
163 2408 307 2450 εἰρωνεία,
323 2418 382 2449 pro
397 2419 454 2438 non
468 2408 568 2444 audio,
588 2405 648 2436 hoc
673 2411 730 2442 est,
756 2403 838 2435 nihil

99 2452 189 2483 dicis.
219 2452 261 2483 D.

141 2496 170 2526 9.
187 2496 267 2526 Dum
281 2498 426 2534 exspecto,
442 2504 530 2534 quam
544 2503 609 2523 moa·
623 2490 740 2532 veniat]
758 2490 834 2521 Non

97 2539 223 2579 quando,
251 2537 307 2569 sed
329 2548 417 2578 quam
437 2539 519 2567 cito.-
544 2535 618 2576 quia
643 2534 743 2566 timet.
775 2535 835 2567 Qui

24 2576 34 2587 ⁸
96 2584 213 2612 adimat
225 2583 302 2612 hanc
312 2582 385 2611 mihi
393 2577 647 2619 consuetudinem]
668 2578 754 2608 Mire
770 2587 835 2608 non

96 2634 256 2656 amorem:
280 2630 429 2664 tanquam
441 2632 548 2653 amore
560 2631 668 2652 carere
683 2620 835 2662 potuerit,

95 2669 304 2699 consuetudine
320 2676 384 2697 non
399 2665 509 2707 possit.
542 2665 584 2696 Et
600 2671 674 2695 nota
690 2663 836 2705 proprie-

96 2718 205 2742 tatem.
228 2711 312 2741 Nam
324 2710 501 2740 consuetudo
509 2707 690 2750 specialiter
698 2706 738 2737 de
751 2706 838 2737 coitu

95 2754 221 2786 dicitur.
249 2753 415 2784 D.—-Dum
429 2756 565 2791 exqiecto
579 2761 665 2790 quam
676 2761 750 2786 mox,
761 2747 836 2789 eta]

95 2796 300 2839 Comparatio
310 2794 444 2827 efficitur
457 2804 514 2836 per
523 2792 654 2824 alterius
665 2792 739 2823 vitoe
748 2802 835 2822 com-

94 2841 302 2883 parationem.
326 2839 401 2880 Ipse
412 2838 497 2869 enim
513 2835 659 2868 Phaedria
668 2842 754 2866 amat
765 2845 832 2865 me-

92 2883 252 2920 retricem,
269 2893 330 2924 qua
345 2881 441 2923 potiri
458 2887 589 2922 propter
612 2878 752 2920 inopiam
768 2888 834 2909 non

91 2934 208 2969 potest.
236 2926 430 2966 E.—Longe
448 2922 637 2955 concinnius
651 2922 742 2953 codd.
758 2931 832 2952 nos-

92 2971 136 3003 tri
150 2970 216 3003 fere
231 2980 351 3008 omues,
366 2970 419 3011 qui
433 2970 510 3000 hanc
523 2968 597 2999 mike·
611 2967 727 3011 adimat
742 2976 767 2997 c.
792 2964 831 2998 B.

930 849 978 879 10.
996 849 1077 878 Aliis
1092 849 1163 888 quia
1178 849 1248 886 defit
1262 849 1340 888 quod
1353 847 1471 888 amant]
1495 847 1626 890 Magni-

882 890 1029 922 ficentius
1047 892 1118 923 aliis
1140 890 1233 926 dixit,
1253 901 1347 930 quam
1363 891 1389 922 si
1406 891 1526 923 diceret
1541 894 1624 923 mihi.

885 935 955 965 Tibi
969 936 1040 975 quia
1054 939 1198 973 superest,
1214 933 1309 974 dolet]
1335 934 1507 966 Laboravit
1522 941 1557 966 ut
1572 946 1624 966 os-

882 977 1030 1008 tenderet
1052 976 1124 1017 plus
1149 987 1217 1007 esse
1241 979 1330 1013 dolet,
1347 987 1441 1017 quam
1465 989 1546 1018 oegre
1569 983 1624 1009 est.

886 1020 930 1051 Et
946 1020 1018 1050 ideo
1033 1020 1182 1050 insanum
1197 1020 1242 1050 ait
1258 1020 1495 1061 Antiphonem:
1521 1021 1575 1061 qui
1590 1021 1626 1052 in

886 1074 923 1094 ea
938 1063 1064 1094 fortuna
1079 1063 1211 1104 positus,
1223 1073 1293 1103 quae
1305 1064 1438 1094 adversa
1454 1071 1486 1094 et
1497 1071 1625 1095 contra-

885 1106 933 1137 ria
949 1113 1006 1143 est,
1024 1106 1107 1136 idem
1124 1106 1264 1147 patiatur
1279 1106 1363 1147 quod
1379 1107 1484 1137 miser.
1517 1107 1561 1138 Et
1576 1113 1627 1138 est

886 1150 987 1191 figura
1004 1148 1174 1189 ὑπόζευσις.
1207 1150 1291 1180 Nam
1304 1150 1344 1181 ad
1360 1157 1530 1191 utrumque
1544 1161 1626 1192 oegre

884 1199 928 1224 est
944 1193 1089 1224 sufficere
1102 1192 1215 1234 potuit.
1240 1193 1329 1224 Scire
1341 1200 1448 1224 autem
1461 1194 1624 1231 debemus,

885 1243 918 1267 et
938 1235 1191 1277 pronunciative,
1209 1242 1241 1267 et
1263 1247 1321 1277 per
1340 1236 1625 1278 interrogationem

884 1280 944 1310 hoc
969 1280 1073 1321 ipsum
1098 1279 1304 1320 pronunciari
1328 1290 1430 1320 posse.
1468 1282 1537 1311 Tibi
1552 1282 1626 1321 quia

884 1321 1033 1363 superest]
1053 1323 1091 1353 Id
1106 1329 1163 1358 est,
1181 1333 1219 1353 eo
1235 1323 1318 1362 quod
1333 1322 1505 1360 desideras,
1522 1324 1624 1354 abun-

882 1366 948 1396 das.
983 1365 1071 1396 Ordo
1094 1373 1152 1403 est,
1169 1365 1242 1396 Tibi
1258 1365 1354 1403 dolet,
1371 1366 1446 1406 quia
1467 1373 1623 1408 superest.

929 1453 975 1482 11.
992 1454 1101 1483 Amore
1131 1453 1276 1489 abundas,
1302 1451 1453 1492 Antipho]
1485 1452 1538 1484 Sic
1564 1452 1626 1485 hoc

883 1495 1168 1537 pronunciandum,
1183 1495 1448 1535 quemadmodum
1458 1495 1539 1527 solet
1551 1506 1625 1527 cum

882 1539 1045 1569 stomacho
1060 1538 1122 1569 dici
1138 1537 1334 1579 vituperanti
1349 1538 1455 1569 cibum
1477 1550 1534 1570 non
1555 1550 1623 1571 esu-

881 1584 934 1619 ris,
950 1589 1005 1612 aut
1024 1583 1111 1622 pleno
1133 1587 1233 1612 ventre
1255 1592 1306 1612 es.-
1329 1581 1399 1612 vult
1413 1582 1499 1613 enim
1515 1589 1623 1614 osten-

882 1625 956 1656 dere
972 1625 1127 1656 satietatis
1142 1625 1202 1655 hoc
1219 1634 1298 1662 esse,
1316 1635 1380 1655 non
1404 1625 1623 1658 ratiocinatio-

882 1668 942 1706 nis,
958 1668 1041 1709 quod
1064 1678 1149 1699 nunc
1171 1667 1315 1708 queritur
1330 1667 1484 1710 Antipho.
1515 1671 1625 1701 Amore

881 1714 1024 1749 abundas,
1049 1710 1199 1751 Antipho]
1223 1713 1388 1742 Abundare
1411 1711 1539 1749 dicitur,
1570 1712 1623 1753 qui

881 1765 1029 1786 successu
1051 1764 1204 1796 prospero
1226 1754 1336 1785 affluit.
1376 1754 1519 1786 Lucilius
1541 1755 1624 1787 libro

882 1798 987 1835 tertio,
1003 1800 1060 1829 Ille
1081 1799 1161 1828 alter
1181 1799 1338 1828 abundans
1362 1798 1435 1828 Cum
1456 1804 1567 1838 septem
1590 1801 1623 1830 in

882 1842 975 1872 locum
999 1842 1153 1880 Hispanus
1179 1852 1195 1871 r
1216 1852 1236 1871 a
1257 1852 1274 1871 r
1292 1852 1315 1880 p
1341 1842 1360 1862 ⁸
1389 1841 1519 1880 (Douza
1543 1842 1623 1883 legit

882 1884 937 1920 sic,
957 1886 1030 1915 Cum
1052 1890 1162 1924 septem
1185 1885 1339 1914 incolumis
1357 1886 1461 1923 pinnis
1480 1887 1571 1922 redit,
1586 1897 1624 1917 ac

882 1930 989 1967 recipit
1004 1925 1062 1968 se).
1097 1928 1202 1958 Amore
1218 1928 1363 1963 abundas,
1381 1927 1529 1969 Antipho]
1549 1928 1623 1960 Hoc

882 1981 955 2001 cum
985 1969 1251 2012 pronunciatione
1278 1969 1384 2000 infert.
1426 1970 1623 2004 D.-Amorc

882 2013 1033 2054 abundas]
1052 2014 1124 2044 Hoc
1141 2019 1198 2050 est,
1215 2012 1274 2044 tibi
1289 2012 1374 2053 quod
1388 2012 1550 2046 desideras
1565 2015 1622 2047 ab·

882 2059 982 2088 undat
997 2064 1030 2087 et
1044 2064 1160 2098 praesto
1176 2063 1234 2093 est,
1250 2066 1354 2096 neque
1371 2066 1453 2096 eges.
1486 2057 1524 2088 E.

928 2101 975 2131 12.
991 2101 1071 2131 Nam
1085 2105 1137 2130 tua
1147 2101 1266 2140 quidem
1280 2101 1378 2130 hercle
1389 2104 1469 2130 certo
1481 2103 1546 2132 vita
1559 2103 1623 2134 hoec

882 2142 1060 2183 expetenda]
1079 2143 1167 2174 Bene
1182 2147 1263 2174 certo
1276 2153 1285 2171 .·
1308 2141 1383 2183 quia
1402 2152 1500 2185 supra
1515 2145 1624 2177 omnia

880 2197 954 2218 cum
981 2186 1115 2227 εἰρωνείᾳ
1140 2185 1231 2216 dixit.
1261 2187 1332 2216 Vita
1354 2187 1417 2216 haec
1439 2187 1622 2230 expetenda]

886 2232 957 2261 Vita
972 2229 1063 2267 dixit,
1080 2236 1115 2260 ut
1130 2229 1321 2266 ostenderet,
1332 2228 1455 2260 etiamsi
1474 2240 1538 2262 non
1549 2230 1622 2262 feli-

881 2273 970 2310 citas,
998 2272 1052 2303 sed
1084 2272 1151 2303 vita
1180 2272 1313 2309 dicatur,
1341 2272 1515 2313 optandam
1541 2284 1621 2306 esse.

886 2318 957 2347 Vita
981 2322 1088 2347 autem
1114 2322 1148 2346 et
1172 2325 1277 2346 mores
1300 2314 1469 2356 significat,
1497 2322 1530 2348 et
1551 2317 1622 2349 ani.

880 2369 974 2396 maru,
993 2365 1026 2390 et
1046 2358 1243 2395 alimentum,
1267 2364 1300 2389 et
1321 2357 1459 2400 spatium
1483 2359 1623 2399 vivendi,

882 2409 916 2434 et
938 2402 1097 2434 fortunam
1125 2401 1322 2433 accidentem
1351 2401 1552 2435 viventibus:
1586 2410 1625 2436 ut

881 2446 985 2477 modo.
1041 2447 1218 2485 Espetenda
1246 2443 1451 2485 optandaque]
1489 2446 1623 2489 Proprie

877 2489 959 2520 dixit
984 2490 1149 2529 expetenda
1171 2490 1378 2528 optandaque:
1405 2487 1514 2520 omnia
1535 2490 1624 2523 enim

877 2543 948 2573 quae
962 2542 1115 2568 amamus,
1131 2539 1187 2562 aut
1202 2530 1368 2568 industria,
1386 2537 1442 2562 aut
1456 2539 1532 2564 voto
1546 2543 1623 2575 pro-

878 2575 1032 2607 veniunt:
1057 2575 1116 2606 hoc
1139 2580 1197 2611 est,
1213 2581 1270 2605 aut
1290 2573 1324 2605 in
1347 2573 1439 2605 nobis
1461 2582 1546 2614 sunt,
1566 2582 1624 2609 aut

877 2618 911 2650 in
935 2618 1062 2650 fortuna
1084 2617 1197 2659 posita.
1243 2617 1395 2648 D.-·Pro
1416 2623 1496 2650 ceree
1517 2618 1624 2661 placet

879 2661 1048 2693 meliorum
1062 2660 1152 2692 codd.
1169 2665 1259 2691 certo.
1292 2660 1329 2691 B.

925 2706 974 2736 13.
991 2706 1043 2735 Ita
1054 2715 1099 2735 me
1114 2705 1159 2735 Di
1175 2705 1245 2735 bene
1259 2708 1369 2740 ament,
1379 2708 1414 2734 ut
1424 2705 1498 2735 mihi
1512 2704 1621 2748 liceat]

881 2747 1072 2779 Necessario
1082 2748 1190 2787 jurat:
1214 2746 1290 2787 quia
1304 2745 1389 2787 quod
1404 2746 1547 2780 dicturus
1561 2756 1622 2788 est,

880 2790 956 2822 solis
971 2790 1166 2821 amatoribus
1188 2789 1315 2821 videtur
1331 2799 1402 2821 esse
1416 2790 1622 2824 credendum.

876 2835 929 2865 Ita
950 2845 995 2865 me
1016 2835 1061 2864 Di
1084 2834 1155 2864 bene
1172 2837 1281 2871 ament,
1297 2837 1331 2864 ut
1351 2835 1426 2864 mihi
1446 2835 1536 2866 liceat
1557 2840 1620 2868 tam

876 2878 930 2908 diu
944 2878 1023 2918 quod
1035 2887 1110 2913 amo,
1123 2874 1213 2917 frui]
1237 2876 1448 2918 Opportunus
1467 2876 1566 2917 loeus,
1581 2878 1618 2911 in

876 2930 939 2961 quo
961 2919 1149 2952 ostendatur
1176 2929 1271 2960 quam
1300 2929 1417 2963 magno
1441 2929 1549 2953 amore
1574 2922 1621 2954 sit

875 2973 1041 3006 possessus
1070 2962 1226 3002 Phaedria,
1254 2961 1306 2995 cui
1335 2972 1395 3006 par
1419 2962 1619 3007 impenditur
