1852 3216
643 125 725 165 DE
753 122 1095 164 TERENTIO.
1520 125 1632 164 xxvii

114 221 203 252 stat.
259 211 380 255 Quod
395 210 627 262 intelligunt,
646 211 714 263 qui
732 211 889 263 genium
906 209 1060 249 ridiculi
1076 209 1295 261 intelligunt
1311 217 1428 260 atque
1446 209 1629 249 indolem.

105 262 237 318 'Cujus
265 274 433 316 segetem
460 265 715 316 largissimam
735 265 796 303 vel
824 279 923 304 unus
946 263 1228 315 Aristophanes
1256 263 1489 314 suppeditat.
1546 263 1629 307 Qui

112 333 188 359 non
206 319 321 357 modo
340 318 533 363 Plautum,
553 319 622 357 sed
640 332 888 370 quoscunque
907 318 1007 356 hac
997 331 1036 356 m
1062 328 1171 369 parte
1190 317 1398 369 superavit,
1417 330 1630 368 omnesque

112 379 173 413 τοῦ
198 377 335 424 γελοίου
354 373 489 411 modos
509 386 553 410 ac
581 372 725 424 figuras
751 372 986 424 lepidissime
1013 371 1217 423 expressit.
1274 370 1452 421 Denique
1480 379 1522 408 ut
1541 384 1629 409 ace-

112 436 207 472 tum,
227 427 298 465 nisi
317 427 448 465 vinum
465 427 515 463 sit
526 435 771 478 corruptum,
799 428 942 464 bonum
960 439 1155 476 nunquam
1173 425 1270 470 erit3
1301 425 1353 463 ita
1373 438 1461 475 quae
1481 424 1630 463 sincera

113 490 201 519 sunt
219 490 257 519 et
277 494 379 525 vera,
399 481 518 518 risum
537 493 729 531 nunquam
749 481 989 519 excitabunt.
1036 479 1224 530 Apposite
1244 478 1541 523 Quinctilianus,
1560 479 1629 517 ubi

112 535 162 573 de
182 534 381 573 Ridiculo:
412 534 449 571 E
454 541 467 571 t
488 533 631 572 hercule
641 534 755 572 omnis
773 534 870 572 salse
883 532 1028 571 dicendi
1042 534 1139 571 ratio
1150 533 1189 570 in
1205 546 1246 571 eo
1257 538 1324 578 est,
1340 538 1380 570 ut
1394 531 1505 570 aliter
1518 545 1628 584 quam

111 595 167 627 est
185 595 322 627 rectum
339 602 533 639 verumque
549 587 707 626 dicatur.
754 588 887 631 Quare
906 596 946 625 et
965 587 1201 638 compositus
1218 586 1268 624 ad
1286 586 1405 624 risum
1425 599 1563 631 sermo,
1578 587 1628 624 ab

111 643 284 681 oratione
302 651 419 686 recta,
440 656 555 692 quam
573 645 749 690 πολιτικὴν
765 642 939 693 magistri
960 649 1110 686 vocant,
1131 654 1246 692 quam
1272 640 1496 692 longissime
1514 641 1628 678 abeat

112 709 269 734 necesse
292 705 364 740 est,
383 695 494 746 cujus
522 696 691 747 propriae
719 696 894 740 virtutes,
922 698 943 743 ἡ
970 697 1151 745 σαφήνεια,
1178 697 1199 742 ἡ
1226 698 1394 739 ἐπιείκεια,
1425 696 1445 741 ἡ
1473 696 1625 741 ἀλήθεια,

106 750 369 802 perspicuitas,
404 750 576 801 aequitas,
607 749 840 802 simplicitas,
874 749 1023 794 veritas,
1058 758 1264 800 ponuntur.
1320 748 1411 791 Qua
1442 748 1482 786 in
1518 756 1628 799 parte

113 818 231 855 supra
266 804 556 842 admirationem
597 805 767 842 omnium
810 803 1026 841 Menander
1061 802 1165 854 apud
1201 802 1375 848 Graecos,
1421 801 1628 840 Terentius

113 857 296 896 Romanis
330 858 446 895 fuerit
482 871 639 895 necesse
671 867 753 895 est:
799 858 866 908 qui
903 866 946 895 ut
982 857 1074 895 viris
1111 857 1348 908 sapientibus
1382 870 1427 894 38
1464 855 1628 894 eruditis

112 911 350 962 voluptatem
378 911 507 962 potius
537 910 729 957 afferrent,
758 925 875 962 quam
905 924 1132 961 quacunque
1165 911 1312 948 ratione
1346 910 1467 948 risum
1495 918 1626 948 extor-

113 974 287 1016 querent,
307 964 451 1016 duplici
473 965 716 1016 jucunditate
735 965 940 1003 utilitatem
959 964 1190 1014 (imitatione
1209 965 1300 1002 vitae
1319 964 1465 1002 scilicet
1490 964 1627 1002 huma-

112 1033 186 1064 nae,
214 1029 254 1057 et
279 1019 496 1057 inimitabili
524 1018 674 1070 lepore)
701 1019 940 1057 condierunt.
996 1018 1110 1056 Metu
1133 1018 1234 1056 enim
1264 1017 1528 1056 Macedonicae
1556 1031 1628 1068 po-

114 1074 259 1118 tentiae,
286 1073 441 1111 licentia
459 1074 639 1123 antiquae‚
670 1083 710 1110 ut
739 1074 949 1111 observant
976 1072 1111 1117 critici,
1140 1071 1295 1110 defecit.
1352 1071 1473 1122 Cujus
1501 1071 1630 1109 locum

114 1128 318 1178 occupavit
337 1140 451 1165 nova.
508 1127 630 1178 Cujus
645 1135 683 1164 et
701 1127 863 1165 formam
882 1126 1052 1164 nondum
1071 1126 1225 1176 penitus
1240 1126 1381 1163 vidisse
1399 1125 1627 1168 absolutam,

113 1181 183 1219 sed
209 1181 292 1232 jam
319 1181 541 1232 concepisse
568 1181 709 1226 animo,
737 1189 895 1231 putatur
928 1179 1171 1218 Aristoteles.
1226 1179 1323 1230 Ejus
1352 1193 1444 1217 vero
1472 1180 1628 1218 unicum

113 1236 368 1286 propositum,
388 1235 575 1273 humanos
595 1248 706 1272 nosse
726 1245 841 1285 atque
864 1234 1004 1272 imitari
1021 1247 1164 1271 mores·
1220 1233 1312 1276 Quo
1332 1242 1371 1271 et
1390 1233 1440 1271 D.
1462 1233 1627 1271 Hieron.

114 1289 278 1340 epistola
302 1289 352 1327 ad
379 1289 548 1334 Furiam,
568 1288 617 1326 de
635 1289 821 1327 viduitate
849 1287 1037 1326 servanda
1062 1288 1229 1338 respicit,
1250 1301 1338 1326 cum
1365 1288 1515 1338 inquit:
1544 1286 1630 1325 Nec

113 1343 255 1389 mirum,
284 1342 349 1380 hoc
365 1342 531 1394 figulum
556 1342 712 1380 sensisse
738 1341 783 1380 de
809 1342 968 1388 vasculo,
988 1341 1084 1393 quod
1109 1342 1189 1393 ipse
1205 1341 1426 1392 fabricatus
1453 1347 1518 1385 est,
1548 1355 1629 1379 cum

114 1396 225 1434 etiam
257 1397 428 1441 comicus,
458 1398 562 1448 cujus
579 1396 674 1447 finis
699 1403 754 1434 est
787 1396 961 1434 humanos
990 1409 1107 1434 mores
1139 1408 1244 1433 nosse
1271 1402 1383 1447 atque
1413 1394 1629 1441 describere,

115 1450 276 1488 dixerit:
307 1464 395 1488 snm
410 1463 564 1488 esseni:
585 1464 634 1488 ET
653 1463 796 1488 nunno
815 1463 958 1488 remu-r
971 1463 1110 1488 venus.
1159 1448 1298 1487 Omnis
1310 1458 1438 1487 autem
1454 1449 1630 1510 imitatio,

115 1513 159 1542 ut
177 1514 312 1555 postea
330 1504 501 1543 dicemus
519 1504 707 1555 pluribus,
726 1513 863 1542 natura
881 1503 1009 1555 placet
1028 1513 1067 1542 et
1086 1503 1265 1541 delectat.
1310 1503 1399 1541 Hoc
1417 1504 1518 1541 enim
1538 1516 1630 1554 pro-

115 1558 242 1609 prium
270 1567 330 1596 est
357 1559 534 1602 hominis,
555 1567 597 1596 ut
615 1567 720 1596 recte
740 1557 981 1603 Aristoteles,
1002 1557 1068 1608 qui
1086 1566 1126 1595 et
1152 1561 1416 1606 μιμητικώτατος
1441 1563 1508 1595 τῶν
1526 1561 1628 1603 ζώων,

114 1612 253 1650 merito
270 1614 320 1650 ab
338 1625 385 1650 eo
412 1612 567 1650 dicitur.
622 1612 708 1650 Joci
737 1626 842 1657 vero,
862 1612 894 1650 si
921 1621 1103 1662 petantur
1122 1611 1305 1662 undique,
1326 1611 1477 1649 molesti
1496 1625 1541 1649 ac
1560 1611 1629 1648 fri-

116 1665 209 1716 gidi,
229 1674 297 1704 aut
323 1665 528 1704 theatrales
556 1665 663 1712 fiunt,
684 1666 716 1704 si
736 1679 759 1704 a
777 1666 857 1704 vita
884 1665 961 1703 sint
988 1665 1126 1703 alieni:
1156 1665 1222 1715 qui
1242 1675 1286 1703 ut
1311 1665 1416 1716 plebi
1445 1665 1557 1711 forte,
1575 1665 1631 1703 ita

115 1719 241 1758 doctis
267 1720 420 1771 placere
446 1733 491 1758 ac
519 1720 755 1771 sapientibus
782 1734 858 1758 non
884 1728 1059 1770 possunt.
1116 1717 1338 1757 Constantis
1365 1719 1465 1756 enim
1494 1718 1630 1757 viriae

116 1773 300 1824 sapientis
317 1774 478 1818 animus,
504 1773 628 1811 laxari
647 1773 742 1819 vult,
761 1787 838 1812 non
858 1773 969 1811 solvi.
1025 1773 1136 1811 Illam
1155 1782 1284 1811 autem
1303 1773 1632 1819 constitutionem,

117 1830 170 1864 καὶ
187 1830 259 1875 τὴν,
278 1836 323 1865 ut
341 1841 428 1865 cum
448 1827 586 1865 Stoicis
604 1827 666 1865 hic
692 1827 841 1878 loquar,
861 1830 897 1865 ἐν
913 1832 1023 1879 ravi-cf·
1041 1832 1102 1866 τοῦ
1120 1830 1223 1875 ἤθους
1242 1830 1358 1875 μονὴν,
1378 1827 1478 1864 risus
1497 1826 1628 1865 solvit.

117 1879 248 1923 Quem
275 1881 460 1932 praeclare
486 1885 545 1928 τῆς
570 1884 785 1931 περιχαρείας
809 1883 1035 1931 ὑπερέκχυσιν
1060 1885 1119 1928 τῆς
1142 1883 1293 1930 ψυχικῆς
1310 1880 1456 1931 antiqui
1476 1888 1630 1919 vocant.

115 1934 288 1985 Ideoque
307 1945 346 1973 et
373 1935 568 1980 Socratici,
589 1949 754 1985 quorum
781 1934 868 1973 libri
896 1934 1120 1985 penuarium
1147 1934 1323 1985 leporum
1347 1934 1518 1972 omnium
1545 1935 1632 1973 fue-

115 1998 219 2034 runt,
239 2002 284 2027 ac
302 1989 539 2033 facetiarum,
559 1988 664 2039 quod
683 2002 704 2026 e
723 1988 980 2039 Xenophonte
995 1997 1033 2026 et
1050 1988 1212 2026 Platone
1230 1988 1346 2026 etiam
1364 1988 1438 2026 hoc
1458 1997 1632 2039 tempore

115 2051 287 2093 apparet,
306 2046 586 2093 χαριεντίζεσθαι,
606 2056 683 2080 non
700 2047 952 2093 γελωτοποιεῖν,
972 2042 1110 2080 solent.
1158 2041 1217 2080 Ac
1234 2055 1283 2080 ne
1302 2042 1376 2093 ipsi
1394 2042 1549 2092 quidem
1570 2042 1631 2080 Si-

114 2096 204 2142 culi,
234 2097 283 2134 ad
310 2097 558 2134 festivitatem
590 2097 682 2141 nati,
712 2106 751 2134 et
779 2097 845 2147 qui
875 2097 988 2147 primi
1015 2096 1185 2134 omnium
1214 2095 1416 2134 comoediae
1446 2104 1630 2147 putantur

115 2149 346 2196 inventores,
366 2150 483 2188 alium
508 2150 609 2188 illius
638 2150 765 2195 finem,
784 2164 899 2201 quam
918 2154 958 2188 τὸ
975 2152 1157 2200 χρήσιμον,
1178 2149 1218 2187 id
1237 2159 1308 2195 est,
1327 2149 1532 2188 utilitatem
1559 2164 1630 2202 po-

116 2213 288 2243 suerunt.
344 2204 406 2242 De
427 2204 659 2255 Epicharmo
679 2204 909 2242 Theocritus
927 2219 936 2241 :

380 2283 502 2318 Πολλὰ
518 2283 585 2330 γὰρ
602 2284 730 2318 ποττὰν
749 2284 834 2327 ζωὰν
851 2285 922 2319 τοῖς
939 2283 1060 2318 παισὶν
1077 2279 1149 2318 εἶπε
1166 2281 1331 2329 χρήσιμα,

486 2338 630 2385 Μεγάλα
646 2338 745 2385 χάρις
762 2337 864 2386 αὐτῷ.

117 2423 165 2463 Id
193 2425 283 2476 quia
308 2439 419 2464 secus
446 2426 486 2464 in
504 2425 695 2465 comoedia
722 2426 891 2476 antiqua,
920 2425 1050 2463 statim
1078 2424 1244 2471 defecit3
1274 2425 1313 2463 in
1341 2439 1417 2475 qua
1443 2427 1581 2471 omnia,
1607 2441 1631 2465 a

117 2478 279 2517 veritate
297 2489 337 2517 et
355 2480 631 2518 consuetudine
650 2479 787 2525 aliena,
807 2480 880 2518 hoc
904 2489 975 2524 est,
994 2492 1085 2517 vere
1111 2483 1242 2529 γελοῖα,
1262 2488 1302 2516 et
1319 2479 1374 2517 ad·
1386 2479 1505 2518 risum
1523 2490 1632 2519 erant

119 2542 351 2583 comparata.
406 2534 508 2577 Quis
527 2547 604 2571 non
620 2534 733 2577 ridet,
754 2547 842 2571 cum
861 2533 1083 2584 exemplum
1102 2533 1206 2577 vitae,
1235 2542 1344 2584 pater
1362 2533 1532 2572 omnium
1552 2536 1631 2573 vir-

120 2593 257 2630 tutum,
284 2587 367 2638 ipsa
393 2587 622 2633 innocentia,
651 2588 837 2638 probitas,
867 2601 912 2625 ac
939 2587 1074 2631 virtus,
1104 2586 1282 2624 Socrates
1308 2587 1485 2626 ridetur?
1530 2587 1630 2627 Cum

120 2637 159 2676 in
185 2640 301 2678 corbe
327 2641 573 2679 festivissime
599 2641 919 2693 philosophatur?
948 2655 1062 2685 cum,
1092 2649 1187 2691 quot
1213 2640 1332 2691 pedes
1359 2641 1478 2691 pulex
1505 2642 1629 2688 saliat,-

118 2692 310 2731 subtiliter
337 2707 382 2732 ac
408 2695 638 2745 geometrice
665 2695 851 2733 metitur?
898 2694 1088 2745 Pleraque
1115 2695 1216 2732 enim
1244 2694 1340 2732 falsa
1357 2695 1405 2733 de
1431 2697 1630 2735 sententiis

119 2746 438 2798 opinionibusque
457 2758 631 2787 veterum
655 2749 985 2810 philosophorum,
1005 2757 1045 2786 et
1063 2747 1112 2786 ad
1131 2748 1250 2786 risum
1270 2748 1371 2787 facta
1386 2757 1453 2787 aut
1471 2751 1629 2801 excogi-

121 2807 200 2837 tata
217 2810 316 2844 sunt,
336 2814 424 2851 quae
442 2803 638 2857 praecipue
656 2804 756 2841 hunc
770 2804 939 2841 excitare
958 2801 1096 2840 solent.
1142 2801 1237 2840 Ideo
1254 2815 1324 2841 nec
1336 2816 1469 2841 omnes
1489 2804 1628 2850 Plauti,

121 2860 266 2892 tantam
284 2855 481 2893 materiam
500 2856 660 2902 ridendi,
681 2866 864 2918 quantam
892 2856 1118 2906 unaquaevis
1136 2869 1187 2893 ex
1207 2856 1512 2907 Aristophanicis
1536 2872 1628 2909 sup-

120 2906 281 2956 peditat.
336 2907 461 2947 Alteri
478 2909 579 2948 enim
597 2911 736 2956 omnia,
756 2911 866 2949 alteri
894 2923 1017 2962 pauca
1043 2923 1114 2960 per
1139 2909 1246 2961 leges
1264 2910 1444 2949 licebant.
1500 2910 1631 2950 Caete-

121 2972 220 3007 rum,
239 2969 286 3009 ut
312 2962 429 3001 modo
455 2962 705 3011 dicebamus,
715 2964 901 3016 quicquid
923 2963 1090 3003 maxime
1113 2965 1163 3002 ab
1186 2964 1324 3015 agendi
1352 2965 1630 3004 consuetudine
