1910 3216
409 90 593 127 INDEX
625 89 950 126 VERBORUM
981 90 1052 126 ET
1082 90 1406 129 PHRASIUM.

670 169 795 211 habito]
810 170 851 201 ln
867 170 927 201 hac
942 172 1097 203 habitam
1110 171 1181 213 pla·
1197 172 1201 190 ¹
1218 170 1303 203 Enn-
1320 181 1351 203 v.
1369 172 1399 209 7,
1415 173 1447 203 3.

628 210 859 244 εεϊᾶὶεῐιιῑιιά
869 213 1072 254 Chrysidem.
1094 213 1182 245 And.
1259 213 1433 255 heredem]
1460 215 1673 246 Hereditates-
1699 225 1774 256 per·

38 173 87 203 11.
127 171 195 204 Hic
212 181 274 215 pro
293 171 351 203 illo
371 181 508 203 munere
528 170 589 202 tibi

35 215 139 246 honos
147 221 196 246 est
209 216 342 246 habitus.
359 215 445 246 Eun.
455 225 486 247 v.
496 215 591 250 &22

35 257 183 288 Gratiam
192 259 287 288 habeo
295 267 491 288 maxumam.
505 256 590 287 Eun.
628 255 671 286 iv.
695 256 726 293 5,
751 256 779 286 1.
823 255 894 287 Rus
914 257 1083 287 habitat«-
1107 256 1182 288 abii.

1729 98 1775 132 ⁴7

1216 255 1318 298 sequi.
1342 256 1430 288 And.
1446 256 1490 288 iv.
1507 258 1539 294 5,
1555 258 1606 288 20.
1618 257 1693 289 vide
1706 258 1776 289 No-

36 309 66 330 v.
84 301 114 335 8,
137 300 189 330 61.
222 297 331 331 Habet
354 300 511 334 bonorum
534 308 592 330 ex·
631 297 712 329 Hec.
728 297 763 328 ii.
778 298 872 335 1,27.
911 298 966 330 Ex
981 299 1184 331 urbemms
1217 306 1276 331 m
1300 299 1429 331 Adhuc
1447 309 1487 331 ea
1507 299 1611 337 rediit,
1627 299 1700 341 lege
1721 302 1775 332 he-

37 342 190 383 emplum.
211 342 332 373 Heaut.
346 341 431 374 Prol.
445 343 497 373 20.
536 340 591 372 Pi·
627 342 799 371 habitatum
813 341 855 371 m·

38 384 119 416 lium
149 384 283 416 unicum
315 383 594 416 adulescentulum
632 384 680 414 13.
719 382 766 414 Ut
783 383 871 414 filius
892 394 966 414 cum
988 383 1046 414 ina
1066 386 1184 416 habim

39 428 141 458 habeo.
171 427 235 464 Ah,
259 427 338 468 quid
359 426 452 459 dixit
485 428 596 469 hebere
629 426 717 467 apud
732 433 775 457 te.
799 426 929 457 Phorm.
948 436 977 457 v.
995 426 1025 463 7,
1042 427 1094 457 41.

40 471 115 500 met
143 469 248 501 Immo
262 472 365 501 habai.
390 469 511 501 licant.
528 468 550 499 i.
567 469 595 504 1,

40 513 93 543 42.
130 512 192 544 cni
209 512 295 553 quod
450 521 533 548 eam,
549 511 595 542 nil
629 511 796 552 corporis?
822 512 906 542 Eun.
923 511 957 542 ii.
974 513 1004 548 2,
1023 513 1072 543 11.

40 556 144 586 habeo.
169 555 290 586 Heaut.
313 555 347 586 ii.
367 556 395 593 1,
414 555 464 586 12.
502 553 595 585 Ami·
672 553 1043 595 haereo]1psa·st,haereo.
1061 554 1184 585 Eun.v.

40 607 112 628 cam
124 604 162 628 ut
172 599 285 628 habeas
295 607 399 639 prope
406 598 476 638 jam
488 596 523 628 in
534 606 596 627 ux-
631 598 661 633 2,
699 597 729 628 9.
790 596 919 638 Lingua
954 599 1050 628 heret
1085 603 1184 628 metu.

42 639 202 671 orinloco.
229 640 349 671 Heaut.
366 640 388 671 i.
408 641 436 677 1,
453 641 504 670 52.
530 638 596 670 Mi-
632 638 717 670 Eun.
737 650 765 669 v.
790 640 821 676 5,
845 641 874 672 7.
922 639 970 670 Ut
995 641 1124 670 Μνασι-
1150 639 1186 670 in

43 682 78 713 hi
93 682 188 723 quale
203 682 371 724 ingenium
386 685 521 719 haberer,
537 681 599 712 fuit
630 688 724 723 parte
734 681 842 722 aliqua
851 681 981 713 tandem
990 682 1077 723 apud
1086 682 1185 713 Thai-

42 724 164 756 indicio
182 725 295 756 oratio.
320 726 441 756 Heam.
457 725 491 756 ii.
515 726 547 761 4,
567 726 598 755 4.
632 723 716 755 dem.
756 725 840 755 Eun.
872 735 902 755 v.
935 726 965 761 8,
994 726 1045 755 25.
1099 725 1186 760 Quin

44 767 124 798 Sine
138 777 258 808 magno
271 767 512 799 intertrimento
534 777 599 798 non
633 777 763 808 pugnus
786 767 942 798 continuo
964 767 999 798 in
1020 767 1104 798 mala
1123 769 1186 798 1·ae-

43 816 152 851 poteet
165 812 280 842 haberi.
305 811 426 842 Heaut.
444 810 491 840 iii.
508 811 535 846 1,
548 810 599 841 39.
633 815 710 840 reat.
735 809 875 851 Adelph.
891 810 925 840 ii.
945 811 973 846 1,
992 810 1041 843 17.
1082 809 1188 840 Metui

43 853 275 884 Authaeccum
288 852 353 884 illis
365 859 442 884 sunt
452 854 601 888 habenda,
634 862 676 882 ne
690 854 821 883 hereret
834 852 895 883 hic.
924 852 1064 893 Adelph.
1088 852 1134 883 iii.
1159 853 1188 889 3,

44 902 102 926 aut
115 895 172 926 illa
186 906 260 926 cum
275 895 327 926 his
342 895 500 926 mittenda
514 901 600 926 sunt.
634 895 686 925 49.
729 894 769 925 Iu
793 900 826 924 te
849 894 956 925 omnis
979 897 1075 925 haret
1094 894 1190 935 culpa

47 937 168 968 Heaut.
194 937 228 968 ii.
257 939 287 975 3,
315 939 366 968 84.
415 938 467 968 Ita
490 944 528 968 ut
550 947 602 968 res
634 936 712 967 sola.
738 937 821 967 Hec.
843 936 878 967 ii.
905 938 932 973 l,
955 938 1006 967 32.
1050 937 1123 967 Nisi
1145 937 1190 967 mi

45 990 117 1011 sese
141 982 241 1011 habet.
274 980 395 1011 Heaut.
419 980 462 1011 iv.
491 981 522 1017 3,
549 981 600 1010 24.
635 978 809 1020 prospicio,
821 981 928 1010 haereo.
943 979 1039 1010 Phor.
1050 990 1079 1009 v.
1094 980 1125 1016 7,
1138 979 1189 1011 70.

46 1022 209 1053 Suaviain
218 1023 473 1064 presentiaque
482 1028 601 1058 essent,
677 1020 801 1061 hetilo]
817 1021 856 1052 ln
872 1022 986 1052 eodem
1001 1023 1125 1052 Iuaesieas
1140 1021 1189 1052 lu-

45 1065 155 1106 prima
171 1067 291 1096 habere.
317 1065 438 1096 fleant.
455 1075 484 1096 v.
503 1066 533 1101 2,
552 1065 601 1095 10.
636 1070 679 1094 to.
703 1063 833 1094 Phorm.
850 1074 879 1094 v.
897 1065 928 1100 2,
947 1065 996 1094 15.

51 1107 128 1139 Non
145 1118 277 1139 necesse
298 1110 392 1139 habeo
415 1107 525 1138 omnia
544 1117 603 1148 pro
679 1105 829 1146 harioIor]
846 1106 949 1137 Modo
970 1105 998 1137 si
1021 1112 1191 1147 argentum

46 1160 121 1181 meo
130 1151 206 1191 jure
227 1160 333 1192 agere.
361 1149 503 1192 Adelph.
523 1149 546 1180 i.
574 1150 602 1186 1,
635 1148 760 1185 reddat,
790 1148 849 1180 sed
870 1158 932 1189 ego
958 1149 1020 1180 hoc
1049 1151 1191 1179 hoeiolor.

48 1193 100 1224 26.
142 1193 280 1235 Semper
300 1203 398 1234 parce
420 1203 458 1224 ac
479 1192 605 1223 duriter
638 1191 778 1232 Adelph.
800 1191 835 1222 ii.
860 1192 888 1228 1,
914 1192 967 1222 48.
1013 1191 1089 1222 Non
1111 1191 1193 1222 mihi

47 1245 83 1266 se
109 1237 229 1267 habere.
267 1235 407 1277 Adelph.
435 1235 457 1266 i.
494 1236 520 1272 1,
551 1236 602 1266 20.
636 1233 765 1264 credis?
791 1234 833 1265 D.
857 1235 1032 1265 Hariolare.
1061 1234 1191 1264 Phorm.

49 1277 112 1309 Ille
127 1278 255 1309 utitem
270 1284 393 1314 contra,
409 1288 462 1309 me
483 1279 604 1313 habeat,
638 1276 685 1307 iii.
702 1277 732 1313 2,
750 1277 780 1309 7.

46 1320 131 1351 facio
146 1320 268 1351 sedulo.
292 1320 432 1362 Adelph.
451 1320 474 1351 i.
501 1321 529 1355 l,
552 1321 604 1350 25.
681 1317 833 1359 hariolus]
848 1317 1023 1349 lmen-dixit
1037 1320 1193 1349 har-iolas.-

47 1362 146 1398 Quod
169 1363 369 1394 fortunatum
396 1362 452 1394 isti
478 1368 605 1404 putant,
639 1371 780 1402 aruspex
790 1361 902 1392 vetuit.
927 1361 1023 1392 Phor.
1040 1360 1084 1391 iv.
1099 1362 1130 1397 4,
1141 1360 1192 1392 27.

49 1415 185 1484 {¹513
198 1405 606 1489 fflffifflz‘mffssssss
644 1403 770 1477 nxz}
788 1405 889 1482 503?
904 1409 954 1476 12¹³?
977 1403 1194 1477 ²¹H²8220¹¹⁸v33

54 1490 192 1532 Adelph.
215 1490 237 1521 i.
260 1492 288 1528 1,
304 1492 355 1521 23.
395 1490 553 1521 studione
574 1489 608 1520 id
645 1489 727 1520 Hec.
743 1489 777 1519 ii.
796 1490 826 1525 2,
843 1489 872 1519 8.
912 1490 1005 1524 Heia,
1021 1498 1063 1518 ne
1080 1498 1195 1529 parum

51 1533 114 1564 sibi
132 1535 232 1564 habet.
263 1533 401 1574 Adelph.
427 1532 474 1563 iii.
502 1534 532 1569 3,
556 1534 607 1563 28.
642 1531 717 1562 leno
746 1531 819 1562 sies.
856 1531 985 1561 Phorm.
1010 1530 1056 1560 iii.
1084 1532 1114 1567 2,
1144 1532 1195 1561 23.

53 1575 140 1606 Satis
166 1575 209 1606 mi
238 1576 272 1606 id
294 1577 420 1606 habeam
447 1575 608 1616 supplicii.
642 1575 735 1610 Heia,
749 1573 880 1604 sudabis
895 1573 984 1604 satis.
1011 1573 1141 1604 Phorm.
1153 1573 1196 1603 iv.

52 1618 193 1659 Adelph.
210 1618 256 1649 iii.
274 1620 304 1655 2,
322 1619 371 1648 15.
410 1618 513 1658 Virgo
528 1617 610 1648 nihil
644 1618 674 1653 3,
691 1617 742 1646 23.

53 1662 153 1691 hahet.
178 1661 317 1702 Adelph.
340 1659 382 1690 iv.
402 1660 432 1696 7,
451 1661 500 1691 10.
543 1660 608 1690 Lu·
685 1657 801 1698 helluo]
828 1658 943 1695 Gerro,
974 1657 1072 1695 iners,
1098 1657 1196 1695 fraus,

52 1702 160 1734 dibrio
188 1705 305 1734 haberi.
340 1703 424 1733 Hec.
452 1702 474 1733 i.
499 1703 529 1739 2,
558 1702 609 1735 74.
643 1703 750 1732 leuato.
776 1701 896 1732 Heaut-
914 1711 943 1730 v.
960 1702 991 1737 4,
1010 1702 1060 1731 10.

54 1745 112 1777 Uti
123 1745 278 1776 eximium
290 1745 452 1776 neminem
462 1747 611 1776 habeon?
687 1743 770 1784 hen]
783 1745 862 1774 Hem
873 1743 951 1783 quid
966 1743 1001 1774 id
1015 1743 1086 1773 eet?
1110 1742 1196 1773 And.

57 1788 139 1819 Hec.
168 1788 189 1818 i.
222 1790 250 1825 l,
276 1789 307 1819 9.
349 1789 510 1819 Habebam
533 1787 610 1818 alibi
644 1785 665 1816 i.
701 1787 728 1823 1,
760 1786 812 1817 89.
842 1785 916 1816 vide
947 1786 1061 1816 Notas.
1107 1786 1197 1822 Hem,

55 1830 200 1861 animum
217 1831 320 1861 amori
341 1829 497 1861 deditum.
527 1830 610 1860 Hec.
643 1828 833 1869 repudiatus
848 1834 987 1869 repetet.
1012 1827 1097 1858 And.
1121 1827 1143 1858 i.
1167 1828 1197 1864 5,

55 1873 101 1903 iii.
122 1875 150 1910 1,
170 1875 218 1904 14.
246 1875 353 1904 Habes
377 1883 507 1903 omnem
531 1882 609 1903 rem.
647 1872 697 1902 13.
732 1870 890 1902 Nihilne?
914 1873 989 1902 hen.
1013 1870 1100 1901 And.
1116 1869 1150 1900 ii.
1168 1871 1197 1906 6,

57 1916 141 1946 Hec.
158 1916 178 1946 i.
196 1917 227 1953 2,
247 1917 318 1947 119.
355 1915 443 1951 Quid
467 1914 612 1946 mulieris
645 1914 676 1944 4.
707 1915 787 1944 Hem
798 1913 865 1944 illic
877 1920 926 1943 est
938 1913 1014 1944 huic
1028 1912 1076 1943 rei
1090 1919 1198 1953 caput.

56 1968 192 1989 uxorem
214 1961 332 1989 habes?
356 1958 439 1989 Hec.
455 1957 498 1988 iv.
512 1959 543 1995 4,
559 1958 610 1988 22.
646 1956 732 1986 And.
749 1956 782 1986 ii.
806 1956 836 1993 6,
860 1955 912 1988 27.
950 1957 1031 1986 Hem
1053 1954 1197 1986 astutias.

59 2001 141 2032 Haec
156 2011 209 2032 res
232 2011 297 2032 non
322 2000 430 2031 minus
452 2010 504 2031 me
528 1999 612 2030 male
647 1998 732 2030 And.
748 1998 795 2029 iii.
812 2000 844 2035 4,
858 1999 909 2028 24.
942 1999 1031 2034 Hem,
1048 1997 1126 2038 quid
1141 1997 1199 2034 ais,

56 2045 157 2081 habet,
174 2054 270 2084 quam
288 2050 328 2074 te.
355 2043 436 2074 Hee.
452 2042 495 2073 iv.
512 2044 543 2079 2,
560 2044 611 2073 30.
645 2041 773 2072 scelus?
798 2040 885 2071 And.
902 2040 945 2071 iv.
969 2041 996 2077 1,
1023 2041 1075 2070 41.
1120 2041 1201 2071 Heu·

57 2087 132 2122 Quo
147 2094 242 2127 pacto
257 2096 310 2116 me
326 2087 469 2116 habueris
486 2095 612 2126 praepo-
646 2083 776 2114 scelera.
802 2083 887 2114 And.
910 2082 953 2113 iv.
976 2084 1008 2118 4,
1031 2082 1083 2112 46.
1121 2083 1201 2113 Heu·

57 2129 152 2159 sitam
169 2128 272 2159 amori
284 2136 349 2159 tuo.
375 2128 458 2158 Hec.
474 2127 517 2158 iv.
535 2129 565 2164 2,
582 2128 611 2158 6.
648 2126 773 2156 Davom
791 2125 952 2156 tibi.And.
964 2135 994 2155 v.
1011 2126 1041 2161 2,
1057 2126 1084 2155 1.
1122 2126 1201 2155 Hem

59 2172 136 2202 Non
152 2171 199 2202 sic
213 2170 353 2202 ludibrio
370 2170 434 2201 tuis
449 2170 542 2201 factis
556 2172 612 2201 laa-
646 2168 831 2199 eunuchum
845 2168 913 2199 tibi.
926 2168 972 2198 iii.
987 2169 1017 2203 2,
1034 2168 1082 2198 19.
1110 2169 1200 2204 Heu,

60 2216 140 2245 bitus
170 2223 285 2245 essem.
324 2213 408 2244 Rec.
433 2212 476 2243 iv.
508 2214 535 2248 l,
563 2213 611 2243 11.
646 2211 801 2251 quaehaec
824 2218 873 2241 est
894 2209 1018 2241 fabula!
1049 2210 1134 2240 Eun.
1157 2209 1200 2240 iv.

59 2257 92 2287 N
95 2266 137 2287 on
150 2266 203 2286 me
218 2256 301 2287 clam
313 2258 447 2291 haberet,
460 2255 544 2296 quod
560 2265 612 2286 ce-
647 2256 678 2290 4,
692 2255 743 2284 22.
777 2255 866 2290 Hem,
878 2253 1012 2283 obsecro
1026 2262 1068 2283 an
1084 2252 1113 2283 is
1128 2253 1199 2282 est?

59 2299 143 2330 lasse
158 2298 315 2339 intelligo.
340 2298 423 2329 Hec.
440 2298 483 2328 iv.
506 2299 537 2334 4,
562 2299 613 2328 35.
649 2297 734 2327 Eun.
766 2306 795 2326 v.
827 2297 859 2332 4,
894 2296 947 2325 40.
999 2296 1089 2331 Hem,
1124 2294 1201 2335 quid

204 2348 271 2372 tum
280 2342 510 2372 habuisseame
518 2340 612 2370 Pam·
648 2338 756 2370 dixti?
784 2338 903 2368 Heaut.
919 2337 954 2367 ii.
972 2338 1002 2373 3,
1020 2338 1072 2368 99.
1111 2339 1200 2374 Hem,

59 2384 196 2425 philum.
222 2384 304 2414 Hec.
318 2393 348 2414 v.
368 2384 396 2419 1,
413 2383 465 2414 26.
504 2382 538 2413 Is
553 2382 615 2413 sibi
648 2381 729 2411 istoc
753 2381 852 2411 verbo
875 2380 1003 2410 animus
1026 2379 1070 2410 mi
1094 2379 1201 2410 rediit.

61 2436 252 2499 ffipffnlsgm
263 2426 325 2499 11}oe
339 2428 459 2499 Ιιαῠευῗί.
484 2425 616 2498 Ph'prpeit
651 2424 731 2496 ἕξει
746 2423 840 2470 iit-2,
857 2423 921 2495 12.]
944 2422 1038 2453 Geta.
1054 2422 1095 2453 G.
1112 2423 1201 2453 Hen.

56 2489 61 2492 -
217 2491 225 2499 .
301 2478 321 2498 o
437 2474 505 2498 tum
545 2479 565 2497 a
701 2476 779 2496 orm.
797 2475 839 2495 iv.
880 2487 888 2501 ,
926 2488 935 2495 .

60 2510 148 2551 quod
174 2511 230 2541 det
256 2478 400 2541 ἰοηὲεεέ
437 2510 566 2541 Phorm.
593 2509 615 2540 i.
692 2506 807 2548 hercle]
839 2507 916 2538 Mea
945 2506 1076 2546 quidem
1104 2508 1204 2537 hercle

55 2555 92 2589 ·2‚
107 2555 159 2584 95.
199 2553 289 2583 Bene
308 2555 419 2584 habent
443 2552 502 2583 tibi
525 2551 615 2593 prin·
650 2557 738 2581 certe
752 2550 787 2581 in
803 2549 902 2580 dubio
915 2549 1035 2580 vita’st.
1059 2549 1145 2579 And.
1167 2549 1202 2578 ii.

57 2596 158 2637 eipia.
183 2595 313 2626 Phorm.
334 2595 369 2626 ii.
393 2596 424 2632 3,
445 2595 496 2626 82.
539 2595 616 2625 Non
651 2595 681 2630 2,
700 2594 749 2623 10.
787 2592 885 2623 Certe
906 2593 1015 2622 hercle.
1045 2591 1132 2622 And.
1156 2590 1202 2621 iii.

64 2644 100 2669 tu
123 2638 211 2668 huuc
230 2639 342 2668 habeas
362 2637 459 2679 plane
482 2646 617 2677 presen-
651 2637 682 2672 2,
700 2636 750 2666 15.
788 2634 909 2665 Nescio
922 2635 1031 2664 hercle.
1061 2633 1146 2664 Eun.
1168 2633 1202 2663 ii.

63 2687 130 2711 tem
149 2681 278 2711 Deum?
304 2680 432 2710 Phorm.
453 2679 488 2710 ii.
511 2680 542 2715 2,
565 2679 616 2709 31.
651 2679 682 2714 3,
711 2679 761 2708 14.
811 2677 896 2708 Sane
921 2677 1021 2707 hercle
1047 2681 1085 2707 ut
1111 2675 1203 2706 dicis.

65 2722 259 2754 Conclusam
285 2722 339 2752 hic
364 2724 459 2752 habeo
482 2731 617 2752 uxorem
652 2720 737 2750 Eun.
761 2719 807 2750 iii.
829 2720 859 2755 5,
884 2719 936 2749 59.
986 2717 1074 2749 Perii
1094 2719 1203 2749 keo-ele.

64 2776 192 2797 saevam.
217 2764 347 2795 Phorm.
368 2774 398 2795 v.
425 2765 452 2800 1,
478 2763 527 2796 17.
573 2763 620 2794 Ut
655 2762 773 2793 Heaut.
788 2761 831 2792 iv.
853 2762 885 2797 4,
908 2762 958 2792 14.
998 2761 1109 2791 Hercle
1126 2769 1205 2791 vero

61 2818 146 2839 meae
162 2817 215 2838 res
238 2817 309 2838 sese
331 2808 452 2838 habent.
487 2806 616 2837 Phorm.
651 2804 744 2836 serio.
768 2803 909 2844 Adelph.
925 2813 956 2834 v.
973 2803 1004 2839 9,
1025 2803 1074 2834 18.
1119 2802 1205 2833 Sane

64 2861 95 2881 v.
112 2851 189 2887 4,1.
651 2849 750 2878 hercle
785 2846 883 2877 homo
916 2844 1074 2886 voluptati
1110 2845 1204 2876 ohse-

109 2891 260 2932 haln'tior]
277 2891 313 2922 Si
329 2901 392 2932 qua
414 2896 465 2922 eet
486 2892 620 2921 habitior
652 2898 755 2930 quens
768 2888 838 2920 fuit.
864 2887 1009 2919 Hoc-iii.
1025 2888 1056 2924 5,
1073 2887 1103 2920 9.

63 2933 516 3008 ῃειιδιοὲξυςὶῐεωεεεεείιιω.
533 2932 619 2964 Eun.
695 2929 865 2971 Here-aa]
880 2930 944 2966 Qui
965 2929 1083 2966 minus,
1107 2939 1203 2970 quum

67 2988 101 3008 ιι.
140 2999 149 3015 ,
208 2999 217 3008 .

654 2975 803 3005 Here-1„
837 2972 973 3004 servivit
1007 2971 1202 3014 omn-122
1218 2971 1224 2997 τ

847 342 955 382 igi-es?
986 341 1069 372 Hec-
1089 341 1132 373 iv.
1152 343 1183 379 2,
1217 343 1344 374 reditas.
1370 341 1609 379 nec.i.2,9⁷.

1261 383 1365 426 heres]
1394 384 1444 416 Te
1472 384 1546 427 ipso
1570 386 1681 416 herede
1707 385 1776 419 bac

1218 427 1385 469 possidere
1411 427 1618 458 Bacchidem.
1654 426 1775 458 fleant.

674 468 839 509 habitudo]
863 469 945 504 Quae
966 471 1113 500 habitudo
1135 475 1185 500 eet
1219 480 1248 501 v.
1272 471 1303 507 2,
1330 470 1380 501 16.
1425 469 1492 505 Qui
1513 469 1560 501 sic
1580 476 1667 507 sum,
1687 469 1778 501 haud

1219 512 1358 544 multum
1376 514 1515 544 heu-eden
1531 513 1659 553 juvant.
1692 512 1775 544 Hec-

1220 555 1266 586 iii.
1284 556 1315 592 5,
1335 556 1383 586 10.

1263 596 1437 638 hesternus]
1452 597 1527 633 Quo
1540 603 1637 639 pacto
1651 607 1693 628 ex
1703 599 1779 638 J'nre

1221 642 1358 671 hesterno
1380 650 1500 681 panem
1523 647 1630 671 atrum
1652 647 1778 671 vorent.

1224 683 1309 713 Eun.
1324 691 1356 714 v.
1373 686 1405 720 4,
1424 683 1473 715 17.

1265 724 1341 766 heu]
1354 727 1425 756 Heu
1440 735 1492 756 me
1504 724 1670 756 miserum.
1690 725 1777 756 And.

1223 767 1266 798 iv.
1296 769 1324 805 1,
1352 769 1403 799 22.
1438 769 1511 799 Heu
1537 778 1590 799 me
1615 768 1779 799 miseram.

1228 810 1308 841 Hec.
1326 810 1359 841 ii.
1377 811 1407 847 2,
1424 811 1476 841 29.
1514 811 1586 841 Heu
1600 820 1654 841 me
1671 809 1780 841 infeli-

1224 863 1305 884 cem.
1330 853 1413 883 Hec.
1428 852 1475 883 iii.
1495 853 1523 889 1,
1540 854 1570 883 2.

1268 894 1358 935 heus]
1374 897 1461 926 Hem
1475 905 1566 936 puer.
1594 894 1681 926 And.
1702 893 1724 925 i.
1751 895 1781 931 1,

1227 939 1278 968 58.
1313 939 1410 974 Heus,
1423 944 1555 968 evocate
1566 938 1630 968 huc
1643 937 1781 968 Davom.

1229 979 1313 1010 And.
1330 980 1376 1010 iii.
1390 982 1420 1017 3,
1437 981 1489 1012 47.
1520 982 1608 1011 Heus
1623 987 1668 1010 m.
1693 979 1780 1010 Eun.

1227 1022 1248 1052 ἱ.
1263 1024 1293 1058 2,
1311 1024 1362 1053 22.
1401 1024 1488 1053 Heus
1509 1024 1592 1059 hm,
1615 1022 1673 1052 tibi
1698 1021 1782 1053 dico.

1228 1065 1312 1095 Eun.
1327 1064 1362 1095 ii.
1378 1066 1409 1101 3,
1425 1065 1477 1095 46.
1517 1065 1607 1105 Syre,
1624 1065 1715 1105 Syre,
1730 1064 1782 1095 in-

1227 1117 1334 1147 quam,
1350 1109 1432 1144 heus,
1449 1109 1532 1144 heus,
1545 1107 1635 1148 Syre.
1661 1107 1782 1137 Heaut-

1228 1150 1262 1180 ii.
1291 1151 1322 1187 3,
1350 1149 1421 1181 107.
1467 1151 1555 1181 Heus
1578 1151 1673 1180 heu:
1711 1149 1785 1180 Εε-

1227 1192 1344 1223 chinus
1368 1202 1429 1233 ego
1458 1202 1540 1223 sum.
1577 1191 1718 1233 Adelph.
1741 1191 1785 1222 iv.

1229 1236 1259 1272 3,
1288 1235 1340 1265 26.
1380 1237 1469 1266 Heus
1492 1241 1538 1272 tu,
1562 1244 1651 1265 cave.
1687 1234 1785 1265 Phor.

1228 1277 1263 1308 ii.
1279 1278 1309 1313 3,
1327 1278 1379 1307 51.

1272 1321 1332 1356 hie,
1348 1317 1496 1358 adverb]
1511 1318 1593 1353 Quis
1611 1321 1661 1349 hic
1679 1318 1785 1359 loqui-

1230 1363 1306 1392 tur?
1330 1361 1416 1392 And.
1430 1361 1452 1391 i.
1470 1362 1500 1397 5,
1514 1362 1566 1391 32.
1590 1361 1648 1391 Nil
1661 1361 1787 1402 pudent

1230 1405 1289 1440 hic,
1326 1403 1383 1434 nbi
1412 1404 1537 1445 opu'st3
1566 1402 1634 1434 illic
1660 1403 1716 1434 ubi
1738 1404 1787 1434 nil

1230 1447 1348 1487 opu’st,
1368 1445 1415 1476 ibi
1436 1452 1600 1476 verentur.
1632 1446 1719 1476 And.
1741 1445 1786 1477 iv.

1234 1490 1262 1525 1,
1284 1490 1332 1519 13.
1355 1488 1430 1519 vide
1453 1488 1567 1519 Notas.
1606 1487 1716 1519 Facile
1737 1490 1790 1519 hie

1232 1531 1305 1572 plus
1321 1531 1397 1562 mali
1411 1536 1470 1567 est,
1491 1540 1587 1571 quam
1609 1530 1676 1561 illic
1697 1530 1786 1562 boni.

1234 1573 1319 1604 And.
1335 1573 1378 1604 iv.
1403 1575 1434 1609 3,
1458 1574 1488 1603 5.
1524 1573 1630 1608 Quem
1654 1583 1716 1614 ego
1737 1575 1790 1604 hic

1232 1616 1351 1646 audio!
1376 1616 1463 1646 Eun.
1476 1626 1506 1646 v.
1520 1616 1551 1652 8,
1574 1616 1625 1646 30.
1661 1617 1788 1656 Agrum

1232 1658 1267 1689 in
1293 1658 1443 1699 proximo
1472 1660 1522 1689 hie
1550 1664 1712 1689 memma
1741 1668 1787 1689 es.

1236 1701 1356 1732 Heaut.
1371 1700 1393 1731 i.
1418 1701 1446 1736 l,
1470 1701 1500 1731 2.
1538 1701 1603 1731 Hic
1627 1700 1704 1731 sciri
1727 1710 1786 1741 po-

1234 1743 1306 1774 tuit.
1332 1743 1453 1774 Heaut-
1468 1742 1503 1773 ii.
1520 1743 1550 1779 3,
1568 1743 1619 1773 38.
1658 1744 1722 1774 Hic
1736 1753 1790 1773 me

1234 1785 1406 1827 magnifice
1418 1784 1533 1816 ecfero.
1558 1784 1680 1816 Heaut.
1696 1785 1739 1815 iv.
1756 1786 1787 1821 3,

1235 1829 1286 1858 31.
1339 1827 1492 1858 Etiamne
1521 1833 1630 1858 tecum
1657 1829 1710 1858 hic
1735 1837 1791 1858 res

1234 1869 1315 1901 mihi
1345 1871 1416 1901 est!
1452 1869 1574 1900 Heaut-
1598 1869 1642 1900 iv.
1672 1871 1705 1906 4,
1735 1871 1789 1901 20.

1235 1913 1358 1943 Eccum
1380 1914 1431 1943 hie
1451 1911 1521 1943 tibi.
1552 1911 1672 1943 Ile-ut.
1693 1911 1736 1943 iv.
1757 1913 1789 1950 ⁷,

1238 1955 1265 1986 l.
1304 1955 1441 1986 Utinam·
1462 1956 1512 1985 hic
1557 1964 1637 1996 rope
1660 1954 1790 1986 adesset

1234 1997 1362 2028 alicubi.
1428 1996 1535 2038 Adelp
1603 1996 1652 2027 iii.
1689 1998 1721 2034 4,
1758 1998 1790 2030 7.

1236 2039 1335 2070 Nulla
1344 2039 1405 2070 tibi
1413 2041 1463 2070 lu'c
1467 2040 1535 2079 jam
1543 2038 1790 2071 conanltatio’st.

1239 2082 1320 2113 Hec.
1343 2082 1386 2112 iv.
1408 2083 1440 2118 4,
1462 2083 1515 2112 28.
1560 2079 1629 2112 Hic
1651 2081 1791 2114 viciniae.

1237 2124 1366 2155 Phorm.
1383 2124 1404 2155 i.
1421 2125 1452 2160 2,
1467 2125 1520 2154 45.

1287 2166 1404 2207 hicine]
1450 2168 1564 2198 Hicine
1604 2165 1789 2198 libertatem

1235 2209 1328 2240 aiunt
1359 2219 1484 2249 aequam
1514 2218 1587 2240 eme
1614 2208 1789 2241 omnibus?

1236 2252 1376 2293 Adelph.
1393 2251 1427 2282 ii.
1447 2253 1475 2289 1,
1491 2252 1542 2282 29.

1278 2296 1337 2331 hic,
1346 2292 1514 2335 pronom.]
1521 2295 1601 2324 Haee
1610 2291 1675 2324 me
1682 2293 1787 2325 lacru—

1235 2346 1307 2368 mae.
1331 2337 1416 2367 And.
1432 2336 1454 2367 i.
1472 2337 1499 2374 1,
1515 2337 1567 2367 99.
1581 2335 1658 2367 vide
1673 2336 1789 2367 Nona.

1236 2379 1288 2410 'ru
1318 2379 1346 2410 si
1373 2380 1424 2410 hic
1444 2378 1500 2415 sis,
1522 2378 1618 2409 dicer
1645 2387 1789 2410 cennens.

1238 2421 1323 2452 And.
1350 2421 1384 2452 ii.
1415 2422 1443 2458 1,
1473 2422 1523 2451 10.
1571 2421 1686 2462 Ipsum
1711 2422 1792 2452 hene

1236 2464 1344 2495 orabo.
1367 2464 1455 2495 And.
1470 2463 1505 2494 ii.
1524 2464 1552 2500 1,
1570 2464 1620 2494 12.
1661 2463 1732 2494 Nec
1753 2469 1791 2494 tu

1238 2516 1277 2536 ea
1290 2516 1387 2537 cama
1402 2505 1559 2537 minueris
1572 2507 1638 2537 hae
1650 2515 1723 2546 φη
1743 2505 1791 2536 fi-

1236 2548 1294 2579 cis.
1317 2548 1403 2579 And.
1421 2548 1455 2579 ii.
1472 2549 1503 2586 3,
1522 2548 1570 2579 19.
1604 2547 1694 2584 Quid
1710 2549 1792 2579 het

1237 2590 1361 2621 adeone
1371 2597 1422 2621 eet
1431 2590 1585 2621 demem?
1603 2589 1690 2621 And.
1701 2589 1749 2621 iii.
1761 2590 1791 2627 1,

1239 2634 1290 2664 10.
1327 2630 1396 2664 Hie
1418 2642 1495 2663 vero
1509 2638 1569 2663 eet.
1590 2632 1676 2663 Eun.
1699 2632 1735 2663 ii.
1759 2633 1791 2670 8,

1239 2676 1268 2706 8.
1307 2674 1344 2706 Si
1363 2674 1509 2706 laudabit
1527 2676 1593 2706 haec
1613 2673 1704 2706 illius
1725 2674 1791 2706 for-

1239 2727 1335 2754 mam,
1347 2723 1384 2749 tu
1397 2717 1490 2758 nujus
1500 2723 1624 2748 coum
1646 2717 1732 2748 Bm.
1743 2716 1790 2748 iii.

1241 2761 1269 2797 1,
1301 2761 1353 2791 54.
1400 2759 1452 2790 Mi
1474 2761 1529 2791 hoe
1552 2759 1663 2801 negoti
1691 2759 1792 2791 ceteri

1237 2801 1366 2834 dedere.
1404 2802 1489 2833 Diui.
1515 2801 1564 2833 iii.
1586 2803 1619 2840 4,
1644 2802 1675 2833 6.
1720 2800 1795 2833 Hoc

1239 2844 1323 2876 vide.
1354 2844 1476 2876 Huut.
1499 2844 1536 2876 ii.-
1561 2845 1593 2882 3,
1615 2844 1668 2877 74.
1715 2844 1792 2875 'ribi

1239 2892 1337 2918 erunt
1357 2893 1472 2929 perat:
1493 2887 1601 2924 verba,
1631 2889 1703 2918 huie
1726 2886 1791 2920 -bo-

1238 2929 1321 2970 mini
1349 2930 1494 2961 verbere.
1544 2929 1666 2960 lle-ut.
1693 2928 1729 2959 ii.
1760 2929 1791 2965 3,

1240 2972 1312 3003 115.
1370 2969 1460 3005 Ηήσ
1485 2971 1631 3009 mandes,
1660 2970 1690 3002 ci
1714 2971 1793 3011 quid
