1852 3216
252 137 311 163 xx
592 120 670 162 DE
697 119 1011 162 TRAGOEDIA
1042 120 1115 161 ΕΤ
1141 120 1440 161 COMOEDIA.

254 209 379 263 pratis
403 208 574 262 primum
599 207 785 248 mollibus
809 208 1039 261 agebantur.
1095 207 1181 248 Nec
1205 207 1367 248 deerant
1383 207 1558 261 premia,
1576 208 1722 260 quibus
1738 206 1790 247 ad

254 262 502 304 scribendum
521 263 728 303 doctorum
746 271 1056 315 provocarentur
1075 262 1249 315 ingenia:
1269 262 1338 301 sed
1357 272 1398 301 et
1415 262 1613 302 actoribus
1631 275 1793 301 munera

254 317 532 363 offerebantur,
551 330 631 369 quo
649 315 833 356 libentius
855 316 1033 369 jucundo
1059 317 1169 355 vocis
1197 316 1303 356 flexu
1330 316 1382 355 ad
1408 316 1656 355 dulcedinem
1683 329 1792 355 com-

252 371 512 412 mendationis
545 379 758 410 uterentur.
816 369 945 422 Caper
973 383 1141 423 namque
1168 384 1241 423 pro
1267 371 1382 409 donis
1410 371 1470 409 bis
1498 370 1678 415 dabatur,
1699 370 1793 421 quia

258 426 406 465 vitibus
425 426 584 464 noxium
603 424 746 464 animal
765 425 1006 463 habebatur:
1037 438 1059 463 a
1078 438 1158 475 quo
1177 425 1294 463 etiam
1324 423 1528 475 tragoediae
1552 437 1694 463 nomen
1720 437 1792 462 ex·

258 488 388 520 ortum
406 489 479 518 est.
517 478 704 518 Nonnulli
722 487 853 517 autem
872 492 924 516 ex
942 491 1101 517 amurca
1118 478 1194 517 olei
1214 478 1309 523 fece,
1325 491 1415 529 quae
1434 487 1495 517 est
1514 477 1655 517 humor
1672 491 1793 529 aqua-

259 533 352 581 tilis,
373 533 605 585 tragoediam
624 532 700 572 dici
721 533 931 583 vocarique
949 532 1184 570 maluerunt.
1224 532 1305 575 Qui
1326 531 1406 570 ludi
1426 545 1514 570 cum
1534 545 1604 584 per
1622 531 1794 571 artifices

255 588 297 628 in
313 588 499 627 honorem
519 587 652 626 Liberi
670 587 794 639 patris
812 594 1031 638 agerentur,
1049 586 1165 624 etiam
1192 586 1264 638 ipsi
1284 585 1563 624 comoediarum
1583 585 1793 637 tragoedia-

255 655 423 694 rumque
451 641 662 693 scriptores
690 640 805 693 hujus
834 639 910 685 dei,
932 639 1039 677 velut
1066 640 1189 691 patris
1217 652 1359 678 numen
1388 640 1516 678 co2ere
1537 640 1793 691 venerarique

257 706 476 748 cmperunt.
533 693 656 746 Cujus
685 694 741 732 rei
769 693 982 745 probabilis
1010 694 1109 731 ratio
1137 693 1281 732 extitit.
1340 692 1400 731 lta
1418 693 1521 731 enim
1540 693 1710 732 carmina
1734 694 1792 731 in-

257 750 396 789 choata
416 749 726 801 proferebantur,
748 757 789 786 ut
806 761 876 799 per
892 761 939 785 ea
956 746 1092 785 laudes
1109 747 1207 798 ejus,
1225 756 1265 785 et
1287 747 1387 785 sacta
1413 746 1584 798 gloriosa
1604 746 1793 786 celebrari

286 804 503 855 roferrique
546 810 742 841 constaret
761 817 771 839 ε
820 811 903 839 tum
940 800 1126 852 paulatim
1165 801 1268 839 sarna
1304 800 1420 852 hujus
1455 801 1550 839 artis
1587 801 1792 839 increbuit.

256 817 425 909 &hespis
462 866 592 895 autem
629 856 778 908 primus
813 855 898 894 haec
935 855 1081 906 scripta
1116 855 1156 893 iu
1192 854 1365 894 omnium
1403 855 1579 893 notitiam
1616 854 1792 906 protulit.

256 910 401 950 Postea
420 910 627 962 AEschylus
646 918 803 948 secutus
821 908 1058 960 exemplum,
1078 908 1316 960 publicavit:
1344 908 1394 947 de
1414 909 1557 961 quibus
1587 908 1643 948 ita
1661 908 1793 948 Hora-

258 965 336 1004 tius
358 966 397 1004 in
416 974 499 1004 arte
516 964 669 1017 poetica
688 963 886 1015 loquitur:

539 1026 712 1074 Ignotum
728 1027 873 1072 tragicae
888 1037 1002 1072 genus
1018 1025 1196 1061 invenisse
1212 1036 1382 1062 camoenae

537 1073 695 1116 Dicitur,
714 1079 750 1109 et
765 1073 933 1120 plaustris
950 1073 1088 1109 vexisse
1104 1078 1269 1119 poemata
1282 1071 1449 1119 Thespis,

537 1120 631 1164 Quae
646 1126 814 1156 canerent
830 1127 975 1167 agerent
1002 1132 1046 1156 ue
1063 1120 1226 1166 peruncti
1242 1119 1380 1156 fecibus
1396 1131 1471 1156 ora.

537 1167 625 1204 Post
640 1167 736 1204 hunc
753 1179 916 1214 personae
931 1132 1103 1215 pailaeque
1120 1173 1280 1213 repertor
1295 1167 1458 1204 honestae

536 1214 745 1262 AEschylus,
764 1221 799 1251 et
816 1214 966 1250 modicis
983 1214 1148 1250 instravit
1165 1214 1303 1261 pulpita
1335 1214 1342 1221 '
1397 1215 1451 1250 is:

538 1261 585 1298 Et
602 1262 725 1297 docuit
741 1273 983 1309 magnumque
998 1262 1112 1344 lgssm'
1131 1261 1268 1309 nitique
1284 1269 1344 1297 cot
1371 1273 1477 1298 urno.

538 1309 717 1345 Successit
734 1314 837 1345 vetus
853 1308 910 1344 his
927 1320 1007 1344 com
1067 1309 1101 1344 ia
1116 1320 1191 1344 non
1207 1308 1284 1344 sine
1300 1309 1414 1344 multa

537 1355 681 1391 Laude:
709 1355 771 1391 sed
787 1356 825 1391 in
843 1356 971 1392 vitium
986 1355 1131 1392 libertas
1148 1355 1292 1398 excidit,
1311 1362 1346 1392 et
1362 1356 1437 1391 vim

535 1402 694 1448 Dignam
710 1403 789 1448 lege
804 1403 902 1457 regi.
929 1403 987 1439 lex
1003 1409 1058 1439 est
1074 1409 1241 1449 accepta;
1267 1403 1472 1451 chorusque

535 1449 705 1505 Turpiter
720 1449 874 1486 obticuit
889 1450 1031 1486 sublato
1042 1450 1125 1497 jure
1141 1450 1305 1486 nocendi.

537 1496 601 1533 Nil
617 1503 834 1533 intentatum
849 1498 964 1533 nostri
980 1498 1006 1534 li
1032 1509 1115 1534 uere
1132 1503 1269 1544 poetae:

537 1542 616 1580 Nec
632 1545 823 1581 minimum
839 1556 999 1581 meruere
1041 1556 1139 1587 ecus,
1157 1545 1309 1591 vestigia
1325 1543 1452 1581 Graeca

536 1591 629 1628 Ausi
645 1591 820 1635 deserere,
838 1597 874 1628 et
890 1592 1068 1628 celebrare
1083 1591 1281 1627 domestica
1296 1591 1403 1634 facta,

535 1636 604 1675 Vel
620 1638 682 1686 qui
698 1645 900 1686 praetextas,
918 1640 977 1675 vel
992 1639 1055 1685 qui
1071 1638 1225 1675 docuere
1242 1644 1394 1686 togatas.

310 1697 456 1737 Fabula
474 1698 656 1750 generale
674 1712 815 1738 nomen
835 1707 908 1745 est,
927 1697 1012 1750 ejus
1039 1698 1129 1737 duae
1154 1699 1291 1750 primae
1318 1706 1450 1749 partes
1479 1705 1582 1743 sunt,
1604 1697 1796 1750 tragoedia

258 1761 297 1792 et
315 1751 520 1792 comoedia.
559 1752 602 1791 Si
620 1751 761 1792 Latina
778 1752 1064 1804 argumentatio
1083 1752 1147 1799 sit,
1168 1761 1385 1805 praetexata
1403 1751 1559 1791 dicitur.
1590 1750 1796 1791 Comoedia

256 1815 387 1846 autem
407 1805 548 1846 multas
576 1807 726 1859 species
753 1806 884 1846 habet.
933 1806 1016 1846 Aut
1043 1807 1147 1846 enim
1175 1805 1333 1858 palliata
1361 1815 1433 1852 est,
1461 1816 1529 1845 aut
1556 1815 1701 1858 togata,
1726 1815 1795 1845 aut

258 1860 488 1907 tabernaria,
513 1869 581 1899 aut
601 1860 812 1907 Attellana,
832 1869 899 1899 aut
928 1861 1081 1906 mimus,
1110 1870 1179 1899 aut
1206 1860 1435 1905 rhintonica,
1463 1870 1531 1899 aut
1559 1859 1793 1912 planipedis.

258 1914 486 1967 Planipedia
513 1924 643 1954 autem
671 1914 787 1960 dicta,
811 1916 863 1954 ob
890 1914 1149 1953 humilitatem
1176 1914 1395 1967 argumenti
1423 1912 1521 1966 ejus,
1540 1928 1585 1953 ac
1606 1913 1794 1953 vilitatem

257 1979 446 2015 actorum,
473 1968 540 2020 qui
572 1982 648 2008 non
675 1969 865 2008 cothurno
893 1978 959 2008 aut
988 1982 1104 2008 socco
1132 1978 1296 2008 utuntur
1325 1968 1363 2007 in
1390 1981 1507 2007 scena
1534 1976 1601 2007 aut
1629 1967 1793 2020 pulpito,

259 2021 329 2062 sed
347 2021 463 2075 plano
483 2022 581 2074 pede
598 2036 608 2061 :
637 2022 700 2062 vel
719 2022 809 2062 ideo
826 2022 932 2075 quod
952 2036 1030 2062 non
1047 2036 1096 2062 ea
1112 2022 1269 2075 negotia
1287 2022 1470 2067 continet,
1490 2036 1580 2074 qum
1609 2035 1794 2074 persona-

259 2090 346 2116 rum
374 2076 413 2115 in
441 2077 626 2121 turribus,
655 2085 723 2116 aut
750 2077 789 2116 in
818 2076 1029 2116 coenaculis
1057 2076 1316 2116 habitantium
1343 2086 1447 2123 sunt,
1473 2075 1542 2115 sed
1562 2076 1600 2114 in
1619 2075 1737 2128 plano
1754 2085 1795 2114 et

259 2129 396 2170 humili
423 2129 522 2169 loco.
580 2130 780 2171 Personati
809 2131 923 2184 primi
951 2131 1077 2183 egisse
1105 2131 1287 2170 dicuntur
1314 2129 1546 2170 comoediam
1572 2129 1729 2169 Cincius
1754 2139 1795 2168 et

260 2183 456 2224 Faliscus:
490 2184 721 2237 tragoediam
741 2183 958 2224 ‘minutius
982 2194 1022 2224 et
1047 2184 1295 2224 Prothonius.
1353 2183 1539 2224 Omnium
1567 2194 1697 2223 autem
1727 2197 1795 2222 co·

259 2238 491 2278 moediarum
510 2239 656 2292 scripta
674 2253 725 2278 ex
745 2250 914 2291 quatuor
933 2241 1050 2279 rebus
1069 2239 1226 2279 omnino
1252 2247 1480 2285 suinuntur3
1508 2238 1673 2283 nomine,
1694 2237 1794 2283 loco,

259 2291 375 2339 sacto,
405 2302 560 2332 eventu.
626 2292 806 2339 Nomine,
836 2301 880 2332 ut
917 2292 1114 2340 Phormio,
1148 2292 1319 2345 Hecyra,
1352 2291 1558 2345 Gurgulio,
1591 2291 1793 2344 Epidicus.

260 2345 380 2391 Loco,
402 2356 444 2385 ut
463 2346 626 2393 Andria,
646 2346 854 2393 Leucadia,
873 2346 1132 2387 Brundusina.
1190 2347 1323 2393 Facto,
1343 2356 1387 2386 ut
1406 2346 1634 2393 Eunuchus,
1654 2346 1795 2384 Asina·

260 2400 329 2446 ria,
349 2401 406 2439 Ca
436 2400 520 2440 tivi.
575 2400 746 2446 Eventu,
764 2399 1088 2446 Commorientes,
1108 2401 1292 2454 Adelphi.
1312 2400 1793 2441 Heautontimorumenos.

260 2454 399 2493 Comoe
430 2454 552 2494 iarum
578 2454 714 2494 sormae
742 2463 834 2494 sunt
862 2464 953 2500 tres,
980 2455 1161 2507 palliatae,
1182 2454 1368 2495 Graecum
1396 2455 1571 2495 habitum
1601 2454 1794 2493 serentes:

262 2521 358 2560 quas
376 2507 550 2548 nonnulli
570 2508 807 2548 tabernarias
827 2519 980 2548 vocant.
1025 2509 1204 2561 Togata),
1218 2509 1338 2562 juxta
1357 2508 1519 2549 formam
1541 2521 1796 2560 personarum

260 2562 435 2601 habitum
456 2573 632 2615 togarum
652 2562 931 2602 desiderantes.
971 2563 1192 2609 Attellanoe,
1213 2563 1359 2603 salibus
1378 2571 1417 2602 et
1430 2561 1532 2615 jocis
1552 2562 1792 2613 compositoe,

261 2629 350 2667 quoe
370 2616 407 2654 in
427 2630 468 2655 se
488 2630 566 2655 non
585 2616 729 2656 habent
747 2618 819 2655 nisi
841 2626 1032 2656 vetustam
1058 2617 1302 2668 elegantiam.
1361 2616 1566 2657 Comoedia
1585 2627 1715 2655 autem
1734 2615 1794 2654 di-

262 2669 408 2707 viditur
438 2670 475 2708 in
505 2679 670 2722 quatuor
750 2679 841 2716 rtes,
869 2670 1086 2722 prologum.
1103 2673 1290 2723 protasin,
1310 2671 1487 2724 epitasin,
1507 2670 1793 2721 catastrophen.

262 2722 453 2774 Prologus
474 2734 533 2762 est
553 2725 677 2776 prima
695 2684 829 2770 ἕοιὶο,
848 2739 871 2763 a
890 2724 1042 2763 Gru-cis
1061 2725 1186 2765 'dicta
1203 2731 1389 2777 πρόλιηος,
1411 2725 1450 2764 id
1468 2735 1540 2771 est,
1561 2723 1794 2764 antecedens

261 2790 393 2816 veram
422 2778 565 2816 sabula:
593 2779 916 2831 compositionem
944 2778 1126 2819 elocutio.
1182 2779 1282 2832 Ejus
1308 2779 1460 2833 species
1486 2789 1654 2830 quatuor
1681 2789 1795 2816 suut:

302 2918 316 2940 ⁴
333 2919 483 2951 Min-nlius
499 2923 530 2950 et
549 2918 744 2960 mum-s]
769 2919 832 2952 Ms-
851 2920 1001 2952 uin-&u
1089 2919 1102 2939 ⁸
1119 2920 1213 2951 Dicta
1228 2917 1404 2961 πρόληοσ]
1420 2918 1484 2952 Hs.
1496 2920 1589 2951 Dicta
1602 2919 1721 2958 'finos
1737 2916 1793 2949 λό-

256 2967 287 2995 rt
306 2962 486 2994 Mhi-ns.
521 2961 555 2993 1-
1044 2972 1111 3001 7⁰³·
1147 2962 1182 2993 1..
