1852 3216
102 173 242 202 senna
264 160 344 215 v1.]

653 158 1072 202 EUNUCHUS.

1555 165 1640 205 215

160 249 367 291 Reddere
384 255 428 290 et
448 250 690 299 restituere,
706 248 800 291 haec
821 257 951 304 atque
970 248 1221 304 hujusmodi
1241 263 1337 290 sum
1351 248 1485 291 multa
1498 265 1641 305 passa.

159 313 243 354 CH.
269 313 358 355 Ubi
377 327 428 354 ea
448 315 543 355 est?
594 312 684 355 ΤΗ.
709 313 842 355 Domi
861 313 979 368 apud
1000 328 1080 354 me.
1133 312 1218 355 Cu.
1242 313 1384 355 Hem!
1417 315 1521 368 quid
1544 318 1641 357 est?

103 386 142 415 10
159 377 248 419 ΤΗ.
273 378 450 420 Educta
479 379 553 427 ita,
575 379 640 419 uti
670 385 801 433 teque
822 376 979 433 illaque
1000 377 1243 432 dignum’st.
1295 377 1381 420 CH.
1405 378 1526 426 Quid
1547 380 1640 421 ais?

242 441 334 483 ΤΗ.
356 442 410 484 Id
433 443 552 497 quod
572 457 642 485 res
665 450 756 484 est:

157 506 286 548 Hanc
300 507 377 548 tibi
392 508 507 549 dono
521 508 593 558 do,
609 522 750 562 neque
763 514 916 562 repeto
928 521 1009 562 pro
1021 506 1092 548 illa
1105 508 1335 563 quicquam
1348 509 1426 550 abs
1440 516 1483 550 te
1496 509 1638 564 pretii.

157 570 242 613 Cn.
255 571 316 613 Et
329 571 530 622 habetur,
540 579 584 614 et
597 572 798 622 refertur,
808 571 963 621 Thais,
973 587 998 612 a
1010 587 1092 622 me,
1103 572 1163 614 ita
1175 573 1239 614 uti
1251 573 1401 614 merita
1411 587 1472 623 es,
1485 574 1638 628 gratia.

156 635 247 677 ΤΗ.
266 635 329 677 At
351 637 463 678 enim
479 651 597 690 cave,
614 652 669 678 ne
689 637 826 692 priuS,
839 650 968 691 quam
988 635 1099 679 hanc
1112 652 1138 678 a
1150 652 1217 679 me
1234 638 1435 693 accipias,
1452 639 1639 689 amittas,

244 700 445 742 Chreme.

155 764 272 805 Nam
292 764 386 806 haec
406 765 526 815 ea’st,
549 780 678 820 quam
698 765 817 807 miles
840 781 865 807 a
885 780 952 808 me
975 767 1015 807 vi
1035 781 1149 809 nunc
1168 774 1365 823 ereptum
1384 769 1514 810 venit.

100 836 138 866 15
155 828 246 870 Abi
267 837 329 880 tu,
351 829 571 879 cistellam,
594 829 792 885 Pythias,
815 831 943 873 domo
961 831 1070 873 effer
1090 847 1186 874 cum
1207 835 1507 875 monumentis.

139 959 168 988 8.
185 959 263 989 Haec
274 964 364 999 atque
372 959 542 999 hujusmodi
551 970 615 989 sum
625 961 721 989 multa
728 958 840 999 passa]

98 1000 220 1031 Mulier
246 1000 382 1032 facunda
409 1000 574 1038 meretrix,
598 1001 667 1032 haec
702 1001 842 1042 imputat

96 1043 246 1081 (inculcat
259 1046 419 1083 repetendo
435 1043 490 1082 Z.)
504 1043 700 1074 adolescenti
711 1053 783 1084 quae
792 1043 840 1074 vi-

95 1085 152 1122 dit,
163 1094 196 1116 et
204 1086 268 1116 alia
278 1086 394 1126 quibus
405 1086 552 1126 (addunt,
564 1098 629 1123 non,
640 1086 732 1117 codd.
746 1086 840 1126 vett.)

94 1128 250 1159 interfuit.
290 1129 429 1159 Reddere
452 1134 482 1159 et
505 1128 683 1169 restituere]
708 1128 844 1170 Proprie

92 1172 234 1201 redditur
256 1171 472 1212 cupientibus,
497 1179 534 1202 ut
554 1171 685 1202 domino
711 1182 841 1203 servus:

92 1215 268 1244 restituitur
281 1214 426 1255 cupiens,
451 1220 487 1245 ut
511 1214 626 1255 patriae
641 1214 739 1245 civis:
772 1216 844 1246 red-

93 1257 179 1286 ditur
205 1262 238 1287 et
260 1259 444 1293 restituitur,
466 1257 602 1298 cupiens
626 1256 843 1298 cupientibus,

91 1305 129 1329 ut
142 1299 271 1340 parenti
286 1299 382 1330 filius.
414 1299 503 1340 Ergo
527 1299 562 1330 in
586 1300 646 1330 hac
672 1307 844 1340 utrumque

93 1347 152 1377 est,
169 1348 202 1372 et
222 1341 315 1372 reddi
337 1347 370 1372 et
391 1341 529 1373 restitui.
565 1342 732 1374 D.—Hoec
753 1347 844 1382 atque

91 1383 279 1424 hujusmodi]
304 1384 519 1415 Commendat
541 1384 595 1415 hic
617 1395 745 1422 munus,
770 1395 844 1416 cum

92 1426 250 1457 maximas
265 1436 300 1457 se
315 1426 450 1466 injurias
462 1437 589 1467 passam
605 1426 693 1458 dicit.
733 1427 773 1458 E.

137 1469 167 1499 9.
192 1470 271 1499 Hem
282 1467 313 1509 !]
349 1469 511 1500 Extimuit
540 1469 736 1507 adolescens,
768 1480 843 1500 cum

92 1521 237 1542 sororem
262 1521 355 1542 suam
381 1511 415 1542 in
446 1511 543 1542 domo
568 1512 749 1543 meretricis
772 1522 842 1543 esse

92 1554 234 1586 audivit:
258 1554 310 1584 cui
326 1553 375 1584 rei
387 1554 495 1585 statim
511 1554 651 1585 occurrit
663 1554 772 1586 Thais.
799 1555 841 1585 D.

92 1596 184 1627 ——Ut
197 1596 250 1627 hic
266 1596 309 1628 sit
324 1596 531 1634 Trochaims,
544 1597 599 1637 qui
614 1597 767 1628 succedat
777 1597 842 1628 Te-

93 1639 257 1670 trametris
281 1639 397 1680 plenis,
428 1646 465 1670 ut
491 1649 630 1680 semper,
660 1639 841 1681 pronuncia

93 1680 157 1712 sic:
181 1679 258 1712 ‘Ubi
287 1683 390 1713 ea’st?
424 1684 515 1713 Dami
544 1684 629 1722 apud
657 1694 711 1714 me.
749 1684 839 1714 Hem.

98 1725 181 1757 Quid
194 1730 239 1755 est
249 1727 264 1754 ,⁹
302 1724 341 1754 Β.

141 1768 190 1797 10.
206 1765 347 1807 Educta]
373 1766 571 1798 Subauditur
585 1773 640 1798 est.
685 1769 739 1799 Uti
754 1773 841 1808 teque

94 1810 208 1850 illaque
230 1811 355 1850 dignum
376 1809 438 1850 est]
463 1810 553 1841 Bene
581 1810 742 1851 purgavit,
758 1810 844 1850 quod

95 1862 137 1882 ex
167 1851 251 1882 fastu
282 1852 465 1883 meretricio
491 1853 740 1893 exspectabatur
767 1854 844 1894 (ope

95 1894 186 1925 codd.
206 1900 283 1925 vett.
300 1894 446 1932 restituo,
462 1897 541 1935 quod
561 1906 599 1926 er
620 1901 689 1926 astu
705 1897 844 1926 meretri-

94 1939 141 1968 cio
155 1937 344 1977 spectatur):
371 1947 436 1968 non
453 1937 567 1977 iuquit,
584 1943 622 1968 ut
644 1947 695 1968 me
710 1937 846 1978 dignum

96 1987 155 2015 est,
186 1979 273 2020 apud
302 1990 355 2010 me
385 1987 442 2011 est.
485 1981 568 2013 Quid
597 1982 644 2011 ais
654 1979 688 2020 ?]
723 1980 842 2011 Recte:

95 2022 171 2062 quia
193 2022 320 2057 mirum,
344 2023 431 2063 apud
446 2022 649 2053 meretricem
669 2022 846 2053 liberaliter

95 2065 273 2096 educatam.
305 2065 479 2098 D.—Qu1'd
503 2068 551 2096 oie
560 2064 594 2105 .⁷]
627 2065 846 2096 Vehementer

95 2107 231 2139 miratus
243 2107 440 2145 adolescens,
457 2108 542 2148 quod
562 2108 666 2148 (quum
684 2107 738 2147 Z.)
759 2108 846 2149 apud

95 2150 299 2182 meretricem
322 2150 437 2181 educta
459 2151 502 2181 sit
519 2160 618 2187 soror,
636 2150 842 2191 quemadmo-

95 2193 173 2224 dum
188 2193 321 2231 dictum,
346 2196 391 2224 ita
412 2196 459 2224 uti
483 2199 569 2234 teque
588 2195 702 2234 illaque
721 2195 847 2234 dignum

95 2242 150 2267 est.
182 2236 221 2266 E.

142 2279 191 2309 11.
215 2280 307 2310 Hanc
336 2281 394 2310 tibi
422 2281 498 2309 dono
523 2278 578 2319 do]

98 2321 274 2360 (Westerh.
285 2322 423 2353 inseruit
434 2333 522 2362 quam
532 2335 544 2357 ,·
568 2321 651 2352 male
668 2321 735 2361 Z.)‚
751 2323 843 2352 dono:

97 2370 134 2394 ut
148 2364 268 2395 donum
285 2364 444 2406 placidius
462 2364 610 2396 videatur
631 2371 665 2395 et
685 2372 841 2405 praestan-

98 2405 172 2437 tius.
196 2408 301 2447 Neque
315 2413 416 2447 repeto
427 2419 485 2447 pro
500 2409 556 2439 illa
570 2409 625 2438 abs
641 2413 670 2438 te
685 2409 844 2448 quicquam

93 2448 208 2489 pretii]
232 2449 285 2480 Ex
299 2460 338 2481 eo
353 2450 436 2491 quod
453 2450 560 2491 potuit
571 2451 644 2490 jure
661 2450 775 2487 facere,
787 2450 842 2481 be-

98 2491 251 2523 neficium
283 2492 526 2530 demonstravit,
559 2492 699 2524 oratorie
731 2493 843 2524 dicens

98 2534 183 2564 serio
198 2544 264 2565 non
280 2533 357 2574 (rem
371 2547 403 2567 se
419 2535 473 2575 Z.)
491 2545 561 2567 esse
577 2535 744 2567 facturam.
778 2536 819 2566 D.

145 2577 194 2606 12.
218 2578 261 2607 Et
281 2578 409 2609 habetur
425 2583 457 2609 et
470 2577 603 2618 refertur
617 2590 637 2609 a
654 2589 709 2615 me,
729 2577 841 2619 Thais]

98 2618 163 2654 Qui
179 2619 276 2649 habet
290 2620 377 2661 apud
390 2630 426 2651 se
439 2621 587 2661 gratiam,
597 2621 740 2652 nondum
753 2629 841 2652 retu-

96 2661 145 2692 lit.
168 2663 298 2698 Retulit,
317 2662 373 2702 qui
394 2662 519 2694 destitit
538 2663 667 2695 habere.
702 2663 846 2695 Multum

98 2715 175 2745 ergo
197 2704 250 2734 hie
273 2704 365 2742 dixit,
388 2711 421 2736 et
435 2707 563 2736 habetur
577 2709 684 2747 gratia
700 2712 733 2737 et
748 2705 848 2746 referi

98 2753 156 2778 tur.
181 2748 287 2782 Quem
302 2757 433 2778 sensum
446 2747 612 2779 transtulit
623 2748 796 2780 Sallustius
811 2749 847 2780 in

96 2789 216 2820 bellum
233 2790 253 2820 J
257 2789 478 2830 ugurthinum,
493 2800 563 2832 cap.
583 2791 653 2822 110.
670 2793 777 2828 Arma,
789 2803 846 2832 pe·

96 2835 226 2869 cuniam,
240 2843 332 2870 sume,
346 2838 428 2864 utere
439 2846 450 2864 .-
472 2837 503 2864 et
518 2834 618 2873 quoad
630 2835 752 2871 viset-is,
767 2845 844 2865 ιιιηιρ

96 2886 186 2915 quam
200 2877 353 2906 redditam
369 2877 427 2906 tibi
444 2878 580 2916 gratiam
591 2878 715 2916 putaris
731 2876 844 2916 (impu-

97 2920 175 2949 taris
197 2918 269 2948 edd.
287 2918 387 2957 Ven.)
410 2929 525 2958 semper
547 2920 631 2958 apud
655 2929 701 2950 me
727 2921 847 2960 integra

98 2963 166 2991 erit.
200 2961 434 2993 D.—Faernus
448 2967 536 2993 recte
549 2971 591 2993 ex
601 2961 712 2993 Bemb.
727 2967 760 2992 et
775 2961 847 2994 aliis

616 2278 737 2310 Melius
763 2278 848 2310 dixit

884 959 977 990 libris
999 966 1077 990 vett.
1105 966 1138 990 et
1163 970 1261 991 sensu
1288 960 1357 992 vult
1380 961 1455 1001 legi,
1480 961 1637 1003 reseretur.

886 1001 971 1032 Nam
1003 1001 1117 1042 referre
1144 1005 1280 1042 gratiam
1307 1003 1342 1033 in
1369 1004 1542 1044 praesentia
1572 1015 1638 1036 non

885 1050 1022 1085 poterat,
1040 1044 1096 1075 sed
1112 1044 1284 1085 pollicetur
1299 1055 1334 1076 se
1350 1045 1537 1077 relaturum.
1568 1047 1606 1079 B.

932 1087 981 1117 13.
1006 1088 1056 1117 Ne
1074 1089 1171 1126 prius,
1188 1099 1277 1128 quam
1293 1090 1370 1118 hanc
1393 1099 1413 1118 a
1431 1100 1477 1120 me
1493 1092 1637 1129 accipias,

888 1131 1022 1167 amittas,
1042 1129 1184 1170 Chreme]
1218 1130 1292 1161 Hoc
1316 1130 1351 1161 in
1376 1131 1534 1163 comoedia
1560 1132 1640 1163 licet

887 1182 977 1203 more
993 1172 1080 1213 vulgi
1103 1172 1220 1204 dicere.
1256 1173 1419 1204 Caeterum
1442 1184 1507 1205 non
1529 1181 1639 1216 potest

888 1214 1003 1251 amitti,
1020 1215 1105 1255 quod
1129 1215 1273 1247 nondum
1295 1223 1463 1257 acceptum
1491 1216 1544 1248 sit.
1581 1218 1638 1248 An

887 1257 963 1298 quia
981 1259 1048 1298 jam
1065 1258 1187 1289 dudum
1203 1265 1345 1289 sumtum
1359 1259 1423 1290 sit?
1448 1258 1575 1299 (Verba
1585 1262 1639 1290 An

887 1302 982 1337 -sit‚
995 1300 1104 1331 Guido
1119 1301 1288 1332 «Iuvenalis
1308 1301 1426 1339 omisit,
1442 1302 1534 1340 forte,
1551 1303 1639 1343 quod

888 1342 1019 1373 aliunde
1034 1349 1142 1374 assuta
1157 1343 1372 1383 viderentur).
1397 1344 1439 1375 D.

935 1386 983 1415 14.
1007 1387 1090 1415 Nam
1105 1387 1169 1416 hac
1182 1397 1219 1416 ea
1234 1391 1289 1422 est,
1309 1398 1398 1426 quam
1413 1388 1499 1417 miles
1513 1398 1533 1417 a
1548 1397 1594 1418 me
1606 1389 1638 1418 vi

888 1438 967 1458 nunc
981 1433 1115 1467 ereptum
1130 1427 1229 1468 venit]
1254 1428 1330 1459 Non
1343 1428 1385 1459 ad
1396 1428 1637 1467 deterrendum,

886 1470 944 1501 sed
959 1470 998 1501 ad
1020 1470 1269 1511 praeparandum
1284 1471 1429 1502 animum
1449 1471 1637 1503 adolescen-

886 1512 929 1543 tis
943 1513 1012 1543 haec
1027 1512 1116 1550 dicit,
1132 1523 1228 1553 quem
1244 1514 1397 1545 audacem
1418 1520 1522 1555 putat,
1543 1514 1639 1546 aliter

887 1565 923 1586 ac
944 1565 996 1586 res
1012 1555 1083 1596 ipsa
1098 1562 1157 1587 est.
1196 1556 1282 1587 Nam
1298 1566 1375 1587 mox
1387 1556 1487 1588 Thais
1499 1557 1639 1588 mutabit

887 1597 1076 1635 orationem,
1100 1604 1134 1629 et
1160 1598 1256 1635 dicet,
1276 1601 1403 1632 Quicum
1424 1610 1475 1630 res
1501 1601 1560 1630 tibi
1581 1605 1638 1636 est,

881 1642 1063 1680 peregrinus
1078 1645 1143 1671 est.-
1165 1642 1272 1672 Minus
1282 1647 1390 1681 potens
1409 1652 1499 1681 quom
1519 1647 1562 1679 tu,
1579 1644 1639 1673 mi-

883 1694 940 1714 nus
956 1688 1052 1720 notus,
1065 1685 1227 1714 amicorum
1239 1686 1289 1714 hic
1304 1686 1417 1715 habens
1431 1686 1539 1715 minus.
1572 1685 1614 1716 D.

930 1726 979 1756 15.
1006 1727 1079 1756 Cum
1095 1725 1307 1767 monumentis]
1330 1728 1527 1758 Monumenta
1548 1733 1636 1764 sunt,

884 1778 956 1808 quae
971 1768 1078 1799 Graeci
1101 1768 1214 1799 dicunt
1235 1767 1440 1809 γνωρίσματα
1460 1769 1513 1800 καὶ
1535 1769 1636 1810 πάρ-

886 1821 971 1849 ·γωια
996 1811 1148 1851 (utraque
1172 1811 1310 1848 Veneta,
1334 1811 1471 1850 λείψανα
1492 1810 1638 1851 σπάργα-

888 1853 952 1892 να).
982 1853 1134 1884 D.—Abi
1150 1859 1193 1891 tu,
1209 1853 1374 1894 cistellam]
1400 1853 1495 1884 Soliti
1509 1853 1639 1885 fuerant

889 1905 1027 1936 semper,
1054 1906 1134 1935 quos
1161 1896 1377 1937 exponebant,
1408 1896 1532 1936 aliquid
1559 1896 1639 1928 dare

889 1944 1172 1969 monumentorum
1187 1938 1308 1979 pueris,
1325 1944 1362 1969 ut
1384 1948 1426 1969 ex
1448 1939 1499 1970 his
1520 1949 1637 1970 monu-

889 1979 1008 2011 mentis
1032 1980 1126 2011 fieret
1150 1987 1282 2021 postero
1307 1986 1453 2022 tempore
1482 1981 1636 2022 cognitio.

890 2022 972 2054 Haec
994 2022 1095 2063 igitur
1110 2029 1320 2054 monumenta
1360 2023 1428 2061 etit,
1445 2024 1494 2054 uti
1509 2023 1550 2055 de
1572 2024 1636 2055 cis·

889 2065 966 2096 tella
996 2065 1199 2096 deferantur:
1236 2076 1300 2106 quo
1360 2065 1455 2098 cilius
1480 2066 1638 2098 Chremes

889 2107 975 2139 inter
1004 2108 1130 2139 locutus
1161 2108 1343 2148 (instructus
1371 2108 1502 2149 conjicit
1533 2109 1637 2141 West.

890 2151 955 2181 Sed
986 2150 1111 2188 melius,
1139 2153 1318 2191 intrepidus,
1348 2162 1374 2182 s.
1402 2153 1639 2184 interlocutum

891 2193 946 2232 Z.)
969 2193 1022 2230 sit,
1038 2193 1123 2234 quod
1146 2193 1283 2224 militem
1299 2193 1411 2225 venire
1431 2194 1558 2230 videat3
1581 2194 1640 2226 illa

891 2236 1034 2275 (ancilla)
1043 2236 1225 2273 intercedit,
1235 2242 1354 2274 tamen,
1367 2236 1470 2267 interr
1581 2237 1639 2269 ubi

889 2279 1022 2310 cistella.
1055 2279 1218 2310 E.—Cum
1245 2278 1458 2319 monumentis]
1491 2279 1638 2312 Infantes

888 2321 1077 2362 antiquitus,
1094 2332 1167 2352 cum
1190 2321 1305 2353 alienae
1325 2322 1556 2353 misericordiae
1579 2332 1637 2354 ex-

886 2365 1100 2405 ponebantur,
1117 2364 1217 2396 moris
1239 2371 1309 2395 erat
1324 2363 1488 2403 ἑτισήμοις
1503 2365 1636 2405 quibus-

887 2407 962 2438 dam
988 2407 1082 2438 donis
1108 2414 1306 2445 muneratos,
1330 2407 1533 2447 relinquere:
1567 2418 1640 2449 quae

888 2450 992 2481 Graeci
1016 2448 1229 2491 γνωρίσματα,
1253 2450 1361 2481 Latini
1386 2449 1564 2491 crepundia
1585 2450 1639 2482 vel

886 2499 1096 2524 monumenta
1113 2499 1237 2524 vocant.
1266 2493 1370 2524 Plaut-
1389 2493 1530 2524 Rudent.
1547 2493 1590 2524 iv.
1604 2494 1636 2525 4.

887 2535 986 2566 Velut
1002 2535 1099 2577 Apul.
1122 2535 1157 2566 in
1181 2535 1276 2577 Apol.
1293 2537 1459 2576 crepundia
1484 2546 1638 2567 sacrorum

886 2578 979 2615 dixit,
1004 2588 1076 2618 quoe
1101 2578 1222 2609 ibidem
1251 2583 1449 2615 monumenta,
1479 2581 1579 2619 cigna,
1605 2584 1641 2610 et

886 2622 1085 2652 memoracula
1099 2632 1253 2651 sacrorum
1268 2627 1370 2652 vocat.
1410 2620 1538 2652 Idcirco
1559 2631 1638 2663 vero

890 2663 1060 2701 dabantur,
1081 2670 1118 2694 ut
1133 2670 1241 2694 essent
1255 2663 1358 2704 signa,
1374 2663 1492 2704 quibus
1510 2663 1639 2696 meliori

890 2712 1037 2748 tempore
1053 2713 1324 2747 agnoscerentur;
1347 2705 1435 2747 quod
1449 2705 1574 2737 nemini
1586 2706 1638 2748 ig-

890 2756 1002 2780 notum
1019 2759 1090 2779 esse
1101 2755 1218 2790 potest,
1229 2748 1284 2789 qui
1296 2749 1502 2790 antiquorum
1513 2748 1639 2781 fabulas

890 2791 978 2832 legit,
1000 2798 1033 2822 et
1059 2791 1284 2829 Heliodorum,
1313 2791 1472 2833 Longum,
1500 2791 1636 2824 Parthe-

890 2834 990 2871 nium,
1009 2833 1119 2875 Phleg.
1138 2833 1347 2872 Trallianum,
1364 2833 1507 2866 Neronis
1521 2834 1640 2866 Troica

890 2877 977 2918 apud
994 2876 1153 2913 Servium,
1167 2876 1298 2908 AEneid.
1314 2886 1344 2908 v.
1382 2876 1436 2908 Sic
1452 2877 1638 2915 Faustulus,

891 2926 928 2950 ut
942 2925 1189 2950 monumentum
1211 2918 1252 2950 ali
1361 2919 1531 2951 exhiberet
1545 2920 1638 2961 agni-

890 2962 988 2994 tionis
1005 2961 1101 2994 Remi
1124 2966 1157 2994 et
1174 2961 1316 3002 Romuli,
1338 2962 1377 2994 τὸ
1398 2962 1561 3003 γνόρισμα
1580 2963 1641 3001 τῆς
