1852 3216
195 113 267 153 xlii
591 109 840 152 VICTOR
878 110 961 151 DE
998 110 1341 152 COMOEDIA.

198 199 357 240 debant.
414 198 563 239 Verum
593 198 679 238 haec
711 199 893 238 universa
921 198 1030 238 nihili
1061 212 1335 251 nonnunquam
1360 207 1484 244 erant,
1503 198 1576 238 nisi
1604 210 1741 237 vocem

196 254 408 294 histriones
424 252 587 306 singulis
606 252 874 292 adhibuissent
892 253 1250 293 accommodatam:
1279 252 1593 305 quandoquidem
1614 252 1742 291 omnis

202 307 414 348 oblectatio
450 306 655 346 comoediae
692 306 974 359 propemodum
1011 307 1049 346 in
1085 308 1235 347 actione
1273 308 1466 347 consistit.
1539 306 1741 345 Hactenus

201 370 333 403 autem
360 375 450 413 quae
479 360 662 406 diximus,
683 361 786 400 bono
804 361 933 400 omine
961 361 1194 413 procedant:
1223 375 1270 400 ne
1289 361 1398 411 (licet
1426 362 1515 400 huic
1541 360 1673 399 libello
1692 360 1742 398 de

201 415 401 508 perplexdis
420 415 519 455 adeo
533 415 815 467 quaestionibus
835 415 1080 467 propositum
1096 429 1173 454 non
1192 416 1242 454 sit
1261 415 1479 467 disputare)
1493 415 1606 453 nimis
1621 414 1744 452 multa

203 483 290 510 esse
310 483 347 508 vi
378 479 528 508 eantur.

257 523 298 563 Si
318 523 494 563 funditus
523 522 675 562 Latinae
705 522 910 561 comoediae
939 536 1093 573 quaeras
1121 523 1342 574 perspicere
1371 522 1652 562 conditionem:
1685 522 1742 560 in-

203 577 339 631 primis
358 577 442 629 ejus
462 578 651 629 originem
681 590 750 628 par
770 590 855 614 esse
882 577 1050 615 arbitror
1075 590 1151 615 non
1180 578 1383 627 ignorare:
1416 577 1561 628 quippe
1581 590 1669 615 cum
1695 576 1744 614 ad

205 646 278 672 nos
298 646 319 671 e
340 631 482 670 Graeco
502 631 608 671 fonte
634 630 810 669 derivata
835 643 904 681 per
925 629 1084 668 Latinos
1109 631 1219 682 quasi
1240 630 1422 669 traduces
1440 630 1641 669 emanarit.
1700 630 1745 668 In

206 695 383 725 veterum
403 686 534 736 itaque
554 684 694 723 sabulis
720 684 892 735 quinque
911 684 1119 735 perhibent
1138 697 1223 723 esse
1251 684 1503 728 differentias,
1524 693 1745 735 temporum

207 740 368 785 scilicet,
390 739 481 785 stili,
509 738 696 783 materiae,
724 751 986 782 numerorum,
1007 748 1046 776 et
1071 746 1293 790 apparatus.
1351 737 1478 777 Nobis
1503 738 1621 789 igitur
1647 747 1744 776 tem-

205 808 303 846 pora
330 793 679 838 considerantibus,
710 792 784 830 tria
811 792 1091 830 comoediarum
1124 804 1268 843 genera
1296 805 1382 830 sese
1410 791 1582 830 offerunt
1609 791 1747 830 distin-

205 847 373 900 guenda.
431 847 604 885 Primum
624 846 728 884 enim
746 854 818 890 est,
839 845 943 896 quod
962 859 1037 884 una
1057 860 1146 884 cum
1176 845 1549 897 Peloponnesiorum
1570 846 1746 897 imperio,

207 902 429 947 Susarione,
458 900 521 939 vel
549 900 778 938 Sannirione
807 899 939 938 floruit
967 900 1181 939 inventore.
1239 899 1434 944 Alterum,
1463 900 1568 950 quod
1596 900 1646 938 ab
1676 900 1748 938 im-

206 956 345 1008 positis
365 969 434 1007 per
455 954 773 993 Lacaedemonios
787 954 1084 992 Atheniensium
1106 954 1335 1000 cervicibus,
1353 954 1510 1005 triginta
1524 955 1633 1004 quasi
1647 953 1748 1005 jugo

207 1009 380 1062 tyrannis
406 1008 455 1048 ad
481 1018 636 1048 aetatem
666 1022 790 1059 usque
820 1008 990 1060 Philippi
1013 1008 1243 1047 Macedonis
1262 1016 1323 1046 est
1348 1018 1618 1060 propagatum,
1640 1007 1749 1047 vide-

207 1063 300 1103 licet
317 1077 386 1115 per
411 1076 530 1102 annos
550 1062 704 1101 circiter
729 1063 950 1113 sexaginta.
1007 1062 1198 1108 Tertium,
1218 1062 1322 1112 quod
1342 1063 1391 1101 ab
1412 1062 1628 1101 Alexandri
1650 1072 1748 1101 tem-

207 1118 369 1170 poribus
389 1117 487 1156 adeo
509 1117 679 1155 faustum
704 1117 842 1155 sumsit
865 1117 1029 1161 initium,
1049 1125 1093 1154 ut
1111 1117 1228 1155 etiam
1248 1131 1270 1155 a
1299 1116 1447 1155 Latinis
1472 1117 1510 1155 in
1537 1116 1750 1168 praesentia

209 1171 442 1211 celebretur.
515 1171 782 1209 Veruntamen
819 1184 894 1221 ego
932 1170 1164 1209 comoediam
1202 1170 1389 1209 Graecum
1426 1183 1511 1209 esse
1549 1171 1749 1209 inventum

208 1226 366 1265 minime
385 1225 575 1264 arbitror:
605 1238 728 1275 neque
748 1225 810 1275 (ut
830 1225 1003 1263 Thomas
1027 1224 1233 1276 Magister,
1250 1234 1289 1263 et
1308 1238 1396 1263 eum
1415 1225 1551 1270 secuti,
1570 1224 1749 1263 videntur

209 1279 422 1329 oestimare)
441 1280 491 1318 ab
510 1279 690 1330 agricolis
709 1279 852 1317 civium
876 1278 1036 1330 injurias
1058 1279 1384 1330 conquerentibus
1404 1292 1489 1317 esse
1514 1279 1745 1318 derivatam.

210 1333 301 1373 Hoc
321 1347 460 1384 nempe
479 1346 634 1372 causam
651 1333 884 1384 asperitatis.
901 1342 941 1371 et
954 1332 1176 1384 jurgiorum
1196 1334 1233 1372 in
1251 1333 1373 1372 veteri
1389 1333 1582 1372 comoedia
1597 1333 1750 1372 reddit:

210 1401 328 1439 quam
347 1400 440 1426 mox
460 1387 534 1438 ipsi
552 1386 666 1437 longe
685 1386 799 1425 aliam
818 1400 902 1425 esse
922 1387 1150 1426 docebimus
1167 1401 1175 1425 :
1206 1400 1331 1439 neque
1352 1387 1505 1426 videtur
1527 1387 1749 1439 quicquam,

209 1450 255 1481 ut
282 1455 382 1487 reor,
409 1441 459 1480 ad
478 1440 682 1480 comoediae
710 1440 924 1493 primordia
952 1441 1171 1492 pertinere:
1200 1441 1383 1493 qnoniam
1409 1441 1606 1493 Orpheus,
1635 1455 1751 1492 quem

212 1504 366 1535 constat
386 1509 453 1547 per
473 1504 627 1534 centum
647 1494 813 1546 amplius
832 1508 952 1533 annos
981 1504 1070 1534 ante
1096 1495 1257 1547 Trojani
1283 1494 1375 1533 belli
1396 1504 1573 1547 tempora
1591 1495 1752 1541 vixisse,

212 1551 286 1589 sub
305 1548 571 1588 Laomedonte
590 1548 750 1593 scilicet,
766 1562 811 1587 ac
834 1549 997 1587 Athenis
1015 1549 1139 1600 AEgeo
1158 1550 1384 1601 imperante,
1406 1549 1548 1589 Bacchi
1567 1549 1754 1600 mysteria

213 1605 263 1643 ab
292 1603 488 1655 AEgyptiis
519 1602 658 1642 tralata
686 1602 766 1641 suis
797 1603 1088 1642 Thracensibus
1121 1603 1319 1642 indicavit.
1377 1603 1498 1654 Atqui
1532 1603 1752 1650 comoediae,

211 1657 541 1709 quemadmodum
567 1656 668 1695 idem
688 1656 826 1695 asserit
853 1656 1039 1702 Thomas,
1062 1658 1163 1696 veris
1185 1666 1359 1709 tempore
1381 1657 1418 1695 in
1446 1657 1754 1696 Bacchanalibus

211 1712 438 1764 agebantur.
497 1709 613 1749 Unde
642 1710 759 1749 etiam
793 1710 898 1763 apud
934 1710 1130 1750 Romanos
1163 1725 1229 1750 ara
1261 1711 1406 1750 Libero
1437 1712 1538 1763 patri
1572 1726 1683 1750 sacra
1716 1712 1755 1750 in

213 1765 357 1804 dextro
384 1764 504 1804 latere
533 1778 673 1810 scenae,
702 1764 1030 1816 quemadmodum
1059 1766 1113 1804 ait
1141 1765 1334 1811 Donatus,
1367 1764 1429 1804 vel
1460 1766 1686 1811 orchestrae,
1713 1774 1756 1804 ut

214 1818 370 1865 Pollux,
394 1832 547 1870 semper
566 1819 800 1871 erigebatur,
820 1818 927 1870 quod
946 1819 1158 1858 maximum
1180 1829 1240 1858 est
1264 1828 1549 1871 argumentum,
1569 1834 1591 1859 a
1613 1819 1757 1859 Bacchi

214 1873 410 1925 mysteriis
424 1885 538 1912 omne
553 1872 770 1911 fabularum
788 1886 911 1924 genus
926 1886 1010 1911 esse
1030 1873 1290 1925 depromtum.
1338 1875 1383 1913 Id
1406 1874 1597 1913 Horatius
1617 1875 1757 1920 innuit,

216 1941 336 1979 quum
369 1935 628 1979 spectatorem
660 1935 700 1965 et
735 1927 854 1966 sacris
884 1927 1074 1973 functum,
1106 1936 1146 1966 et
1178 1937 1313 1979 potum
1346 1928 1529 1981 appellat.
1588 1928 1663 1967 Par
1696 1938 1757 1967 est

259 1981 336 2020 itur
361 1981 552 2026 arbitrari,
572 1981 698 2032 prima
717 1980 923 2020 comoediae
943 1981 1091 2020 semina
1115 1995 1186 2034 per
1205 1981 1408 2034 Orpheum
1436 1983 1486 2022 ab
1516 1981 1691 2034 AEgypto
1718 1983 1756 2021 in

217 1995 414 2074 graeciam
435 2035 553 2073 fuisse
573 2034 701 2074 delata
718 2049 726 2074 ε
757 2034 859 2074 unde
876 2035 1076 2087 complura
1103 2049 1182 2075 non
1201 2035 1386 2088 Orpheus
1411 2036 1541 2080 modo,
1562 2050 1697 2075 verum
1717 2046 1758 2075 et

220 2088 284 2128 alii
308 2088 602 2128 transtulerunt.
659 2087 844 2128 Celebres
865 2090 966 2128 enim
995 2100 1104 2129 erant
1123 2099 1162 2129 et
1191 2090 1406 2131 Phoeniciae
1433 2090 1557 2130 literae
1585 2090 1756 2130 nondum

220 2142 371 2182 Graecis
400 2142 597 2182 sexdecim
626 2157 648 2182 a
677 2142 884 2182 Palamede
915 2142 1071 2195 Nauplii
1101 2144 1181 2183 filio
1210 2145 1484 2197 configuratis:
1522 2158 1566 2184 ac
1600 2144 1756 2197 plurimi

220 2197 350 2237 studia
376 2197 547 2249 poetices
575 2197 843 2236 habebantur:
873 2197 1113 2249 proindeque
1138 2213 1179 2237 sa
1211 2199 1333 2238 ientes
1358 2199 1413 2239 illi
1438 2199 1608 2238 numeris
1627 2200 1758 2238 omnia

222 2253 533 2303 componebant:
571 2265 659 2302 quae
688 2265 765 2290 una
793 2265 882 2290 cum
910 2253 1064 2291 caeteris
1097 2212 1208 2305 apud,
1231 2262 1313 2292 tum
1343 2253 1550 2305 AEgyptios
1579 2252 1758 2292 floruisse

221 2318 335 2344 nemo
364 2307 461 2345 bene
489 2305 628 2344 doctus
656 2304 859 2344 dubitarit.
917 2305 1007 2345 Non
1039 2306 1246 2346 defuerunt
1276 2308 1407 2353 etism,
1438 2308 1504 2359 qui
1537 2306 1757 2346 fabularum

225 2359 333 2399 initia
352 2359 492 2399 Siculis
516 2358 796 2411 adjudicarent,
817 2359 1146 2411 quemadmodum
1167 2361 1401 2401 Aristoteles
1429 2361 1467 2400 in
1495 2361 1663 2400 Poeticis
1690 2362 1757 2405 ait.

224 2414 407 2464 quoniam
451 2413 710 2465 Epicharmus
746 2414 982 2453 comicorum
1019 2415 1309 2466 antiquissimus
1354 2424 1469 2467 poeta
1514 2414 1619 2454 illinc
1656 2423 1759 2454 esset

225 2467 425 2507 oriundus.
501 2466 766 2519 Syracusanus
802 2468 904 2506 enim
947 2482 1082 2507 revera
1118 2470 1204 2514 fuit,
1241 2469 1492 2522 duplicesque
1527 2469 1759 2508 Graecorum

224 2520 373 2560 litteras
392 2526 414 2569 ζ
429 2526 451 2571 ξ
467 2539 492 2571 χ
510 2521 659 2573 primus
678 2521 851 2560 omnium
871 2523 1124 2573 excogitavit,
1144 2524 1245 2563 sicut
1265 2525 1303 2563 in
1324 2523 1468 2563 lliados
1496 2522 1611 2575 alpha
1629 2538 1759 2574 gram·

227 2576 392 2615 maticus
410 2574 607 2615 Johannes
625 2574 758 2614 solerti
777 2575 836 2615 vir
864 2575 1019 2627 ingenio
1037 2591 1188 2616 mecum
1217 2578 1358 2618 sentit:
1388 2579 1455 2617 ubi
1483 2577 1617 2628 longas
1635 2596 1655 2626 η
1675 2588 1715 2616 et
1733 2596 1760 2616 ο

226 2629 563 2691 per-Simonidem
590 2637 745 2681 poetam
776 2629 815 2668 in
839 2628 965 2669 insula
994 2629 1094 2670 Chio
1121 2641 1255 2671 natum
1285 2632 1422 2671 scribit
1450 2646 1536 2671 esse
1562 2632 1759 2677 formatas,

227 2692 602 2776 ffissl'issssuffiissiif
605 2682 1762 2793 2322322233352535223¹.2{‚2}33⁰.:{212‘?J„}ff³i1‘312;

229 2789 381 2830 tradat:
411 2790 483 2829 nisi
504 2791 554 2830 sit
572 2804 680 2830 error
709 2793 748 2831 in
767 2790 979 2837 codicibus,
999 2802 1065 2831 aut
1085 2792 1215 2833 Graeci
1246 2794 1318 2846 ipsi
1346 2807 1425 2834 non
1452 2794 1547 2834 satis
1574 2794 1648 2833 sibi
1668 2807 1763 2833 con—

228 2852 347 2889 stent,
372 2857 470 2895 quos
488 2843 551 2883 illc
570 2845 814 2897 potissimum
833 2844 950 2885 suerit
968 2855 1139 2885 secutus.
1196 2847 1327 2888 Satius
1347 2857 1476 2888 tamen
1495 2848 1662 2887 arbitror
1679 2848 1763 2887 hoee

229 2897 422 2937 elementa
439 2898 590 2950 singula
614 2899 778 2951 singulis
804 2899 1068 2939 inventoribus
1087 2900 1299 2942 addixisse.
1357 2902 1416 2942 Es
1434 2902 1551 2954 igitur
1568 2911 1764 2954 egrotan-

231 2951 329 2993 tium
348 2952 498 2992 somnia
516 2954 804 3005 proetermittss.
855 2952 987 2995 Unum
1006 2953 1080 2995 hoc
1099 2955 1225 2996 sciens
1244 2957 1295 2996 ab
1315 2955 1515 3010 AEsehylo,
1529 2965 1568 2996 et
1588 2956 1654 3008 qui
1674 2969 1763 2995 eum
