1852 3216
114 197 252 226 sanA
274 181 353 236 vn]

660 178 1074 222 EUNUCHUS.

1552 181 1637 222 245

115 283 155 312 20
173 273 244 315 Tu
257 273 347 327 jam
366 269 591 326 pendebiS,
613 270 687 325 qui
708 269 884 312 stultum
904 268 1267 312 adolescentulum
1287 268 1487 311 nobilitas

171 337 378 394 Flagitiis,
398 343 443 378 et
462 335 647 378 eundem
666 335 853 378 indicas:

890 343 1073 391 uterque
1094 337 1137 377 in
1160 343 1202 378 te
1222 335 1418 391 exempla
1436 335 1581 377 edent.

169 405 281 448 PAR.
305 402 463 445 Nullus
498 417 605 444 sum.
656 401 740 444 ΡΥ.
765 401 851 444 Hic
876 416 957 457 pro
987 401 1059 443 illo
1088 416 1263 443 munere
1297 401 1374 443 tibi
1402 400 1541 446 honos
1572 409 1639 443 est

254 469 427 511 habitus
443 485 452 510 :
485 468 607 510 abeo.

170 534 283 577 PAR.
306 534 492 590 Egomet
506 548 601 576 meo
620 533 776 576 indicio
795 533 940 582 miser,
961 532 1085 588 quasi
1105 547 1246 583 sorex,
1267 532 1396 575 hodie
1417 532 1540 588 perii.
1578 547 1581 549 ’

357 696 609 771 ACTUS
659 720 944 775 QUINTI
990 720 1240 769 SCENA
1283 721 1397 769 vn.

656 837 864 869 GNATHO.

901 837 964 868 ΤΗ
969 837 1101 868 RASO.

174 922 298 971 Qun)
328 921 470 963 nunc?
500 934 586 974 qua
616 933 708 974 spe,
736 926 811 960 aut
839 934 926 974 quo
956 918 1131 961 consilio
1161 919 1247 961 huc
1276 919 1414 962 imus?
1445 920 1550 975 quid
1581 920 1642 962 in·-

257 994 420 1043 ceptas‚
442 984 645 1027 Thraso?

115 1132 229 1155 onem·
253 1120 338 1152 unde
357 1121 465 1151 diiatio
482 1125 532 1150 est
550 1118 645 1154 dicta,
664 1117 728 1149 diei
749 1117 856 1160 prola-

115 1165 169 1197 tio.
209 1165 334 1196 D.-1n
355 1165 434 1195 diem
460 1161 554 1203 istuc]
579 1161 748 1198 Videlicet,
773 1161 857 1202 quod

115 1207 195 1239 mihi
206 1206 366 1239 minitaris
377 1205 582 1248 supplicium,
594 1205 698 1236 adhuc
710 1204 858 1235 imminet

115 1258 147 1282 et
166 1251 355 1299 impendet:
388 1256 421 1280 at
444 1257 479 1280 tu
498 1250 566 1289 jam
588 1247 743 1290 punieris.
775 1248 859 1278 E.—

116 1294 234 1326 Faerni
247 1293 321 1325 libri
336 1299 413 1324 vett.
430 1299 463 1324 et
477 1291 579 1323 nostri
590 1291 746 1333 plerique,
759 1293 856 1322 mina-

113 1349 156 1369 re.
190 1338 228 1369 B.

159 1382 210 1411 20.
238 1382 282 1411 Tu
289 1380 359 1420 jam
370 1377 531 1420 pendebis]
551 1380 631 1413 Jam,
648 1377 781 1408 nimiam
802 1387 857 1408 ve-

115 1424 277 1454 locitatem
291 1423 460 1464 significat.
486 1422 635 1455 D.-Qm·
648 1422 773 1452 stultum
784 1422 857 1451 ado-

116 1469 271 1498 lescentem
293 1464 451 1506 nobilitas]
476 1465 549 1496 Hoc
570 1471 628 1500 est,
644 1464 784 1505 peccatis
799 1474 857 1494 no-

116 1517 184 1540 tum
198 1509 346 1540 omnibus
356 1509 485 1540 reddis:
510 1507 792 1539 eundemindicas.
818 1507 857 1538 E.

116 1553 206 1584 —Ut
224 1552 367 1583 numeris
389 1558 422 1582 et
443 1551 612 1582 sententiae
631 1550 788 1587 consulas,
806 1561 857 1581 re-

116 1606 201 1638 pone
217 1596 302 1627 hunc
318 1602 351 1626 et
365 1606 430 1635 seq.
452 1595 518 1626 ita:
555 1596 601 1625 Tu
615 1593 684 1634 jam
702 1595 857 1633 pendebis,

116 1642 218 1676 stulte,
228 1641 280 1680 qui
290 1640 542 1669 adulescentulum
554 1639 696 1668 nobilitas
707 1638 861 1676 Flagitiis,

118 1688 147 1713 et
157 1685 242 1723 patri
252 1684 369 1713 indicas
383 1693 392 1711 .-
411 1683 534 1721 uterque
543 1682 675 1720 exempla
686 1682 755 1711 inte
765 1682 861 1710 e‘dent.

120 1726 204 1756 Nam
227 1735 285 1756 cur
306 1725 472 1756 Chaeream
495 1731 589 1755 vocet
609 1723 755 1760 stultum,
774 1722 864 1754 nulla

119 1769 230 1799 subest
244 1767 336 1804 ratio,
349 1778 444 1808 quem
460 1767 548 1798 intus
563 1767 634 1808 ipsa
648 1773 781 1797 noverat
793 1776 862 1797 rem

119 1812 202 1842 bene
222 1821 344 1852 gerere.
394 1810 478 1841 Tum
494 1810 558 1841 duo
573 1810 664 1840 codd.
688 1814 717 1840 et
738 1811 862 1840 eundem

114 1857 202 1895 patri
217 1856 355 1885 indicas.-
378 1853 464 1884 unde
480 1863 543 1883 vox
564 1853 688 1883 advena
709 1852 861 1883 domesti-

119 1908 189 1929 cam
210 1897 344 1938 expulit.
381 1896 509 1927 Deinde
530 1895 593 1926 nisi
606 1898 693 1935 patri
712 1895 861 1932 retineas,

119 1946 243 1981 uterque
255 1948 304 1971 est
315 1940 466 1971 alienum.
490 1939 640 1991 Denique
650 1948 761 1969 omnes
769 1938 860 1969 codd.

120 1991 153 2015 et
168 1984 238 2015 edd.
257 1990 333 2014 vett.
350 1985 483 2023 exempla
498 1985 530 2013 in
544 1988 582 2013 te.
616 1982 653 2013 B.

163 2028 214 2058 21.
231 2028 386 2058 Nobilitas
393 2028 537 2066 flagitiis,
546 2031 577 2057 et
591 2027 715 2057 eundem
726 2024 860 2065 indicas]

122 2070 211 2101 Duas
227 2080 278 2101 res
294 2070 454 2111 significat
475 2069 588 2100 simul:
614 2075 646 2100 et
665 2068 753 2109 cogis
769 2067 860 2108 flagi-

119 2113 165 2144 tia
184 2113 298 2149 facere,
322 2120 355 2144 et
376 2112 546 2143 facientem
567 2111 699 2143 indicas.
730 2113 861 2152 Uterque

119 2159 152 2188 in
176 2162 205 2188 te
229 2159 363 2196 exempla
386 2154 490 2196 edent]
515 2156 609 2186 Nova
629 2165 666 2186 ac
690 2154 771 2185 mira
793 2160 859 2185 tor·

119 2206 238 2236 menta,
254 2210 326 2240 quae
349 2209 408 2241 pro
430 2198 587 2240 exemplis
608 2205 789 2234 narrentur,
806 2204 863 2228 aut

120 2253 191 2283 quae
214 2243 406 2274 documenta
432 2242 498 2273 sint
523 2241 658 2278 caeteris,
686 2251 727 2271 ne
757 2240 861 2271 delin-

121 2292 229 2326 quant,
241 2288 375 2326 exempla
389 2285 549 2317 dicuntur.
578 2285 623 2316 Et
636 2286 733 2321 edent,
750 2291 783 2314 et
795 2286 863 2315 edet

120 2328 247 2370 leg-itur.
286 2328 321 2360 Si
342 2331 440 2366 edent,
456 2328 477 2359 fi
479 2334 629 2369 guratum
651 2334 718 2359 est:
742 2327 767 2358 si
784 2329 862 2365 edet,

121 2378 216 2403 recte.
241 2372 285 2403 Et
298 2372 372 2414 plus
387 2379 436 2403 est
451 2374 527 2409 edet,
544 2382 639 2412 quam
655 2372 750 2402 dabie.
778 2371 818 2401 D.
820 2388 864 2393 —

129 2416 259 2456 Uterque
273 2418 407 2455 exempla
428 2418 461 2446 in
483 2421 512 2446 te
535 2414 641 2456 edent]
666 2413 863 2446 Adolescens

123 2457 177 2497 qui
199 2458 385 2490 nobilitatus
407 2464 456 2490 est
477 2458 616 2499 flagitiis,
641 2464 674 2489 et
697 2464 789 2499 pater
811 2456 864 2488 cui

123 2500 184 2531 hoc
200 2501 445 2532 estindicatum.
478 2502 516 2532 E.

167 2545 217 2574 22.
233 2545 346 2575 Nullus
359 2544 440 2585 sum]
466 2544 539 2575 Hoc
562 2554 671 2576 secum
695 2544 865 2574 Parmeno.

124 2588 187 2617 Hic
207 2598 263 2626 pro
278 2589 330 2618 illo
344 2599 462 2619 munere
479 2590 536 2618 eibi
550 2590 638 2618 honos
654 2592 700 2618 est
721 2589 842 2618 habitus
853 2599 864 2618 .-

123 2629 213 2670 abeo]
238 2629 405 2670 Εἷρωνικῶς
425 2637 459 2661 et
481 2632 701 2671 μεταφορικῶς,
719 2641 777 2670 pro
799 2641 863 2661 mu-

123 2684 202 2704 nere.
227 2673 271 2703 Et
283 2673 383 2703 honos
394 2672 598 2714 rumigerulis
612 2675 866 2714 (munerigerulis,

123 2723 211 2747 recte
226 2715 357 2756 conjicit
372 2715 477 2747 Bentl.
490 2723 528 2747 ut
535 2716 621 2757 apud
634 2716 738 2747 Plaut.
750 2716 864 2747 Pseud.

123 2758 144 2789 i.
163 2761 191 2790 2.
210 2760 261 2790 48.
277 2761 379 2790 Honos
400 2760 536 2796 habetur,
558 2770 624 2790 cum
645 2761 674 2790 ei
695 2761 747 2799 qui
762 2770 867 2790 munus

123 2804 187 2839 dat,
204 2808 266 2833 tum
281 2808 311 2833 et
325 2804 355 2833 ei
375 2805 428 2842 qui
446 2806 550 2842 portat
572 2802 627 2842 Z.)
648 2801 759 2833 haberi
775 2802 865 2833 solet.

167 2890 217 2919 23.
234 2890 361 2928 Egomet
382 2899 444 2919 meo
462 2889 575 2919 indicio
596 2890 695 2925 miser,
711 2890 798 2928 quati
814 2899 861 2919 so·

123 2943 186 2968 rex,
213 2933 299 2962 hodie
319 2931 417 2972 perii]
452 2930 622 2973 Proprium
644 2930 782 2962 soricum
806 2938 864 2968 est,

124 2975 174 3006 vel
190 2974 326 3006 stridere
342 2975 459 3006 clarius
474 2984 569 3015 quam
586 2984 703 3011 mures,
716 2974 767 3004 vel
782 2980 863 3006 stre-

124 3028 200 3059 pere
225 3018 335 3059 magis,
364 3028 460 3059 quum
486 3017 645 3049 obrodunt
671 3017 801 3049 frivola:
825 3018 864 3048 ad

901 1127 995 1158 quam
1011 1115 1121 1148 vocem
1138 1117 1231 1149 multi
1247 1127 1281 1149 se
1299 1117 1514 1155 intendentes.
1530 1130 1642 1160 quam-

901 1161 950 1192 vis
973 1171 1033 1203 per
1056 1161 1204 1192 tenebras
1226 1161 1339 1197 noctis,
1361 1162 1554 1203 transfigunt
1578 1173 1643 1194 eos.

902 1204 1046 1241 Plautus,
1071 1204 1187 1235 Bacch.
1204 1204 1246 1235 iv.
1265 1206 1293 1235 8.
1310 1205 1362 1235 46.
1387 1204 1591 1245 confossiorem
1615 1211 1644 1237 te

893 1247 1012 1288 faciam
1027 1250 1157 1278 soricina
1172 1251 1277 1279 naevia.
1301 1250 1426 1288 Egomet
1441 1260 1502 1280 meo
1514 1249 1643 1290 indicio]

902 1291 1112 1322 Proverbium
1134 1291 1168 1322 in
1185 1302 1248 1328 eos,
1266 1292 1320 1332 qui
1342 1291 1405 1333 ipsi
1427 1302 1461 1323 se
1483 1292 1642 1333 produnt;

901 1334 976 1374 quia
990 1344 1086 1365 sorex
1100 1344 1165 1365 non
1176 1334 1268 1365 facile
1283 1343 1460 1376 caperetur,
1474 1335 1536 1366 nisi
1550 1336 1644 1367 emit-

902 1383 984 1408 teret
999 1387 1110 1408 vocem
1131 1384 1237 1408 noctu.
1273 1379 1368 1411 Quasi
1381 1389 1466 1409 sore:
1486 1381 1572 1410 hodie
1587 1390 1645 1419 pe-

901 1419 960 1461 rii]
982 1420 1068 1456 Quia
1088 1420 1188 1451 latere
1209 1421 1325 1461 potuit,
1341 1431 1400 1451 nec
1423 1421 1535 1458 occidi,
1552 1422 1579 1453 si
1595 1429 1644 1453 ta-

902 1470 997 1494 ceret.
1030 1464 1187 1494 D.—Meo
1208 1466 1320 1494 indicio
1342 1463 1449 1505 miser]
1482 1465 1646 1496 Ausonius

903 1507 1109 1548 Symmacho:
1134 1508 1266 1538 Latebat
1287 1509 1367 1538 inter
1387 1519 1484 1548 nugas
1505 1519 1585 1539 mea-s¹
1606 1511 1645 1539 li-

903 1552 996 1580 bellus
1012 1551 1152 1590 ignobilis
1161 1562 1173 1585 ,·
1194 1553 1368 1591 utinamque
1389 1553 1536 1587 latuisset,
1553 1563 1646 1592 neque

901 1595 1014 1624 indicio
1035 1604 1087 1624 suo
1102 1598 1244 1633 tanquam
1262 1604 1349 1624 sorex
1366 1596 1493 1633 periret.
1525 1594 1645 1626 Hiero-

906 1647 992 1677 nym.
1006 1637 1129 1667 advers.
1144 1636 1307 1678 Pelagian.
1323 1639 1384 1668 Suo
1397 1640 1485 1678 quasi
1499 1649 1564 1668 mus
1571 1650 1644 1678 pro-

905 1682 996 1710 detur
1021 1681 1142 1716 indicio,
1166 1682 1314 1719 ampliora
1338 1682 1370 1710 in
1390 1691 1458 1711 vero
1485 1684 1646 1713 certamine

905 1725 1029 1754 vulnera
1039 1728 1241 1763 suscepturus.
1265 1723 1468 1764 Augustinus
1483 1723 1592 1766 Episc.
1605 1724 1646 1756 de

906 1766 1029 1797 Ordine
1041 1766 1062 1796 i.
1076 1767 1104 1797 3.
1122 1768 1249 1806 Egomet
1262 1777 1325 1797 meo
1338 1769 1450 1797 indicio
1464 1770 1551 1807 quasi
1563 1779 1648 1799 sore-²·

907 1807 1042 1850 (inquit)
1065 1821 1123 1840 non
1146 1811 1259 1840 dictum
1289 1814 1334 1840 est
1359 1812 1536 1841 commodius
1566 1813 1649 1851 apud

909 1854 1090 1888 Terentium,
1106 1864 1194 1893 quam
1209 1864 1288 1883 nunc
1302 1855 1363 1883 dici
1378 1864 1397 1883 a
1413 1864 1457 1883 me
1472 1855 1509 1884 de
1524 1865 1568 1884 me
1577 1859 1647 1893 pot-

906 1900 960 1926 est.
984 1897 1044 1926 Sed
1058 1906 1129 1926 sane
1144 1897 1222 1926 illud
1235 1898 1372 1926 ultimum
1377 1894 1513 1935 sortasse
1528 1899 1560 1927 in
1576 1908 1644 1927 con-

905 1940 1034 1968 trarium
1060 1943 1202 1969 vertetur.
1244 1938 1331 1973 Quod
1353 1941 1431 1969 enim
1460 1941 1507 1970 ait
1530 1948 1646 1970 nonu:

906 1989 1018 2018 rann,
1035 1992 1089 2021 ego
1101 1983 1187 2012 hodie
1192 1980 1277 2022 sorte
1292 1984 1437 2013 inveniar.
1469 1982 1506 2024 L.

951 2025 978 2055 l.
1006 2026 1088 2058 Quid
1108 2027 1211 2055 nunc?
1233 2036 1293 2065 qua
1312 2036 1372 2065 spe,
1389 2030 1512 2065 autquo
1526 2028 1649 2058 consilio

903 2069 961 2098 huc
983 2069 1060 2098 imus
1070 2066 1104 2108 ?]
1129 2067 1349 2099 Reminiseere
1374 2068 1461 2099 hunc
1489 2079 1568 2106 esse,
1592 2068 1648 2110 qui

904 2121 1002 2152 supra
1016 2110 1112 2141 militi
1127 2110 1253 2141 dixerat
1268 2111 1308 2142 de
1319 2111 1453 2148 Thaide,
1465 2114 1648 2143 Iamdudum

905 2159 934 2185 te
960 2159 1063 2189 amat,·
1092 2160 1125 2185 et
1146 2164 1266 2190 rursuS‚
1287 2156 1357 2185 Jam
1382 2157 1438 2185 tibi
1459 2157 1523 2186 hoec
1547 2157 1650 2187 aderit

904 2199 1077 2237 supplicans
1103 2199 1192 2228 ultro.
1231 2197 1277 2228 Et
1301 2197 1377 2228 hinc
1404 2197 1537 2236 videbis,
1569 2209 1649 2239 quos

906 2240 1013 2271 exitus
1024 2240 1139 2271 habeat
1150 2240 1334 2271 assentatio.
1357 2241 1443 2271 Nam
1454 2240 1540 2272 idem
1553 2241 1649 2273 militi

905 2291 1017 2314 auctor
1031 2290 1080 2314 est
1095 2293 1228 2314 summae
1242 2283 1484 2325 desperationis.
1519 2284 1562 2315 Et
1577 2284 1648 2316 ani-

906 2326 1079 2362 madverte,
1096 2327 1181 2367 quod
1203 2337 1331 2368 semper
1352 2337 1371 2358 a
1392 2337 1504 2358 mensa
1519 2327 1650 2360 Gnatho

906 2369 1028 2401 invitus
1043 2370 1262 2402 abstrahatur.
1286 2380 1361 2401 nam
1380 2377 1413 2401 et
1427 2381 1534 2412 supra,
1550 2381 1650 2412 quum

907 2413 947 2444 ad
963 2413 1052 2444 litem
1068 2413 1208 2450 venitur,
1219 2424 1260 2444 ex
1273 2413 1378 2445 verbis
1389 2413 1564 2445 Thrasonis
1578 2424 1649 2446 ma-

907 2456 1059 2488 nifestum
1083 2463 1142 2493 est,
1161 2464 1194 2487 et
1208 2457 1414 2488 Gnathonem
1436 2456 1573 2488 invitum
1595 2467 1648 2488 se-

909 2500 974 2540 qui,
991 2500 1046 2531 ubi
1061 2499 1149 2538 dicit,
1165 2502 1304 2531 Hancine
1320 2511 1374 2541 ego
1388 2506 1423 2531 ut
1443 2502 1650 2532 contumeliam

910 2548 1034 2580 tantam,
1069 2548 1131 2574 tam
1166 2546 1312 2584 insignem
1345 2545 1377 2573 in
1412 2554 1458 2574 me
1491 2545 1649 2584 accipiam,

912 2588 1031 2617 Gnatho
1042 2589 1058 2617 ?
1074 2588 1157 2617 Mori
1171 2598 1216 2617 me
1230 2588 1328 2618 satius
1340 2592 1394 2617 est.
1423 2586 1468 2617 Et
1481 2586 1574 2625 bene,
1589 2598 1650 2628 qua

908 2641 968 2670 spe,
995 2636 1028 2661 et
1049 2641 1105 2670 quo
1126 2631 1267 2660 consilio.-
1290 2635 1442 2670 tanquam
1462 2629 1571 2661 omnia
1591 2640 1650 2662 ex-

909 2679 1031 2714 pertus,
1048 2679 1081 2704 et
1096 2683 1155 2704 nec
1170 2672 1357 2704 muneribus
1371 2679 1492 2713 gratus,
1507 2683 1567 2705 nec
1584 2678 1649 2705 ter—

909 2716 1036 2747 roribus
1050 2715 1251 2747 metuendus.
1289 2717 1371 2749 Quid
1383 2719 1486 2747 nunc?
1507 2727 1567 2757 qua
1579 2716 1648 2758 ape]

911 2759 1075 2790 Parasitus
1099 2758 1251 2800 intelligit
1279 2758 1363 2800 (pro,
1386 2770 1447 2800 qua
1471 2770 1523 2799 epe
1542 2771 1648 2801 paras.

909 2808 965 2833 etc.
982 2802 1043 2843 leg.
1061 2803 1130 2832 Non
1144 2804 1230 2842 quasi
1245 2804 1343 2833 minus
1359 2804 1518 2842 parasitus
1533 2805 1649 2834 intelli-

902 2851 960 2886 gat
973 2845 1027 2885 Z.)
1043 2844 1120 2885 quid
1131 2850 1207 2885 agat
1218 2844 1328 2876 miles:
1351 2845 1409 2876 sed
1423 2845 1464 2878 ad
1477 2846 1538 2877 hoc
1552 2846 1649 2878 indu-

906 2889 990 2920 citur
1019 2888 1218 2929 interrogare
1248 2887 1354 2930 (forte,
1377 2891 1565 2930 interrogem
1596 2889 1650 2928 Z.)

906 2931 1014 2973 ipsum
1037 2930 1183 2968 militem,
1207 2938 1245 2962 ut
1272 2931 1411 2973 populus
1439 2932 1559 2970 audiat,
1585 2943 1649 2974 quo

908 2974 1042 3006 consilio
1064 2974 1174 3005 veniat
1195 2974 1235 3006 ad
1251 2974 1416 3006 Thaidem.
1449 2978 1532 3010 Quid
1546 2979 1648 3008 nunc?

909 3029 967 3058 qua
982 3016 1050 3058 spe]
1076 3018 1206 3049 Summa
1228 3017 1408 3060 desperatio
1424 3026 1472 3050 est
1487 3019 1572 3060 apud
1588 3020 1647 3050 mi-
