1852 3216
199 96 295 136 xxiv
690 92 1022 137 ,TERENTH
1063 91 1235 133 VITA.

197 181 330 235 Scipio
361 179 638 235 Carthaginem
669 180 829 234 quidem
860 179 966 226 vicit,
997 188 1036 219 et
1065 178 1310 219 tributariam
1341 178 1447 225 feeit,
1478 191 1558 220 non
1594 180 1738 220 evertit

195 236 351 278 tameni
395 279 402 285 ,
425 249 462 276 m
478 235 752 289 Carthaginem
769 250 780 282 ς
810 234 882 274 sed
900 246 1022 286 nepos
1037 233 1123 285 ejus
1135 232 1357 284 adoptivus,
1371 232 1580 273 Africanus
1595 233 1734 273 minor.

195 290 350 331 Anniba
366 304 427 330 em
446 299 639 343 proeterea
657 289 761 330 bello
781 289 886 335 vicit,
907 287 1150 340 fugavitque,
1171 286 1240 325 sed
1259 299 1504 338 nequaquam
1524 287 1732 327 interfecit.

195 343 349 397 Nempe
368 344 435 396 qui
455 345 582 384 victus
601 345 639 384 in
660 344 795 383 Asiam
824 342 1011 394 profugit,
1032 351 1072 379 et
1090 342 1164 380 sub
1185 340 1379 380 Antiocho
1397 354 1490 393 rege
1518 341 1544 380 S

1595 355 1643 381 ιω
1663 356 1735 381 mi·

194 398 312 439 litans
337 398 499 438 consilio
517 409 635 450 atque
654 411 775 450 opera
794 411 864 436 sua
883 405 923 434 et
941 396 1045 447 regis
1073 395 1246 446 potentia
1266 407 1410 433 novum
1430 408 1519 434 cum
1546 355 1736 436 §romanis

196 452 342 493 bellum
362 452 492 492 denuo
511 453 643 505 gessit.
702 452 807 496 Quae
828 450 989 489 historia
1008 449 1199 491 omnibuS.
1220 448 1287 498 qui
1308 448 1346 487 in
1375 448 1519 488 talibus
1538 449 1735 502 ingenium

195 515 396 553 exercent,
417 506 641 572 planissime
663 515 756 544 nota
774 514 846 544 est.
894 502 1049 542 Deinde
1069 502 1260 553 Scipionis
1281 502 1556 555 triumphantis
1575 517 1733 543 currum

195 574 274 602 non
304 561 366 600 hic
394 560 603 600 'lerentius
631 560 798 612 pileatus
827 567 1057 610 prosecutus
1085 566 1157 602 est,
1186 555 1255 595 sed
1283 555 1382 595 alter
1410 556 1527 609 hujus
1554 558 1733 604 nominis,

197 614 396 655 Romanus
425 615 548 654 civis:
586 623 627 653 et
655 622 699 653 ut
726 612 907 651 Valerius
939 610 1141 649 Maximus
1170 619 1348 656 testatur,
1379 611 1564 662 praetoria
1590 611 1736 652 familia

196 679 318 713 ortus,
339 678 379 708 et
398 669 497 708 inter
518 682 664 720 paucos
684 666 868 706 senatorii
886 664 1035 704 ordinis
1055 664 1295 716 splendidus.
1349 663 1431 708 Qui
1450 666 1566 704 etiam
1587 676 1677 718 post
1695 666 1735 705 id

198 732 364 775 tempus,
386 732 478 762 tunc
499 722 646 762 scilicet
665 735 786 773 quum
805 719 997 771 Scipionis
1016 719 1134 757 frater
1152 728 1358 758 accusatus
1375 728 1436 758 est
1461 719 1612 766 Romae,
1632 733 1735 772 prae·

198 786 324 817 turam
355 777 488 828 gessit.
545 775 625 814 Hic
654 789 748 826 ergo
779 773 1052 825 triumphantis
1085 786 1242 812 currum
1275 773 1468 824 Scipionis
1502 783 1735 825 prosecutus

196 840 269 877 est,
291 830 393 883 pileo
412 830 527 882 capiti
558 830 754 881 imposito,
775 827 881 880 quod
900 827 1056 866 donatae
1084 826 1276 866 libertatis
1295 826 1450 919 sigium
1470 836 1566 867 erat.
1624 828 1735 873 Qua-

196 894 285 924 tuor
303 884 422 923 millia
440 884 632 935 siquidem
652 883 917 923 Romanorum
936 881 1093 927 civium,
1115 880 1181 932 qui
1201 880 1305 920 bello
1368 881 1482 921 unico
1500 882 1604 934 capti
1623 892 1736 922 erant

196 948 236 978 et
263 939 302 978 in
329 939 557 978 servitutem
585 937 745 983 redacti,
773 937 898 976 victor
927 935 1059 987 Scipio
1086 934 1272 974 liberatos
1300 935 1338 974 in
1366 936 1532 987 patriam
1559 936 1733 976 reduxit.

196 993 303 1032 Inter
322 1006 421 1044 quos
439 993 514 1031 fuit
532 992 594 1031 hic
613 991 834 1036 Terentius,
854 990 903 1029 de
922 1003 1000 1042 quo
1019 989 1115 1032 dixi.
1134 998 1174 1028 et
1194 998 1272 1028 tam
1292 1003 1442 1029 memor
1468 990 1650 1030 beneficii
1667 1004 1734 1030 ac-

196 1047 313 1099 cepti,
343 1056 499 1098 tamque
527 1045 775 1098 singulariter
803 1053 893 1084 ante
921 1057 1057 1083 omnes
1085 1052 1234 1095 gratus,
1262 1052 1307 1083 ut
1332 1057 1403 1096 per
1430 1058 1585 1083 omnem
1614 1045 1733 1084 vitam

194 1100 444 1140 liberatorem
463 1114 576 1140 suum
597 1100 819 1152 Scipionem
838 1099 944 1138 omni
958 1098 1149 1149 obsequio
1164 1111 1209 1137 ac
1229 1098 1454 1150 patrociniis
1468 1098 1601 1138 debita
1615 1113 1734 1139 vene-

195 1155 346 1195 ratione
364 1154 540 1194 coluerit.
597 1154 803 1206 Triumphi
822 1162 952 1192 autem
971 1152 1035 1190 die
1058 1161 1150 1204 post
1166 1166 1255 1191 eum
1284 1152 1451 1204 pileatus
1469 1152 1639 1198 incessit,
1658 1153 1733 1193 hoc

196 1218 257 1248 est
275 1208 403 1249 liberti
423 1209 583 1248 habitu:
613 1208 723 1259 quasi
743 1221 813 1259 per
841 1207 945 1246 illius
964 1206 1037 1245 viri
1063 1206 1248 1245 virtutem
1266 1219 1308 1246 se
1335 1206 1508 1246 libertati
1536 1207 1733 1247 redditum

195 1262 342 1316 populo
369 1262 548 1302 Romano
574 1262 678 1314 pileo
703 1270 869 1301 testante
888 1261 1139 1300 denuncians.
1195 1260 1299 1304 Quae
1318 1261 1447 1300 omnia
1464 1261 1571 1314 apud
1597 1261 1733 1301 Titum

194 1317 350 1356 Livium
379 1316 674 1356 celeberrimum
701 1316 929 1355 historicum
948 1323 1041 1354 nota
1067 1323 1171 1353 sunt.
1229 1315 1308 1354 Sed
1326 1316 1454 1354 minus
1472 1316 1593 1354 miror
1617 1316 1732 1355 scho-

194 1370 352 1410 lasticos
380 1371 454 1410 hoe
473 1384 604 1409 errore
632 1370 831 1422 deceptos,
851 1383 940 1409 cum
970 1368 1115 1408 Paulus
1134 1369 1300 1408 Orosius
1328 1369 1402 1409 hoc
1431 1370 1654 1421 scripserit:
1683 1370 1733 1409 de

196 1439 275 1477 quo
293 1425 503 1464 admodum
532 1425 705 1470 mirarer,
726 1424 799 1463 nisi
819 1423 924 1475 quod
952 1423 1146 1462 interdum
1174 1437 1314 1475 magna
1333 1423 1491 1475 quidem
1520 1424 1675 1476 ingenia
1693 1433 1733 1463 et

195 1480 234 1518 in
254 1479 386 1518 multis
403 1488 594 1531 occupata
613 1488 653 1517 et
671 1478 770 1518 inter
789 1477 1039 1517 difficultates
1057 1486 1187 1516 erecta
1205 1490 1395 1528 equorum
1423 1478 1544 1517 instar
1571 1492 1645 1530 pro
1675 1487 1734 1518 ter

195 1533 388 1573 incautam
407 1533 654 1572 securitatem
679 1533 718 1571 in
738 1532 856 1585 plano
875 1532 1080 1583 cespitant.
1137 1531 1327 1571 Identitas
1345 1532 1524 1578 nominis,
1545 1533 1585 1571 ni
1605 1532 1626 1571 s
1659 1532 1731 1579 lor,

194 1601 367 1626 errorem
396 1587 500 1633 fecit,
529 1587 635 1639 quod
662 1586 811 1626 scilicet
839 1594 1004 1637 uterque
1035 1585 1258 1624 Terentius.
1314 1585 1392 1625 Sed
1425 1586 1731 1638 circumspectus

193 1641 312 1681 homo
331 1654 410 1680 non
430 1641 540 1687 vidit,
561 1640 668 1693 quod
686 1654 728 1679 se
746 1639 870 1680 oculis
897 1640 1110 1691 ingerebat,
1130 1639 1168 1678 in
1196 1639 1332 1691 primis
1351 1639 1619 1680 diversitatem
1638 1654 1732 1693 cog-

194 1696 404 1741 nominum,
423 1709 514 1747 quae
532 1695 583 1734 ad
610 1694 883 1734 discretionem
910 1694 1111 1733 nominum
1139 1702 1230 1732 sunt
1257 1694 1427 1740 inventa,
1446 1695 1555 1746 quod
1582 1694 1733 1734 scilieet

194 1749 258 1789 ille
277 1749 484 1788 Terentius
498 1748 634 1796 Culeo,
650 1749 713 1788 hic
731 1748 940 1788 Terentius
953 1747 1063 1793 Afer.
1079 1756 1124 1787 ut
1138 1748 1240 1787 tituli
1258 1747 1376 1800 hujus
1388 1749 1518 1800 operis
1531 1748 1730 1796 indicant3

194 1803 260 1842 ille
280 1803 491 1849 Romanus,
521 1803 594 1842 iste
614 1802 972 1855 Carthaginiensis:
1002 1801 1066 1840 ille
1086 1815 1107 1840 e
1127 1802 1315 1841 servitute
1336 1803 1375 1841 in
1404 1802 1637 1848 libertatem,
1658 1803 1732 1842 iste

193 1866 322 1897 autem
343 1866 477 1897 contra
495 1871 516 1896 e
535 1856 714 1896 libertate
734 1857 773 1895 in
787 1857 1015 1895 servitutem
1034 1855 1198 1903 ductus;
1230 1855 1295 1895 ille
1314 1865 1480 1903 senator,
1497 1857 1559 1896 hic
1587 1866 1729 1909 poeta3

193 1911 258 1951 ille
282 1911 365 1964 jam
397 1911 524 1950 senior
560 1924 620 1958 eo,
651 1911 715 1950 hic
744 1924 842 1963 puer
873 1924 921 1949 eo
954 1919 1143 1962 tempore,
1177 1924 1256 1962 quo
1284 1924 1308 1949 a
1340 1910 1527 1951 Romanis
1564 1911 1731 1951 ducibus

196 1974 332 2018 captus
360 1974 441 2004 est:
483 1965 521 2004 in
548 1979 627 2017 qua
653 1964 877 2017 captivitate
905 1964 957 2003 ob
985 1963 1216 2015 elegantiam
1243 1978 1396 2004 morum
1424 1964 1474 2004 ad
1501 1979 1731 2018 magnorum

194 2020 303 2059 venit
321 2019 532 2065 amicitias3
561 2027 680 2071 utque
700 2019 755 2058 ait
780 2017 976 2058 Eusebius
998 2017 1099 2057 libro
1119 2018 1167 2057 de
1188 2019 1440 2071 temporibus,
1460 2020 1511 2058 ob
1531 2020 1730 2070 ingenium

194 2082 234 2113 et
253 2074 415 2113 formam
435 2073 614 2113 libertate
634 2073 801 2112 donatus
820 2081 893 2112 est.
942 2072 1048 2111 Inter
1069 2082 1127 2111 tot
1142 2072 1388 2112 diversitates
1408 2072 1541 2112 fallere
1558 2087 1634 2112 una
1653 2087 1729 2113 non

194 2128 394 2167 debuisset
422 2127 617 2166 identitas.
690 2127 769 2166 Hic
798 2139 888 2166 sane
906 2126 1115 2166 Terentius
1134 2141 1156 2165 a
1185 2127 1375 2180 principio
1396 2126 1616 2180 juventutis
1646 2142 1729 2167 suoe

194 2182 318 2221 fertur
332 2195 354 2220 a
373 2181 561 2221 Terentio
578 2181 748 2233 quodam
766 2181 926 2220 Lucano
948 2189 1089 2226 emtus,
1109 2195 1132 2220 a
1159 2195 1238 2232 quo
1256 2189 1296 2221 et
1322 2194 1464 2221 nomen
1493 2182 1620 2234 ipsum
1651 2182 1729 2221 sor-

195 2245 296 2275 tasse
324 2236 450 2288 potuit
479 2236 667 2287 accipere,
687 2235 799 2274 aliter
827 2244 941 2274 antea
959 2234 1087 2274 dictus
1116 2235 1221 2286 apud
1249 2249 1355 2275 suos.
1412 2235 1474 2279 De
1501 2235 1575 2274 hoc
1601 2245 1730 2275 tamen

193 2298 336 2342 praeter
369 2290 632 2342 conjecturam
663 2290 789 2328 habeo
820 2288 928 2327 nihil.
986 2289 1033 2327 Id
1063 2289 1170 2340 quod
1195 2298 1359 2336 constat,
1388 2288 1540 2328 litteras
1567 2289 1728 2329 Latinas

195 2345 330 2383 Romae
358 2344 506 2390 didicit,
526 2343 575 2383 ad
604 2344 796 2395 poeticam
816 2356 973 2395 pronus,
1003 2352 1042 2382 et
1071 2343 1270 2396 praeeipue
1298 2343 1555 2390 comoediam3
1587 2358 1665 2395 quo
1689 2345 1727 2383 in

192 2411 333 2450 genere
354 2397 478 2444 facile,
500 2408 543 2437 ut
570 2397 663 2436 mihi
694 2396 860 2443 videtur,
880 2411 1015 2436 omnes
1042 2407 1130 2436 ante
1158 2412 1200 2437 se
1230 2398 1334 2437 vicit.
1392 2396 1493 2437 Nam
1521 2407 1727 2450 sequentes

192 2452 308 2491 etiam
328 2466 350 2491 a
370 2451 576 2492 scribendo
594 2450 797 2497 deterruit,
811 2464 881 2490 nec
896 2451 989 2496 sere,
1005 2465 1122 2502 quem
1142 2453 1328 2498 noverim,
1344 2451 1549 2492 eomoediae
1561 2452 1728 2505 scriptor

193 2505 319 2546 clarus
348 2515 437 2558 post
464 2505 692 2545 Terentium
722 2505 807 2544 suit.
865 2505 1031 2557 Scripsit
1059 2506 1272 2545 comoedias
1301 2506 1432 2546 forsan
1458 2506 1613 2559 plures;
1658 2506 1729 2546 sed

192 2574 282 2612 quae
311 2560 500 2599 habentur
529 2560 568 2599 in
597 2560 789 2605 manibus,
809 2573 880 2598 sex
908 2568 1009 2604 sunt,
1030 2573 1120 2611 quae
1148 2574 1218 2611 per
1237 2560 1413 2600 ordinem
1439 2561 1514 2600 hoc
1532 2560 1728 2600 volumine

192 2614 461 2653 continentur:
490 2614 669 2666 quamvis
688 2613 771 2666 ipse
791 2612 889 2652 ordo
908 2626 984 2652 non
1006 2613 1043 2652 in
1062 2615 1245 2654 omnibus
1263 2614 1524 2654 voluminibus
1542 2629 1644 2654 unus
1662 2615 1727 2654 sit.

194 2666 403 2718 Utcunque
433 2682 525 2707 vero
550 2668 626 2707 sint
653 2666 754 2714 aliae,
782 2668 928 2719 ubique
956 2668 1080 2719 prima
1106 2669 1279 2707 omnium
1307 2679 1366 2708 est
1396 2669 1567 2709 Andria:
1609 2683 1728 2721 quam

192 2722 424 2762 comoediam
454 2722 679 2774 priusquam
707 2721 890 2762 aedilibus
914 2721 1113 2767 venderet,
1135 2732 1177 2761 ut
1206 2722 1400 2763 Eusebius
1429 2723 1531 2763 idem
1550 2724 1617 2767 ait,
1637 2722 1728 2762 Cae-

193 2775 283 2816 cilio
310 2775 474 2815 multum
503 2790 544 2815 se
572 2776 725 2816 miranti
754 2775 861 2828 legit.
919 2774 981 2814 De
1005 2776 1167 2815 materia
1195 2777 1475 2817 comoediarum
1502 2777 1608 2829 loqui
1637 2790 1728 2829 pro·

192 2829 317 2870 lixum
351 2837 437 2868 est:
481 2829 530 2868 de
566 2830 810 2882 expositione
848 2828 1052 2882 prolixius.
1110 2830 1187 2870 Sed
1225 2830 1415 2883 cujusque
1451 2830 1651 2871 materiam
1690 2831 1728 2870 in

191 2892 423 2936 argumento
454 2883 539 2935 ejus
574 2884 816 2936 perbreviter
849 2883 1167 2937 comprehensam
1192 2883 1313 2924 lector
1340 2885 1537 2932 inveniam
1565 2885 1726 2937 exposi-

192 2937 339 2979 tionem
357 2937 490 2979 studio
505 2946 545 2978 et
560 2938 715 2990 ingenio
729 2937 923 2979 molietur.
970 2937 1108 2980 Genus
1125 2939 1316 2991 poematis
1331 2953 1488 2981 carmen
1503 2939 1727 2986 iambicum,
