1852 3216
95 186 235 215 semu
256 171 356 227 vm]

655 168 1069 213 EUNUCHUS.

1545 176 1627 218 221

151 261 223 304 Ne
241 267 421 302 metuas.
465 258 589 300 Tun.
613 258 734 307 Quid
754 259 955 301 videtur?
1002 259 1096 301 GN.
1118 258 1315 303 Fundam
1336 261 1415 303 tibi
1435 276 1548 305 nunc
1570 265 1632 305 ni-

234 325 314 367 mis
334 323 487 366 vellem
507 324 616 374 dari,

150 390 215 432 Ut
235 397 283 431 tu
303 388 398 431 illos
419 388 573 444 procul
592 389 692 431 hinc
712 403 768 431 ex
788 387 957 432 occulto
978 389 1194 432 caederes:
1227 389 1420 432 facerent
1440 389 1600 446 fugam.

149 454 272 497 Tmt.
308 454 398 496 Sed
429 468 574 496 eccam
608 453 824 496 Thaidem
856 455 995 510 ipsam
1022 455 1163 497 video.

232 521 465 562 irruimus?
516 519 641 562 Tan.
662 519 820 562 Manet

1222 455 1317 498 GN.
1352 455 1497 504 Quam
1530 471 1631 498 mox

150 586 310 628 Omnia
328 586 448 641 prius
470 586 673 640 experiri,
694 600 823 640 quam
843 586 986 635 armis,
1010 585 1247 640 sapientem
1267 586 1406 628 decet.

92 660 134 691 20
151 651 243 700 Qui
273 652 371 702 scis,
402 666 458 693 an
487 665 586 706 quae
609 650 801 706 jubeam,
833 650 923 692 sine
954 650 995 691 vi
1024 649 1182 692 faciat?
1233 650 1326 695 GN.
1358 650 1420 692 Di
1444 656 1631 693 vestram

234 715 381 767 fidem,

92 804 214 836 dictum
228 810 286 836 est.
325 803 495 842 Meretrix,
509 803 628 835 frustra
640 809 840 835 metuentem
874 803 1020 844 jactatur
1036 803 1109 841 Ζ.);
1133 810 1170 836 ut
1193 814 1235 836 ex
1255 805 1316 836 hoc
1338 804 1509 837 intervallo
1530 815 1630 847 pavo·

91 847 271 889 corripiens
293 847 508 884 Chremetem,
527 849 615 885 Sane,
631 846 746 887 inquit,
762 849 843 887 quod

93 892 151 921 tibi
173 902 252 921 nanc
272 893 319 921 vir
341 892 481 921 videatur
501 901 586 925 ease,-
612 895 645 920 et
665 890 764 925 deest,
783 900 841 919 non

93 938 139 964 est
150 946 163 968 ,-
186 939 223 964 ut
237 932 290 970 sit,
303 943 368 964 non
384 940 434 964 est
448 932 533 972 quod
550 931 608 962 tibi
623 941 710 962 nunc
726 931 777 962 vir
791 931 840 962 vi-

93 975 207 1006 deatur
223 985 310 1006 esse:
334 975 387 1006 hic
403 974 521 1006 nebulo
536 984 672 1015 magnus
690 980 749 1004 est.
788 973 841 1004 Sic

93 1024 128 1049 et
145 1017 232 1055 alibi,
250 1020 285 1050 Su·
307 1020 339 1049 in
350 1020 456 1058 platea
477 1019 535 1047 hac
556 1022 585 1048 te
607 1017 756 1056 offendero
773 1021 843 1056 post

92 1072 234 1101 unquam,
250 1062 329 1091 nihil
342 1061 420 1100 quod
434 1062 519 1091 dicas
539 1061 623 1096 mihi,
638 1061 743 1090 Alium
758 1069 841 1099 φια-

93 1105 217 1134 rebam:
247 1105 307 1133 iter
328 1105 385 1134 hac
408 1104 501 1133 habai
515 1115 525 1133 .·
553 1104 672 1142 peristi.
719 1101 764 1132 Ut
787 1101 841 1138 sit,

95 1145 170 1176 Non
187 1151 245 1183 est,
262 1145 347 1186 quod
362 1145 451 1176 dicas
466 1144 556 1175 mihi.
589 1145 768 1178 D.-Qu0d
784 1146 842 1175 tihi

93 1198 172 1219 nanc
188 1190 235 1218 m'r
253 1189 394 1219 videatur
414 1198 476 1219 esse
494 1189 553 1224 hic,
569 1189 676 1219 nebulo
695 1186 840 1228 magmas]

93 1230 250 1262 Glossarii
264 1237 375 1262 auctor
389 1230 475 1261 hunc
491 1230 597 1262 locum
610 1230 645 1261 in
661 1236 770 1261 mente
782 1230 840 1261 ha-

93 1273 182 1304 buit:
206 1273 259 1314 qui
275 1273 321 1304 sic
334 1273 584 1315 interpretatur:
610 1270 759 1310 Μάταως,
773 1274 842 1304 ina-

93 1318 150 1353 nis,
170 1327 282 1353 cassus,
302 1327 406 1353 vanas,
425 1317 541 1347 nebulo.
579 1315 753 1346 Terentius
774 1315 842 1346 Eu-

94 1359 222 1390 nucho:
256 1361 335 1390 Sane
357 1361 436 1399 quod
457 1361 514 1389 tibi
536 1369 615 1389 nunc
636 1360 684 1388 vir
704 1360 845 1389 videatur

94 1412 167 1438 esse,
181 1404 231 1432 hic
248 1403 355 1432 nebulo
374 1412 501 1442 magnus
522 1406 577 1432 est.
618 1400 748 1431 L—Ut
769 1410 844 1441 per-

94 1444 260 1485 spicuitati
287 1450 320 1475 et
345 1443 466 1484 linguae
494 1443 621 1484 legibus
647 1442 843 1481 consulatur,

95 1486 156 1527 leg.
171 1497 244 1518 cum
262 1487 332 1518 edd.
348 1493 425 1517 vett.
441 1492 473 1517 et
486 1486 616 1517 Donato
629 1486 728 1523 Msto,
742 1491 776 1516 et
786 1496 845 1517 sex

95 1529 215 1561 nostris
227 1529 318 1560 codd.
343 1530 432 1566 Sane,
448 1531 500 1570 qai
516 1534 537 1560 t.
555 1540 583 1560 n.
601 1540 626 1559 v.
643 1531 773 1566 videtur,
786 1534 843 1559 etc.

141 1615 190 1645 16.
217 1617 300 1648 Quid
313 1617 433 1646 videtur
445 1613 477 1655 ?]
500 1614 577 1645 Non
597 1613 720 1645 diceret
739 1613 843 1652 miles,

95 1656 124 1688 si
140 1663 240 1688 staret
255 1657 289 1688 in
305 1657 486 1689 sententia:
511 1656 568 1688 sed
577 1658 645 1697 jam
658 1656 786 1687 videtur
802 1656 842 1687 ti-

96 1710 186 1731 more
197 1706 351 1732 mutatus.
386 1702 469 1734 Quid
482 1702 602 1731 videtur
614 1699 647 1740 P]
664 1699 845 1730 Dubitandi

96 1743 183 1783 (edd.
202 1749 279 1774 vett.
298 1745 516 1774 Dubitandum.
544 1743 608 1773 Ms.
627 1742 672 1773 H.
688 1744 844 1773 Dubitan-

99 1787 148 1816 tis.
195 1785 322 1822 Malim,
345 1787 508 1822 Dubitant,
531 1797 550 1816 a
572 1797 630 1826 quo
650 1787 765 1816 dictum
786 1785 844 1824 sit)

98 1834 147 1859 est
170 1827 255 1869 quod
277 1827 400 1859 dictum
422 1827 474 1864 sit,
494 1829 577 1861 Quid
596 1829 744 1858 videtur?
774 1827 846 1868 Ego

98 1881 177 1901 sane
192 1870 252 1902 hoc
268 1870 405 1901 militem
420 1875 500 1911 puto
515 1869 632 1907 dicere,
649 1879 744 1910 quem
764 1880 845 1911 pau-

97 1913 188 1944 latim
211 1924 228 1944 a
245 1913 396 1944 violentis
411 1921 507 1953 atque
529 1912 656 1944 acribus
677 1912 848 1954 principiis

99 1956 140 1987 ad
154 1963 309 1987 terrorem
325 1955 547 1996 desidiamque
569 1955 718 1997 perducit
740 1955 846 1986 timor.

98 1999 185 2030 Nam
199 1998 305 2040 primo
320 1998 390 2040 ipse
406 1998 570 2039 praecedit,
588 2004 700 2040 utpote
719 1997 775 2038 qui
797 1997 847 2029 di-

98 2048 160 2079 cat,
176 2044 343 2082 sequimini.
382 2042 470 2072 Dum
483 2041 622 2082 denique
637 2040 771 2082 propius
787 2040 844 2071 de-

97 2090 231 2115 ventum
254 2090 312 2121 est,
333 2089 402 2124 pose
419 2086 576 2124 principia
599 2083 697 2115 refert
718 2083 845 2124 pedem.

98 2127 178 2158 Post
185 2128 254 2168 jam
267 2127 348 2158 nihil
361 2126 432 2168 ipse
445 2127 551 2164 audet,
566 2126 622 2158 sed
638 2125 752 2167 quaerit
767 2136 844 2157 con-

98 2169 207 2201 silium
235 2169 378 2210 parasiti.
430 2169 591 2210 Denique,
618 2169 674 2200 ubi
700 2168 847 2200 cominus

97 2221 151 2244 res
171 2213 315 2253 gerenda
337 2218 396 2249 est,
419 2212 503 2243 dixit
526 2223 622 2248 mane,
649 2218 682 2243 et
702 2212 849 2243 continet

98 2254 268 2287 irruentes.
306 2255 360 2286 Ad
375 2262 575 2297 postremum
593 2255 726 2292 diffisus,
744 2255 848 2285 nescit

99 2298 178 2339 quid
202 2304 295 2339 agat:
321 2298 361 2329 ad
382 2298 560 2340 parasitum
585 2304 745 2339 spectans,
774 2299 849 2338 quid

99 2342 243 2381 agimus?
270 2341 386 2382 inquit.
420 2343 560 2372 Fundam
576 2343 634 2371 tibi
648 2340 744 2381 nunc]
760 2340 847 2371 Mire

100 2383 261 2424 parasitus
275 2384 336 2415 hoc
351 2383 414 2415 ait:
439 2383 491 2415 vel
507 2383 582 2424 quia
601 2383 738 2414 militem
761 2383 847 2414 nolle

104 2425 200 2463 videt,
228 2426 282 2458 'vel
311 2427 387 2467 quia
418 2426 491 2467 (non
518 2426 657 2458 inseruit
686 2426 847 2457 Westerh.

103 2468 201 2499 Forte
230 2468 291 2509 leg.
315 2472 363 2501 vel
387 2472 461 2510 quia
481 2471 608 2500 militem
629 2471 707 2500 nolle
729 2471 847 2509 impug-

101 2522 175 2541 nare
196 2512 288 2548 videt,
303 2514 351 2543 vel
371 2514 443 2552 quia
464 2524 529 2543 eum
552 2514 645 2543 audet
666 2514 706 2542 ab
728 2514 847 2552 impug-

102 2555 201 2584 nando
217 2564 341 2585 avocare
365 2553 416 2594 Ζ.)
432 2555 530 2586 audet
550 2555 752 2596 impugnare,
768 2565 847 2585 con-

103 2595 212 2627 silium
234 2595 476 2628 formidolosum
498 2603 531 2629 et
556 2604 668 2639 aptum
690 2597 850 2628 metuenti

102 2638 202 2675 dedit,
219 2638 380 2670 subtiliter
395 2646 520 2671 tamen:
549 2650 624 2671 nam
638 2638 743 2680 funda
764 2650 847 2681 pug-

104 2687 194 2718 nant,
210 2681 265 2721 qui
281 2681 427 2713 cominus
443 2692 507 2713 non
523 2689 676 2723 possunt:
701 2690 734 2714 et
749 2694 785 2714 ex
799 2694 848 2714 oc—

102 2725 192 2760 culto,
205 2723 260 2764 qui
273 2734 337 2755 non
349 2724 470 2755 audent
481 2725 596 2766 palam.
636 2725 700 2756 Sed
714 2725 851 2757 honesta

102 2777 207 2803 causa,
225 2777 300 2803 non,
317 2766 392 2807 quia
407 2767 531 2804 timeas,
548 2767 662 2808 inquit,
678 2768 736 2799 sed
752 2767 846 2808 utsu-

98 2812 210 2849 gn'ant:
236 2815 387 2850 tanquam
404 2809 465 2840 nisi
485 2809 594 2841 hostes
615 2809 766 2851 fugerint,
783 2821 848 2842 non

101 2851 145 2883 sit
166 2858 272 2883 tutum
297 2852 459 2883 accedere.
504 2854 644 2883 Fundam
672 2852 747 2894 eibi]
772 2853 848 2885 Non

101 2894 186 2925 dixit
201 2895 336 2931 hastam,
354 2903 411 2926 aut
425 2895 589 2932 lanceam:
615 2895 672 2926 sed
687 2895 849 2937 sagittam,

94 2935 236 2976 fundam,
253 2948 324 2978 quae
341 2937 495 2969 nimirum
511 2937 607 2979 longe
617 2939 759 2978 jactatur
775 2938 852 2978 (Sed

102 2982 178 3011 eatis
192 2983 275 3020 mire,
291 2980 432 3019 fundam,
448 2992 507 3021 qua
522 2983 662 3012 nimirum
674 2983 752 3021 lapis
765 2983 850 3023 longe

883 857 953 877 rem
980 848 1165 879 ostenderet
1194 858 1260 879 non
1289 848 1439 880 audentis
1468 848 1631 880 accedere.

885 889 930 920 Et
942 889 1024 920 mire
1040 892 1097 921 tibi
1107 903 1117 921 .·
1141 896 1293 930 tanquam
1309 890 1380 932 ipse
1396 891 1556 932 parasitus
1572 902 1632 923 nec

884 931 945 962 hoc
959 932 1085 963 audeat.
1126 933 1209 963 Sunt
1223 940 1332 964 autem
1348 934 1402 974 qui
1426 940 1543 975 putent
1563 934 1633 966 haec

885 984 904 1004 a
919 974 1044 1005 Thaide
1059 974 1101 1005 ad
1122 975 1329 1006 Chremetem
1351 976 1434 1012 dici;
1457 976 1514 1008 sed
1536 977 1630 1008 male.

886 1016 962 1047 Non
974 1016 1062 1047 enim
1078 1017 1277 1048 conveniunt
1291 1018 1353 1049 ista
1369 1019 1549 1050 meretricis
1564 1019 1634 1050 dic-

885 1058 928 1090 tis
956 1059 1194 1100 superioribus:
1233 1060 1296 1091 nisi
1327 1061 1402 1101 quia
1431 1067 1541 1092 movet
1570 1072 1633 1099 me,

885 1101 970 1142 quod
997 1112 1033 1132 ex
1059 1104 1173 1133 occulto
1199 1102 1296 1133 dicit:
1332 1103 1424 1144 quasi
1450 1110 1577 1135 constet
1604 1104 1635 1136 ei

880 1144 1073 1184 jamdudum
1090 1144 1191 1176 videri
1214 1145 1361 1183 militem,
1383 1152 1416 1177 et
1437 1146 1545 1188 ipsum
1569 1157 1635 1178 non

884 1186 1014 1225 vidisse,
1031 1198 1105 1218 cum
1121 1198 1184 1228 qua
1198 1197 1402 1229 pugnaturus
1417 1189 1468 1220 sit.
1502 1190 1544 1220 D.

932 1229 980 1263 17.
1011 1232 1052 1261 Ut
1062 1235 1095 1262 tu
1107 1230 1191 1271 illos]
1204 1231 1412 1263 Meretricem
1425 1231 1549 1263 scilicet
1560 1243 1634 1264 cum

886 1272 972 1309 suis;
994 1279 1032 1304 ut
1044 1273 1131 1310 alibi,
1141 1275 1207 1304 Nos
1216 1276 1305 1313 prius
1316 1277 1510 1306 introducant
1520 1275 1635 1316 (Lege,

886 1317 954 1346 Hos
975 1318 1065 1355 prius
1091 1318 1288 1347 introducam.
1318 1317 1403 1348 Eun.
1427 1317 1474 1348 iii.
1499 1319 1527 1349 2.
1553 1318 1633 1358 39.).

894 1360 936 1389 Ut
951 1357 1097 1399 cederes]
1118 1359 1191 1396 Pro,
1207 1359 1361 1390 caedendo
1376 1370 1508 1401 cogeres
1528 1366 1566 1391 ut
1587 1361 1634 1392 fa-

888 1406 1001 1431 cerent
1029 1401 1148 1442 fugam.
1201 1404 1351 1433 Facerem
1371 1401 1499 1443 sugam]
1533 1404 1637 1435 Deest

888 1453 999 1474 rursus
1011 1449 1055 1480 ut,
1071 1443 1126 1481 sic,
1140 1450 1175 1475 ut
1180 1444 1324 1485 facerent
1335 1443 1457 1486 sugam,
1473 1446 1521 1476 vel
1539 1446 1634 1483 &cuv-‚-

888 1486 984 1517 δέτως
1005 1486 1130 1518 illatum
1153 1493 1211 1518 est.
1249 1489 1400 1519 Facerem
1411 1488 1541 1529 fugam]
1567 1489 1635 1520 De-

888 1528 1008 1559 siderat
1023 1529 1284 1569 conjunctionem
1300 1533 1378 1562 enim
1393 1542 1402 1560 :
1426 1538 1462 1562 ut
1476 1531 1528 1569 sit,
1544 1531 1636 1571 sace-

887 1576 956 1602 rent
972 1574 1049 1602 enim
1055 1571 1177 1612 fugam.
1209 1573 1251 1603 D.

934 1615 983 1644 18.
1016 1616 1077 1645 Sed
1097 1626 1196 1646 eccam
1222 1616 1368 1647 Thaidem
1386 1616 1498 1657 ipsam]
1522 1619 1635 1648 Eccum

888 1662 921 1688 et
951 1659 1057 1696 ipsam,
1086 1657 1190 1698 figura
1220 1657 1372 1697 ἔμφασιςε
1411 1659 1503 1699 quasi
1536 1671 1636 1691 eccam

887 1699 1069 1741 principem
1091 1699 1185 1731 belli:
1218 1707 1250 1731 et
1271 1703 1378 1741 ipsam,
1401 1708 1514 1733 contra
1539 1713 1636 1743 quam

887 1749 1091 1783 pugnaturus
1104 1749 1162 1774 est.
1201 1745 1298 1777 Quam
1308 1756 1374 1775 mox
1385 1744 1547 1786 irruimus]
1562 1746 1636 1776 Hoc

888 1785 1049 1827 parasitus
1070 1785 1211 1817 irridens
1232 1786 1369 1818 militem
1391 1787 1484 1818 dixit.
1523 1788 1568 1819 Et
1590 1791 1636 1819 ir-

888 1839 976 1859 ruere
1001 1828 1133 1870 proprie
1158 1828 1320 1868 dicuntur,
1348 1829 1403 1870 qui
1426 1840 1501 1861 cum
1528 1830 1637 1862 furore

889 1870 1037 1911 praelium
1052 1870 1176 1902 ineunt.
1210 1872 1252 1902 D.

937 1914 985 1944 19.
1013 1915 1121 1944 Omnia
1140 1916 1229 1953 prius
1252 1916 1395 1954 experiri,
1419 1926 1508 1955 quam
1531 1918 1635 1954 armis,

890 1957 1055 1995 sapientem
1084 1955 1186 1996 decet]
1218 1956 1452 1989 Animadverte
1484 1964 1638 1999 quantam

892 1997 958 2029 vim
982 1998 1124 2029 habeant
1144 1998 1186 2029 ad
1211 1999 1437 2031 delectandum
1459 2000 1494 2032 in
1517 2012 1637 2033 comoe-

889 2040 952 2072 diis
981 2051 1103 2072 severa·
1133 2041 1313 2079 sententiae,
1341 2053 1415 2074 cum
1442 2053 1461 2074 a
1491 2044 1637 2075 ridiculis

889 2083 1037 2125 personis
1070 2084 1295 2125 proferuntur:
1334 2086 1428 2126 quale
1465 2092 1515 2118 est
1551 2087 1638 2128 apud

891 2126 1052 2164 Plautum,
1071 2127 1143 2157 Mil.
1167 2127 1188 2157 i.
1216 2128 1243 2158 1.
1266 2128 1317 2158 68.
1345 2128 1402 2159 ubi
1429 2129 1522 2160 miles
1546 2139 1638 2160 suam

890 2169 1026 2200 formam
1049 2169 1222 2207 admirans,
1245 2170 1301 2208 ait,
1318 2172 1425 2202 Nimia
1448 2177 1495 2203 est
1515 2174 1639 2204 miseria

890 2214 980 2243 nimis
999 2214 1159 2252 pulchrum
1181 2224 1244 2244 esse
1265 2215 1419 2255 hominem.
1466 2214 1563 2248 Quam
1585 2226 1638 2246 ar-

890 2254 964 2295 mis]
981 2254 1226 2286 Ἀνακόλουθοντ
1250 2266 1319 2297 pro,
1331 2267 1420 2296 quam
1436 2267 1531 2288 arma.
1570 2257 1640 2289 Aut

892 2297 1034 2338 ἔλλειψις
1058 2304 1116 2334 est,
1142 2298 1168 2329 si
1193 2298 1423 2330 subaudiamus
1446 2311 1546 2341 agere.
1594 2300 1642 2331 Et

891 2340 972 2371 mire
999 2351 1065 2371 non
1086 2340 1169 2371 dixit
1190 2352 1246 2378 me,
1266 2341 1324 2372 sed
1345 2344 1531 2381 sapientem,·
1554 2343 1640 2383 quod

892 2383 995 2424 magis
1016 2383 1189 2414 ridiculum
1215 2390 1273 2415 est.
1314 2385 1513 2416 D.——Omm'a
1532 2385 1638 2427 prius]

893 2426 932 2457 V.
958 2427 994 2457 C.
1036 2428 1144 2457 Omnia
1162 2438 1296 2466 prorsus.
1336 2427 1449 2458 Simile
1471 2438 1548 2459 vero
1569 2427 1638 2459 dic-

892 2475 962 2500 tum
986 2468 1137 2510 Dionysii
1153 2469 1187 2500 in
1205 2469 1315 2510 Eclog.
1341 2470 1452 2510 Legat.
1465 2470 1498 2501 ii.
1514 2481 1547 2513 p.
1564 2471 1638 2502 295.

891 2511 935 2551 μὴ
956 2511 1108 2552 πρότερον
1130 2511 1216 2552 ἄρξαι
1236 2514 1300 2543 τῶν
1316 2511 1424 2553 ἔργων,
1445 2513 1518 2554 πρὶν
1531 2513 1552 2551 ἦ
1571 2525 1639 2545 πει-

892 2556 1043 2595 ρασθῆναι
1057 2557 1122 2585 τῶν
1136 2553 1252 2594 λόγων.
1293 2555 1464 2586 Menelaus
1479 2556 1566 2597 apud
1582 2556 1639 2588 Li-

893 2598 1026 2628 banium
1050 2597 1190 2638 Sophist.
1207 2608 1239 2638 p.
1261 2598 1330 2628 196.
1353 2599 1478 2638 πρόηον
1499 2597 1557 2636 μὲν
1576 2599 1640 2640 ’γὰρ
1684 2621 1689 2632 1

892 2639 934 2671 τὰ
958 2639 1060 2671 δίκαια
1081 2641 1127 2679 τῷ
1152 2638 1242 2679 λόγῳ
1265 2641 1429 2681 πειρᾶσθαι
1452 2640 1640 2680 λαμβάνειν,

893 2682 981 2714 ἀλλὰ
995 2682 1038 2722 μὴ
1053 2684 1121 2714 τοῖς
1143 2682 1253 2714 ὅπλοις
1276 2684 1431 2724 ἐπιπηδᾷν
1445 2683 1640 2725 ditemur&-

893 2737 986 2766 τερον
1000 2724 1161 2762 δήπουθεν.
1194 2726 1326 2756 L.—Ut
1345 2725 1453 2757 versui
1475 2732 1508 2757 et
1529 2727 1639 2760 sensui

893 2768 1088 2804 consulatur,
1127 2778 1186 2809 pro
1223 2770 1326 2806 armis,
1367 2779 1498 2810 repone,
1542 2781 1638 2802 arma.

893 2812 990 2842 Certe
1010 2811 1079 2841 cod.
1099 2811 1199 2841 Acad.
1223 2811 1372 2852 egregius
1395 2812 1459 2843 900
1479 2822 1640 2845 annorum

892 2853 998 2891 habet,
1014 2865 1115 2884 armas
1129 2855 1302 2893 sapientem.
1336 2854 1374 2885 B.

938 2898 988 2927 20.
1012 2898 1063 2927 An
1075 2907 1141 2936 quae
1148 2895 1292 2937 jubeam]
1307 2897 1352 2928 Et
1363 2897 1445 2929 mire
1459 2908 1526 2929 non
1541 2901 1638 2937 velim,

894 2939 949 2970 sed
957 2939 1084 2978 jubeam
1099 2938 1192 2970 dixit.
1230 2941 1358 2971 Jubeam
1379 2950 1439 2982 pro
1460 2943 1569 2973 velim.-
1592 2949 1639 2979 ut,

894 2984 989 3013 Jubeo
1003 2983 1194 3013 Chremetem.
1233 2983 1276 3014 Di
1286 2988 1415 3014 vestram
1423 2983 1533 3024 fidem]
1549 2985 1640 3016 Bona
