1852 3216
129 134 269 164 semu
285 122 373 179 ιιι]

707 124 1066 170 PHORMIO.

1565 131 1651 175 605

184 211 338 255 Donec
355 214 580 270 perfecero
597 213 696 258 hoc.
731 214 834 258 Pu.
855 215 1034 272 Ineptis.
1087 216 1176 260 Dz.
1199 218 1302 262 Sine
1317 219 1463 262 modo.

185 276 270 319 ΡΗ.
291 277 516 322 Postremo
535 288 676 323 tecum
695 280 800 323 nihil
817 282 880 323 rei
899 283 1038 333 nobis,
1060 282 1293 340 Demipho,
1312 292 1404 327 est:

129 350 169 384 75
186 342 310 385 Tuus
331 353 397 386 est
417 346 640 388 damnatus
660 355 831 402 gnatus,
851 362 936 388 non
957 356 1004 389 tu
1021 364 1031 389 t
1064 364 1159 391 nam
1179 357 1254 391 tua

185 409 461 453 Praeterierat
475 413 565 467 jam
585 413 640 454 ad
660 412 900 454 ducendum
922 421 1040 454 aetas.
1095 414 1182 457 DE.
1203 414 1359 457 Omnia
1378 415 1473 458 haec

182 473 307 517 Illum
327 484 497 531 putato,
511 492 607 532 quae
627 492 709 533 ego
730 493 841 520 nunc
861 479 972 529 dico,
994 479 1162 522 dicere:

181 539 275 582 Aut
295 542 467 596 quidem
487 557 581 584 cum
602 558 736 585 uxore
756 543 836 585 hac
857 545 993 600 ipsum
1015 546 1254 600 prohibebo
1274 547 1415 589 domo.

184 605 272 648 GE.
296 606 437 649 Iratus
457 616 537 650 est.
589 608 673 650 Pu.
696 608 813 651 Tute
832 610 944 651 idern
964 609 1112 652 melius
1133 611 1299 654 feceris.

125 679 167 709 80
183 670 271 713 ΒΕ.
294 671 414 715 Itane
434 688 481 714 es
502 682 678 729 paratus
698 673 838 716 facere
858 690 924 717 me
943 675 1171 718 advorsum
1191 679 1344 729 omnia,

181 736 369 780 Infelix?
420 738 504 780 ΡΗ.
527 739 688 781 Metuit
707 739 775 782 hic
796 755 889 790 nos,
910 742 1078 782 tametsi
1097 742 1247 784 sedulo

183 801 449 845 Dissimulat.
510 804 600 847 Gn.
626 805 746 847 Bene
768 805 942 848 habent
980 808 1058 849 tibi
1094 809 1315 865 principia.

267 869 384 924 quod
403 877 470 911 est

1386 809 1472 852 PH.
1514 810 1648 862 Quin,

180 931 438 982 Ferendum,
460 934 570 976 fers:
601 935 685 976 tuis
706 936 881 992 dignum
899 937 1022 980 factis
1042 938 1211 990 feceris,

180 999 246 1043 Ut
263 1003 386 1043 amici
404 1003 514 1044 inter
532 1017 610 1044 nos
631 1004 776 1045 simus.
825 1004 915 1046 DE.
938 1006 1092 1062 Egone
1113 1016 1231 1050 tuam
1250 1017 1451 1065 expetam

124 1074 165 1104 85
181 1065 453 1110 Amicitiam?
484 1075 559 1109 aut
578 1076 621 1110 te
640 1069 791 1119 visum,
813 1077 888 1111 aut
907 1073 1100 1114 auditum
1118 1073 1272 1116 velim?

180 1132 265 1174 ΡΗ.
289 1132 336 1174 Si
355 1134 635 1176 concordabis
657 1150 754 1177 cum
774 1135 859 1187 illa,
882 1137 1063 1180 habebis
1084 1154 1181 1194 quae
1202 1147 1318 1195 tuam

179 1200 455 1242 Senectutem
474 1201 683 1244 oblectet:
716 1205 881 1259 respice
902 1211 1070 1246 aetatem
1090 1213 1219 1247 tuam.

180 1265 270 1308 DE.
293 1266 361 1308 Te
378 1267 587 1310 oblectet:
610 1269 687 1310 tibi
701 1269 826 1311 habe.

879 1270 963 1311 ΡΗ.
982 1269 1133 1312 Minue
1150 1286 1251 1312 vero
1270 1272 1389 1314 iram.
1436 1272 1526 1314 Dr..
1548 1273 1648 1316 Hoc

180 1330 294 1373 Satis
309 1332 398 1387 jam
420 1334 723 1376 verborum’st:
756 1336 838 1376 nisi
857 1344 904 1377 tu
925 1350 1131 1391 properas
1152 1336 1369 1379 mulierem

123 1404 164 1435 90
180 1396 428 1447 Abducere,
451 1413 532 1453 ego
553 1398 664 1441 illam
687 1401 877 1456 ejiciam:

1506 1341 1621 1394 [age
1637 1352 1647 1377 τ

910 1402 1014 1452 dixi,
1038 1401 1254 1444 Phormio.

180 1462 264 1504 Pu.
288 1462 336 1503 Si
356 1471 404 1504 tu
423 1462 536 1505 illam
556 1465 749 1520 attigeris
770 1480 893 1508 secus
914 1481 1041 1521 quam
1061 1467 1237 1522 dignum
1255 1476 1323 1511 est
1341 1468 1532 1521 liberam,

164 1585 216 1617 73.
232 1586 333 1616 Donec
345 1584 495 1626 pedet-ero
509 1584 578 1626 hoc]
597 1586 711 1627 virgil.
735 1587 810 1618 AEn.
827 1586 860 1618 ii.

122 1626 195 1660 719.
212 1629 303 1659 donec
317 1640 361 1659 me
376 1630 500 1668 flumine
522 1631 586 1660 vivo
599 1632 739 1661 Abluero.
784 1632 860 1661 Per·

111 1670 233 1712 secero]
258 1671 321 1702 Pro
339 1674 500 1711 perficiam.
546 1672 677 1713 Ineptis]
702 1673 748 1704 Ut
770 1683 789 1704 a
809 1685 860 1704 sa-

115 1717 245 1754 pientia,
255 1717 338 1754 sapis
353 1714 489 1746 dicimus
501 1727 508 1745 :
531 1715 577 1746 ita
588 1717 628 1747 ab
640 1718 763 1756 ineptia,
775 1719 859 1756 inep-

121 1759 171 1788 tis.
209 1759 279 1788 Sine
294 1757 393 1798 modo]
410 1759 489 1789 Haec
501 1758 652 1790 minantis
662 1767 737 1790 sunt
748 1760 858 1791 verba:

121 1807 155 1831 et
175 1801 276 1831 bene:
301 1801 444 1832 imitatus
466 1808 516 1832 est
530 1802 615 1833 enim
633 1803 678 1842 (ee
701 1805 771 1834 bene
790 1805 860 1833 imi-

120 1850 203 1875 tatus
228 1850 274 1875 est
296 1846 420 1882 modum,
439 1844 494 1876 lib.
517 1848 637 1886 uterq.)
661 1846 858 1877 comminan-

119 1894 194 1918 tem.
229 1887 269 1918 D.

163 1931 214 1963 74.
230 1932 383 1962 Postremo
398 1936 493 1962 tecum
508 1933 586 1962 nihil
598 1930 660 1972 rei]
683 1932 755 1962 Jam
778 1931 861 1963 ludit

118 1974 296 2014 parasitus:
321 1982 365 2009 tu,
389 1974 502 2015 inquit,
525 1985 625 2006 senex
642 1976 708 2015 jam
729 1975 861 2007 alterius

117 2017 222 2048 aetatis
238 2027 282 2054 es,
298 2017 444 2048 addictus
460 2017 544 2048 filius
560 2025 634 2048 tuus
650 2026 707 2049 est.
740 2018 778 2049 E.

163 2061 213 2093 75.
240 2062 322 2091 Tuus
343 2066 388 2091 est
409 2062 567 2092 damnatus
586 2067 707 2102 gnatus,
730 2073 786 2092 non
809 2061 858 2102 tu]

118 2102 219 2134 Ludit
246 2103 396 2135 Phormio
420 2114 518 2144 quum
544 2104 632 2141 dicit,
659 2116 715 2135 non
740 2110 795 2135 tu.-
826 2114 859 2136 et

118 2146 418 2178 contemtibiliorem
435 2147 468 2177 in
484 2147 543 2178 hac
556 2147 722 2179 causasibi
737 2158 857 2185 senem,

118 2200 212 2230 quam
224 2190 444 2231 Antiphonem
457 2190 564 2226 fuisse,
580 2190 675 2221 dicit:
699 2191 858 2232 simulque

117 2240 245 2264 aetatem
271 2233 358 2265 illius
380 2244 450 2264 esse
472 2234 664 2275 despectam.
712 2235 794 2266 Tuus
813 2240 859 2266 est

117 2278 278 2307 damam:
311 2282 432 2318 gnatus,
473 2288 530 2308 non
567 2276 617 2318 ta]
651 2277 714 2308 Pro
746 2277 880 2309 voluns

118 2325 183 2350 tate
189 2320 412 2351 contendentis
419 2327 467 2351 est
476 2320 613 2362 prolatio
622 2321 799 2352 sententiae.
819 2321 859 2352 D.

161 2362 212 2395 77.
236 2364 326 2394 Hlmn
346 2369 462 2403 putato,
478 2374 543 2404 quae
558 2375 612 2405 ego
626 2375 704 2395 nunc
719 2366 795 2401 dico,
811 2366 858 2395 di-

117 2405 201 2446 cere]
220 2405 395 2437 Definitive
410 2407 584 2448 respondit.
617 2407 658 2438 D.

163 2449 212 2481 78.
232 2451 305 2480 Cum
327 2461 416 2480 uxore
433 2449 506 2490 hoc]
532 2450 571 2481 ld
587 2457 645 2487 est,
668 2449 733 2480 tali.
772 2451 859 2481 D.—

118 2491 183 2522 Pro
194 2494 336 2531 prohibeo
350 2492 498 2524 meliores
509 2500 541 2524 et
556 2493 665 2535 plures
680 2493 754 2524 libri
765 2494 857 2525 exhi-

117 2535 194 2565 bent
207 2537 375 2574 prohibebo.
407 2536 445 2566 B.

162 2578 211 2610 79.
233 2579 309 2609 Tute
328 2580 406 2609 idem
420 2581 525 2610 melius
535 2578 666 2620 seceris]
692 2580 795 2611 Locus
811 2586 860 2611 est

116 2621 178 2657 hic,
210 2628 246 2652 ut
271 2621 418 2652 ostendat
449 2622 600 2653 Phormio
626 2623 666 2653 de
693 2630 859 2664 compacto

117 2664 221 2704 egisse
248 2674 320 2695 cum
349 2663 545 2705 Antiphone.
594 2666 670 2696 Tute
694 2667 771 2696 idem
798 2677 858 2697 me-

117 2709 176 2738 lius
189 2706 319 2747 seceris]
343 2707 481 2742 Quidam
503 2708 549 2738 sic
571 2707 766 2749 intelligunt,
784 2711 859 2740 Tute

118 2753 196 2782 idem
212 2752 316 2781 melius
322 2749 446 2790 ficetis,
461 2758 498 2781 ut
512 2761 612 2782 senex
634 2751 740 2792 potius
755 2759 859 2789 exeat,

119 2804 215 2834 quam
250 2793 358 2834 ejiciat
384 2793 495 2824 filium.
541 2794 723 2825 Artificiose
752 2801 858 2826 autem

118 2837 261 2877 loquitur
283 2836 444 2872 Phormio,
461 2843 496 2867 ut
511 2836 631 2867 adimat
645 2837 859 2879 suspicionem

118 2880 189 2911 seni
204 2879 423 2910 consensionis
439 2887 472 2910 et
491 2879 705 2911 conhibentiae
720 2879 860 2921 (conven-

116 2926 211 2954 tionis
239 2923 301 2954 Ms-
331 2922 451 2954 Boend.
476 2930 509 2953 et
539 2922 587 2954 ed.
617 2923 672 2954 Du
696 2923 751 2964 B.)
773 2923 859 2955 inter

118 2967 294 3009 parasitum
310 2973 342 2998 et
358 2965 469 2998 filium.
502 2966 669 2998 D.—Tute
682 2969 760 2999 iden
772 2966 859 3008 seoc-

904 1586 966 1628 n‘s]
984 1587 1057 1618 Hoc
1072 1587 1178 1629 ipsum
1195 1594 1229 1619 tu
1243 1598 1331 1621 recte
1346 1589 1469 1622 feceris.
1501 1592 1539 1623 E.

947 1631 998 1661 81.
1016 1630 1139 1672 Sedulo]
1158 1631 1235 1663 Sine
1249 1632 1332 1670 dolo,
1354 1633 1520 1666 instanter.
1560 1635 1647 1666 D.—

904 1675 1017 1705 Metuit
1038 1676 1087 1705 hic
1108 1674 1177 1715 nos]
1193 1675 1351 1710 Quoniam
1368 1677 1494 1708 dixerat
1508 1678 1646 1710 submis-

904 1717 988 1748 siore
1006 1717 1156 1755 dictione,
1179 1719 1267 1750 Itane
1281 1731 1312 1751 es
1330 1726 1460 1760 paratus
1472 1720 1580 1762 facere
1600 1733 1647 1753 me

903 1762 1059 1791 advorsum
1080 1763 1205 1792 omnia?
1246 1762 1327 1797 Quae
1347 1774 1399 1795 res
1421 1765 1561 1796 ostendit
1581 1765 1646 1796 ira-

903 1802 1053 1834 cundiam
1069 1814 1138 1835 esse
1153 1804 1294 1836 lenitam.
1326 1806 1366 1837 E.

947 1847 998 1877 82.
1014 1846 1213 1888 Dissimulat]
1230 1848 1349 1889 Fingit,
1365 1850 1528 1882 mentitur.
1560 1851 1648 1882 D.—

907 1891 994 1923 Quod
1014 1895 1060 1921 est
1076 1889 1253 1932 serendum]
1280 1892 1365 1927 Quia
1389 1903 1441 1924 res
1466 1893 1647 1926 tolerandas

903 1932 1062 1964 sustinere
1084 1931 1247 1974 (sustinere
1267 1937 1356 1967 debes
1378 1936 1442 1976 Ζ.),
1459 1943 1492 1968 et
1512 1937 1647 1978 dignum

903 1975 968 2007 tuis
982 1975 1074 2007 factis
1088 1975 1210 2008 feceris.
1242 1977 1281 2008 E.
1655 1979 1658 1981 Δ

947 2020 997 2050 83.
1018 2021 1098 2053 Quin
1112 2022 1191 2060 quod
1210 2026 1256 2051 est
1267 2020 1439 2061 serendum,
1453 2021 1559 2064 seras]
1577 2023 1645 2055 Cur

902 2072 979 2099 nou,
1001 2062 1115 2103 inquit,
1138 2066 1357 2096 accommodas
1383 2066 1565 2097 necessitati
1586 2077 1644 2098 vo-

902 2105 1059 2137 luntatem
1073 2106 1085 2135 2
1119 2106 1269 2138 D.—Pro
1282 2107 1362 2148 fers,
1377 2109 1462 2149 quod
1477 2109 1579 2140 solum
1595 2116 1645 2141 est

901 2148 1355 2231 {loeaandum’ae‘imb-Bhabet
1366 2150 1453 2192 seres
1465 2165 1476 2183 .·
1499 2152 1554 2183 alii
1567 2151 1643 2194 ser,-

933 2202 955 2222 ιι
984 2203 1060 2223 eras.
1108 2215 1119 2223 .
1146 2203 1164 2223 a
1177 2203 1204 2224 e.
1265 2217 1274 2224 .

945 2236 995 2266 84.
1014 2235 1077 2266 Pro
1092 2237 1196 2276 Egone
1217 2247 1329 2268 omnes
1351 2237 1469 2270 Faerni
1488 2244 1522 2270 et
1543 2238 1644 2270 nostri

904 2278 994 2309 codd.
1011 2278 1131 2309 habent
1145 2280 1252 2320 Egon’.
1286 2281 1324 2311 B.

948 2322 997 2354 87.
1018 2321 1092 2356 Quae
1112 2328 1194 2353 tuam
1207 2329 1385 2355 senectutem
1400 2324 1543 2366 oblectet]
1567 2325 1644 2357 Non

904 2370 943 2402 te,
959 2364 1015 2395 sed
1027 2371 1205 2396 senectutem
1221 2372 1312 2397 tuam.
1347 2367 1386 2398 D.

948 2409 998 2438 88.
1015 2409 1122 2439 Minue
1136 2420 1204 2439 vero
1222 2409 1316 2451 iram]
1334 2410 1578 2443 Contemnentis
1593 2417 1643 2443 est

901 2450 1087 2482 dissuadere
1116 2451 1324 2484 iracundiam.
1370 2455 1438 2485 Hoc
1466 2453 1541 2495 age]
1572 2456 1642 2486 An-

902 2495 1032 2525 nuentis
1047 2502 1105 2525 est.
1137 2495 1176 2525 D.

946 2538 997 2569 89.
1017 2537 1079 2568 Pro
1099 2538 1210 2569 Bemb.
1227 2538 1312 2570 Vict.
1329 2546 1363 2570 et
1384 2539 1518 2571 aliorum
1544 2540 1643 2572 libro-

902 2591 974 2612 rum
999 2581 1115 2654 Fzsserni
1133 2593 1289 2622 properas,
1306 2583 1408 2614 nostri
1430 2583 1552 2615 habent
1566 2595 1642 2624 pro-

900 2635 996 2665 peres.
1058 2647 1065 2654 .

945 2667 996 2697 90.
1022 2668 1098 2698 Dixi
1123 2667 1279 2709 Phormio]
1307 2670 1384 2700 Diti
1406 2668 1511 2700 solent
1533 2669 1641 2702 dicere

902 2717 1051 2751 perorata
1065 2720 1170 2741 causa.
1203 2711 1244 2742 D.

947 2753 998 2784 91.
1014 2755 1050 2784 Si
1070 2758 1104 2784 tu
1123 2755 1206 2784 illam
1227 2754 1385 2796 attigeris]
1411 2755 1554 2788 Revocat
1574 2756 1639 2788 ira·

902 2795 1061 2832 cundiam,
1082 2796 1158 2837 quia
1179 2796 1234 2828 ille
1257 2798 1399 2829 dixerat:
1425 2800 1498 2830 Nui
1514 2804 1548 2830 tn
1566 2811 1639 2840 pro-

896 2849 989 2878 peras
1004 2840 1154 2870 mulierem
1167 2841 1324 2877 abducere.
1337 2852 1391 2883 ego
1399 2843 1484 2873 illan
1497 2843 1616 2883 ejicia-
1627 2856 1639 2874 .·

902 2889 935 2912 et
956 2881 1008 2913 hic
1022 2889 1151 2913 contra:
1176 2884 1211 2914 Sa·
1232 2889 1266 2915 tn
1287 2886 1371 2916 illan
1385 2887 1527 2927 attigeris
1547 2888 1640 2918 aliter

901 2926 1639 2967 magnanimae-,Mimia-

897 2969 1023 3009 pt'ngoe-
1034 2970 1190 3010 granden.
1221 2969 1262 3003 Ε.
