1852 3216
97 177 236 207 senua
256 163 307 220 1.]

238 321 321 363 tuis
342 321 490 363 fores?

685 163 724 206 P
732 162 779 206 H
789 162 879 206 ΟΒ
887 164 939 207 Μ
947 164 970 207 Ι
979 164 1036 208 Ο.

151 255 293 303 Quem
323 268 490 310 semper
502 260 559 296 te
570 267 666 296 esse
693 253 898 297 dictitasti
912 256 931 297 2
971 254 1056 297 Cn.
1077 254 1143 298 St.

1533 168 1620 210 629

1197 254 1272 299 So.
1297 255 1418 305 Quid
1436 256 1515 299 has
1533 272 1621 300 me-

152 384 237 426 Cn.
248 384 503 427 Conclusam
509 383 578 426 hic
587 383 726 426 habeo
734 399 910 428 uxorem
922 402 1076 429 saevam
1088 404 1098 429 ε
1116 402 1263 430 verum
1270 387 1379 430 istoc
1387 388 1443 431 de
1453 389 1621 431 nomine

151 451 221 493 Eo
240 450 583 511 perperam-olim
601 451 707 501 dixi,
728 466 782 493 ne
803 467 877 495 vos
897 453 1007 496 forte
1027 455 1319 510 imprudentes
1339 455 1444 497 foris

152 517 410 567 Effutiretis,
431 524 560 572 atque
578 517 622 558 id
641 531 770 572 porro
789 517 930 574 aliqua
950 535 1059 561 uxor
1079 535 1172 562 mea
1191 521 1455 563 rescisceret.

96 591 137 621 20
154 583 228 626 So.
251 583 366 625 Istoc
383 582 457 638 pol
473 598 551 624 nos
571 590 614 624 te
634 582 704 625 hic
724 584 911 626 invenire
931 586 1096 628 miserae
1116 601 1332 641 nunquam
1352 586 1584 642 potuimus.
1609 597 1613 616 ’-

152 649 236 691 ΟΗ.
257 649 356 690 Eho
377 649 445 691 dic
464 648 581 699 mihi,
595 648 698 703 quid
715 649 775 690 rei
793 650 871 691 tibi
886 658 953 692 est
969 666 1065 693 cum
1082 651 1239 693 familia
1254 651 1349 702 hac,
1368 652 1482 694 unde
1498 653 1621 695 exis?

153 714 243 756 Ubi
271 713 353 756 illae
384 715 513 756 sunt?
574 713 646 755 So.
676 713 881 757 Miseram
904 719 996 759 me!
1048 717 1132 759 Cu.
1156 716 1287 767 Hem,
1310 718 1415 773 quid
1434 720 1534 761 est?
1563 718 1623 760 vi-

236 782 425 822 vuntne?
477 779 552 821 So.
571 779 690 822 Vivit
710 788 862 835 gnata:

151 847 340 889 Matrem
359 847 495 902 ipsam
514 861 570 887 ex
589 845 842 900 aegritudine
862 847 1058 889 miseram
1077 862 1191 889 mors
1210 856 1440 891 consecuta
1459 855 1542 890 est.

152 913 235 954 CH.
257 911 374 954 Male
395 911 576 953 factum!
627 910 703 953 So.
726 911 825 967 Ego
845 919 1001 964 autem,
1024 928 1121 968 quae
1146 928 1285 955 essem
1305 929 1411 956 anus
1433 914 1620 968 deserta,

230 993 376 1034 egens,
398 977 557 1032 ignota,

95 1051 134 1081 25
152 1043 215 1085 Ut
235 1043 370 1099 potui,
387 1049 570 1097 nuptum
588 1041 792 1096 virginem
811 1041 947 1084 locavi
964 1042 1064 1086 huic
1086 1043 1363 1095 adolescenti,

150 1109 318 1151 Harum
337 1109 411 1164 qui
429 1116 497 1150 est
512 1108 707 1150 dominus
721 1109 889 1151 aedium.
931 1108 1014 1151 Cn.
1031 1109 1354 1165 Antiphonine?
1395 1110 1470 1152 So.
1491 1109 1618 1162 Hem,

235 1174 294 1216 ini
312 1175 407 1230 ipsi.
458 1214 462 1221 ,

151 1240 235 1283 Cn.
258 1241 405 1289 Quid?
437 1241 599 1283 duasne
619 1242 655 1283 is
676 1256 833 1283 uxores
856 1241 1018 1284 habet?
1068 1240 1142 1282 So.
1164 1239 1253 1291 Au,
1275 1242 1469 1293 obsecro,
1493 1258 1622 1285 unam

236 1306 305 1348 ille
325 1307 496 1362 quidem
516 1306 626 1349 hanc
647 1306 792 1349 solam.

152 1373 236 1416 Cn.
269 1372 388 1420 Quid
417 1372 529 1414 illam
557 1371 746 1423 alteram,
772 1387 869 1428 quae
890 1371 1046 1414 dicitur
1066 1374 1278 1428 cognata?
1329 1373 1403 1416 So.
1425 1373 1536 1417 Haec
1556 1389 1623 1417 er-

236 1438 358 1494 go’st.
409 1438 493 1479 Cu.
517 1439 635 1485 Quid
657 1438 747 1479 ais?

154 1504 229 1546 So.
253 1503 501 1560 Composito
519 1503 745 1554 factum'st,
764 1503 979 1559 quomodo
999 1502 1110 1545 hanc
1131 1518 1274 1546 amans
1294 1503 1455 1548 habere
1474 1514 1624 1561 posset

143 1583 190 1614 16.
217 1585 310 1616 Quem
325 1593 440 1622 semper
455 1587 484 1613 te
499 1593 561 1613 esse
577 1581 745 1622 dictitasti]
763 1583 838 1613 Esse

99 1637 157 1669 pro
177 1626 345 1663 nominari,
361 1626 564 1666 antiquorum
575 1635 663 1656 more
674 1625 767 1656 dixit.
795 1625 836 1656 D.

143 1670 190 1703 17.
217 1671 389 1701 Conclusam
405 1671 454 1700 hic
468 1671 561 1699 habeo
575 1679 694 1699 uxorem
711 1667 836 1709 scevam]

99 1713 114 1744 1
118 1713 252 1744 naturus
266 1724 383 1748 sevam,
396 1713 478 1743 bene
493 1713 658 1742 conclusam
675 1711 816 1753 praetulit
828 1723 835 1742 :

98 1764 134 1787 ut
155 1756 183 1787 si
204 1756 334 1792 diceret,
356 1755 469 1796 feram.
507 1755 764 1786 D.—Probanda
790 1760 839 1786 est

98 1799 193 1831 lectio
209 1799 396 1835 Victoriani,
412 1799 466 1839 qui
483 1808 541 1840 pro
556 1800 592 1829 de
607 1798 703 1829 habet
719 1809 772 1829 me.
799 1798 837 1829 Β.

144 1844 191 1874 19.
216 1841 407 1883 Effutn'retis]
435 1841 684 1882 Eloqueremini,
703 1851 837 1872 evacua-

98 1887 186 1921 retis‚
203 1885 421 1916 exinaniretis.
457 1886 631 1924 Effutiretis
645 1885 685 1915 ab
701 1895 739 1916 eo
754 1885 839 1925 quod

98 1937 148 1960 est
160 1929 332 1960 effundere.
367 1928 548 1959 Translatio
559 1935 608 1959 est
624 1937 642 1958 a
655 1938 738 1965 vase,
746 1928 840 1969 sutili

98 1973 246 2004 nomine:
271 1972 355 2012 quod
370 1971 478 2013 patulo
493 1981 557 2008 ore,
570 1971 668 2002 fundo
680 1979 773 2002 acuto
788 1971 838 2002 in—

98 2016 221 2052 stabile,
235 2015 314 2046 nihil
330 2026 461 2057 prorsus
474 2015 636 2045 continet:
661 2014 748 2045 unde
755 2013 838 2055 suti-

99 2062 137 2091 lis
152 2059 271 2090 dicitur
286 2059 452 2099 ejusmodi,
466 2065 501 2089 ut
517 2058 597 2089 nihil
612 2058 697 2089 intra
712 2069 747 2088 se
762 2068 838 2088 con-

98 2103 209 2140 tineat,
232 2109 266 2133 et
287 2112 414 2143 semper
440 2101 545 2132 inanis
571 2101 622 2132 sit.
669 2102 841 2132 D.—Foris

98 2145 276 2187 effictiretis]
316 2146 382 2176 Sub
412 2145 530 2176 ostium
560 2144 681 2185 aliquid
716 2144 839 2175 dicere-

99 2191 151 2220 tis.
184 2189 223 2220 E.

143 2234 194 2263 20.
210 2234 290 2264 Istoc
301 2233 353 2272 pol
367 2243 419 2262 nos
434 2230 480 2272 te]
500 2231 581 2262 Haec
596 2241 693 2262 causa
708 2238 766 2268 est,
782 2241 840 2262 cur

98 2281 132 2307 te
153 2286 218 2307 non
240 2275 403 2317 potuimus
425 2274 579 2316 reperire,
602 2274 687 2315 quod
705 2274 766 2305 hoc
781 2284 838 2305 no-

99 2318 187 2350 mine
203 2319 406 2360 nuncuparis.
440 2318 478 2349 E.

142 2363 193 2392 22.
215 2363 360 2393 Miseram
375 2361 437 2402 me]
458 2361 657 2402 Interrogata
674 2360 842 2402 Sophrona

99 2415 180 2436 anus
208 2407 268 2436 Ubi
288 2407 350 2436 iuae
371 2408 466 2436 sunt?
493 2404 582 2445 quasi
598 2403 719 2434 dolens.
757 2404 839 2434 Cum

99 2448 242 2479 audisset
255 2458 388 2479 uxorem
402 2455 570 2485 mortuam,
584 2447 673 2489 prius
684 2446 839 2488 gemitum

99 2490 322 2528 commodavit,
344 2502 417 2523 cum
445 2491 499 2522 ille
528 2498 718 2532 accepturus
747 2490 841 2521 aliter

100 2534 159 2565 sit:
184 2534 302 2576 quippe
317 2534 476 2566 levabitur
497 2557 505 2564 .
524 2557 533 2565 .
555 2557 563 2564 .
586 2557 595 2564 .
617 2544 658 2564 an
677 2534 842 2573 (levabitur

100 2589 183 2615 eura,
200 2589 236 2609 ne
251 2579 310 2608 sibi
326 2578 380 2617 Z.)
396 2577 468 2608 duae
483 2587 601 2609 uxores
619 2577 655 2607 in
676 2587 740 2607 una
761 2576 840 2607 civi·

102 2628 169 2652 tate
191 2620 265 2651 sint.
305 2620 465 2652 E.—Duo
487 2630 504 2651 e
528 2620 645 2652 nostris
672 2627 759 2651 recte
783 2630 842 2650 nec

100 2669 163 2700 aut,
181 2674 240 2694 nec
255 2668 324 2694 sunt
338 2663 467 2702 habent,
485 2663 542 2695 sed
560 2662 759 2705 simpliciter,
782 2664 812 2694 U
814 2664 843 2693 bi

100 2709 163 2738 illae
177 2710 193 2737 ,7
225 2707 261 2737 Β.

144 2751 194 2781 23.
212 2751 261 2780 Ex
273 2748 471 2790 egritudine]
486 2748 678 2780 Infirmitate
691 2747 777 2789 (Non
792 2750 842 2779 in·

93 2796 252 2833 firmitate,
268 2791 431 2834 Guyetus)
447 2802 483 2823 ac
500 2792 620 2823 morbo.
651 2793 701 2822 Ex
713 2793 841 2832 aeg'n'tu-

100 2839 171 2867 dine
183 2838 322 2867 miseram
333 2846 411 2866 mors
422 2840 577 2866 consecuta
589 2833 652 2875 est]
670 2835 758 2865 Bene
771 2844 840 2865 mo-

99 2880 230 2911 deratus
252 2886 310 2915 est,
334 2885 371 2909 ut
391 2888 495 2919 neque
521 2877 617 2908 nimis
639 2887 726 2918 aegre
749 2877 840 2915 ferat,

99 2933 204 2964 neque
224 2932 350 2954 rursum
369 2921 488 2959 ἀπαθὴς
502 2920 554 2952 sit.
592 2920 636 2951 Et
651 2921 719 2952 haec
731 2926 782 2951 est
796 2919 840 2951 οἰ-

100 2965 238 3005 κονομία,
259 2976 300 2997 ne
322 2965 356 2996 in
379 2964 491 2996 eadem
519 2964 599 2995 urbe
624 2963 697 2995 duae
724 2973 842 2995 uxoren

101 3009 173 3050 plus
194 3009 269 3041 mali
293 3019 334 3040 ex
355 3007 571 3043 sollicitudine
590 3006 725 3041 afferant
738 3007 839 3039 Chre-

881 1581 968 1618 meti,
992 1591 1087 1622 quam
1114 1592 1155 1613 ex
1176 1582 1308 1614 alterius
1337 1590 1441 1615 morte
1473 1584 1623 1617 tristitiae.

882 1625 997 1665 Neque
1018 1625 1053 1656 in
1075 1626 1232 1657 comoedia
1252 1633 1388 1667 possunt
1409 1627 1506 1659 nimis
1525 1628 1623 1660 mise-

880 1668 998 1699 rabiles
1021 1675 1139 1700 mortes
1162 1679 1241 1706 esse,
1261 1680 1302 1700 ne
1316 1679 1369 1701 res
1383 1669 1418 1701 in
1434 1671 1624 1712 tragoediam

882 1717 1032 1742 transeat.
1078 1712 1217 1743 D.—E.t
1248 1715 1431 1753 aegn’tudine
1467 1714 1623 1757 miseram]

883 1754 1032 1828 Brevigr
1046 1761 1078 1786 et
1093 1765 1185 1786 casus
1201 1762 1234 1787 et
1248 1766 1345 1787 causa
1363 1757 1460 1788 modo
1480 1758 1624 1790 ostendi-

882 1804 943 1828 tur.
1006 1821 1014 1828 .

925 1842 976 1871 24.
994 1843 1132 1878 Deserta,
1148 1852 1246 1883 egens,
1260 1841 1380 1884 ignota]
1397 1842 1532 1885 Singula
1546 1854 1622 1886 pro-

881 1884 1064 1915 nuncianda
1078 1891 1172 1915 sunt:
1195 1894 1384 1927 argumenta
1397 1886 1482 1918 euim
1499 1887 1567 1919 haec
1583 1887 1624 1919 ad

881 1927 1042 1958 venialem
1068 1934 1186 1958 statum
1206 1928 1422 1970 proferuntur.
1471 1930 1626 1972 D.--Ego

882 1976 981 2001 autem
1004 1982 1068 2002 eum
1093 1970 1202 2012 essem]
1232 1971 1298 2003 Hic
1315 1973 1382 2012 jam
1406 1973 1554 2014 purgatio
1576 1980 1626 2005 est

882 2014 947 2051 illa,
964 2014 1082 2045 veniali
1098 2021 1183 2045 statu
1199 2015 1313 2056 posita,
1329 2026 1402 2046 cum
1419 2016 1497 2048 dicit
1512 2027 1624 2049 neces-

882 2057 977 2088 sitate
988 2057 1116 2094 factum,
1128 2058 1211 2098 quod
1224 2069 1299 2089 anus
1310 2058 1416 2094 fuerit,
1431 2059 1513 2100 quod
1526 2071 1624 2102 θεῶν,

883 2100 967 2141 quod
983 2103 1086 2141 ignota
1096 2113 1106 2131 .·
1130 2107 1163 2131 et
1179 2107 1285 2132 tamen
1301 2112 1366 2132 non
1379 2102 1462 2133 male
1474 2103 1624 2135 consulu-

883 2144 954 2182 erit,
970 2154 1043 2174 cum
1059 2143 1252 2175 adolescenti
1274 2151 1307 2175 et
1326 2145 1419 2176 diviti
1435 2146 1568 2184 dederit,
1585 2146 1626 2179 de

883 2197 948 2227 quo
960 2186 1066 2261 ¹{lixiu
1091 2188 1211 2218 Harum
1235 2190 1288 2229 qui
1313 2193 1359 2219 est
1387 2190 1523 2221 dominus
1550 2191 1625 2222 adi-

883 2241 941 2261 um.
990 2253 999 2261 .

927 2274 977 2304 26.
1001 2274 1089 2310 Hem,
1115 2273 1199 2314 quod
1225 2273 1296 2305 sine
1322 2274 1511 2317 synaloepba
1539 2281 1626 2308 stare

883 2316 1005 2357 nequit,
1018 2316 1115 2347 efficit
1131 2327 1257 2348 versum
1272 2317 1515 2350 claudicantem.
1550 2319 1627 2352 Duo

884 2360 958 2391 libb.
972 2367 1046 2402 post
1057 2362 1259 2400 Antiphonine
1270 2361 1392 2392 addunt
1405 2364 1525 2402 inquam
1535 2375 1546 2393 .·
1568 2363 1627 2395 sed

882 2403 1002 2434 rectius
1019 2402 1220 2434 academicus
1239 2403 1308 2435 cod.
1324 2406 1527 2445 Antiphonine
1538 2408 1556 2436 ?
1576 2407 1627 2438 Ῑεὁ

884 2449 918 2484 ti,
935 2449 1065 2487 inquam,
1083 2449 1151 2486 ipsi.
1183 2446 1221 2477 B.

933 2490 983 2522 27.
1019 2491 1125 2523 Quid!
1174 2489 1305 2531 duasne]
1338 2490 1480 2522 Miratur
1506 2491 1626 2533 potius,

884 2543 978 2573 quam
1001 2532 1196 2574 interrogat:
1231 2532 1265 2563 id
1288 2532 1375 2564 enim
1396 2533 1521 2566 audivit
1541 2535 1628 2576 quod

886 2575 957 2607 fieri
980 2586 1039 2617 per
1066 2582 1139 2607 vota
1163 2575 1321 2617 cupiebat.
1360 2576 1491 2609 E.-—Ut
1515 2588 1628 2611 versus

885 2625 959 2656 stet,
981 2618 1053 2650 dele
1074 2620 1173 2656 habet,
1197 2619 1281 2660 quod
1303 2629 1344 2650 ex
1361 2619 1628 2663 interpretatione

885 2661 970 2693 inter
985 2661 1086 2693 lineas
1101 2669 1211 2693 natum
1227 2669 1285 2693 est.
1314 2663 1352 2694 B.

928 2706 979 2736 28.
997 2705 1061 2736 Pro
1078 2704 1199 2746 vulgari
1219 2707 1301 2739 Quid
1314 2707 1369 2737 illa
1384 2707 1492 2745 alteru,
1513 2707 1625 2741 Bemlr.

885 2754 918 2779 et
932 2754 1042 2779 noster
1056 2748 1246 2779 veterrimus
1270 2750 1352 2782 Quid
1372 2750 1458 2782 illam
1477 2752 1627 2785 almon.-

885 2801 950 2822 non
973 2798 1081 2822 tamen
1102 2791 1358 2823 subaudiendum
1374 2800 1433 2832 est,
1448 2795 1538 2827 habet
1551 2806 1624 2827 ατο-

885 2845 946 2865 rem
960 2847 971 2869 ,-
1002 2834 1058 2865 sed
1082 2842 1119 2865 ut
1133 2844 1240 2876 supra,
1256 2834 1302 2866 iii.
1318 2835 1340 2866 i.
1359 2837 1408 2867 15.
1434 2838 1517 2872 Qta'd
1531 2841 1626 2871 m!

884 2884 917 2908 et
932 2877 1052 2908 Heaut.
1066 2887 1095 2909 v.
1116 2878 1142 2908 l.
1158 2877 1208 2911 77.
1239 2877 1276 2910 Β.

927 2921 979 2952 29.
1004 2922 1169 2961 Composito
1180 2919 1302 2960 sactum
1324 2921 1388 2964 est]
1408 2921 1463 2955 Sic
1476 2930 1623 2957 veteres}

885 2973 953 3001 nos,
966 2965 1015 2995 E:
1028 2966 1186 3004 cmv-pmice
1198 2976 1209 2995 .-
1239 2970 1285 3003 ut,
1302 2965 1378 2997 AEu.
1393 2964 1427 2998 ii.
1443 2967 1513 2999 129.
1538 2969 1624 3000 Gom-

882 3009 980 3047 poeieo
996 3009 1109 3048 rumpit
1122 3018 1229 3046 vocem,
1239 3013 1271 3040 et
1284 3018 1330 3040 me
1342 3010 1476 3042 aecum
1485 3021 1557 3043 aroe.
1582 3012 1624 3044 D:
