1852 3216
120 139 258 168 semu
280 125 367 182 ιιι]
420 125 1359 169 HEAUTONTIMORUMENOS.

1562 128 1644 170 287

175 215 308 267 Erat;
338 231 390 259 ea
410 216 588 259 texebat
607 231 707 268 una,
727 217 881 272 pannis
902 216 1057 267 obsita,

174 280 400 337 Neglecta,
421 282 637 324 immunda
656 281 811 324 illuvie.
862 280 988 324 Cm'r.
1013 281 1060 323 Si
1079 282 1173 325 haec
1194 288 1308 334 sunt,
1329 281 1480 333 Clinia,

117 356 157 385 55
175 346 306 398 Vera,
327 348 387 390 ita
407 348 469 390 uti
490 348 634 399 credo,
656 348 751 404 quis
771 355 814 391 te
834 355 901 389 est
918 347 1206 391 fortunatior?

174 412 287 455 Scin’
306 412 432 463 hanc,
453 428 581 468 quam
601 413 706 456 dicit
725 413 985 456 sordidatam
1000 422 1046 456 et
1063 414 1309 456 sordidam?

173 477 384 534 Magnum
404 479 486 521 hoc
507 494 678 534 quoque
701 479 934 535 signum’st‚
956 480 1168 521 dominam
1188 494 1283 522 esse
1300 486 1425 522 extra
1445 479 1615 523 noxiam
1632 496 1643 530 ;

175 543 320 592 Quum
342 545 435 600 ejus
458 552 543 587 tam
563 544 849 601 negleguntur
868 546 1147 588 internuncii:

174 609 289 651 Nam
311 610 534 666 disciplina
554 619 621 653 est
641 611 818 662 eisdem,
839 612 1103 654 munerarier

118 682 159 713 60
175 674 366 717 Ancillas
387 677 585 732 primum,
607 677 663 718 ad
680 677 871 719 dominas
892 678 966 732 qui
986 677 1189 719 affectant
1210 678 1332 719 viam.

175 740 306 783 ΟΜΝ.
329 741 485 797 Perge,
506 743 686 784 obsecro
705 750 763 794 te,
785 750 828 785 et
848 758 949 785 cave
970 757 1024 785 ne
1040 741 1190 784 falsam
1209 743 1388 799 gratiam

175 806 362 848 Studeas
383 808 511 849 inire:
543 808 648 862 quid
668 808 742 858 ait,
762 809 837 850 ubi
857 822 923 850 me
944 809 1165 851 nominas?

175 871 253 913 SY.
276 871 365 914 Ubi
383 872 561 914 dicimus
581 873 746 915 redisse
766 880 823 924 te,
846 881 890 915 et
908 888 1062 929 rogare
1082 874 1146 916 uti

174 936 355 979 Veniret
374 937 430 979 ad
451 946 493 979 te
512 954 521 979 :
553 937 703 980 mulier
723 938 850 980 telam
869 938 1030 980 deserit

117 1009 158 1040 65
175 1002 403 1053 Continuo,
423 1010 468 1044 et
487 1002 685 1044 lacrumis
706 1002 856 1058 opplet
875 1018 923 1045 os
941 1010 1078 1045 totum
1100 1004 1203 1046 sibi:

174 1067 237 1109 Ut
258 1066 379 1111 facile
403 1068 533 1110 scires
551 1068 766 1111 desiderio
784 1069 831 1111 id
845 1069 940 1111 fieri
959 1076 1049 1111 tuo.

172 1132 303 1174 enm.
327 1132 426 1175 Prae
445 1134 619 1188 gaudio,
640 1134 701 1176 ita
719 1149 786 1177 me
806 1134 869 1176 Di
888 1142 1044 1185 ament,
1066 1135 1142 1177 ubi
1163 1135 1241 1176 sim
1261 1135 1419 1178 nescio.

171 1197 240 1240 Ita
259 1197 392 1241 timui.
444 1198 570 1241 CL1'r.
592 1198 656 1241 At
675 1214 758 1256 ego
777 1199 882 1242 nihil
902 1215 997 1243 esse
1020 1201 1220 1253 sciebam,
1242 1201 1393 1243 Clinia.

161 1366 212 1396 53.
229 1367 345 1396 Pannis
356 1365 471 1407 obsita]
486 1365 539 1397 Sic
550 1365 586 1396 in
599 1366 768 1404 Eunucho,
776 1378 856 1407 pan-

900 1378 946 1398 me
958 1378 1015 1407 pro
1030 1369 1193 1407 disciplina
1207 1372 1295 1398 sectae
1310 1378 1398 1408 quam
1410 1369 1481 1405 colo,
1493 1370 1645 1409 inquirere

117 1411 165 1440 nis
180 1410 323 1449 annisque
338 1410 473 1439 obsitum.
507 1409 559 1439 Ita
569 1411 681 1449 pannis
695 1411 794 1441 obsita
807 1410 856 1441 di·
897 1413 1008 1450 potius,
1025 1421 1114 1451 quam
1129 1410 1294 1441 decernere.
1327 1411 1364 1441 B.

116 1452 209 1489 citur,
223 1458 259 1482 ut
274 1462 350 1493 ager
364 1451 486 1483 obsitus
501 1452 611 1493 spinis.
643 1452 680 1483 C.

161 1496 211 1526 54.
230 1496 387 1526 Immunda
399 1494 518 1536 illuvie]
531 1497 686 1527 Pmluvies
697 1501 728 1527 et
742 1497 859 1527 illuvies

117 1538 363 1579 significantiam
385 1538 504 1570 habent
525 1549 645 1580 parem,
666 1545 699 1570 et
717 1538 857 1570 immun-

117 1581 197 1612 ditia
213 1588 270 1612 est.
309 1580 398 1622 Virg.
422 1581 498 1613 AEn.
519 1581 565 1613 iii.
582 1583 655 1613 216.
679 1583 859 1614 Foedissima

117 1627 230 1656 ventris
244 1626 408 1656 Proluvies.
435 1625 472 1656 C.

162 1668 212 1698 55.
236 1669 287 1698 Ita
309 1670 356 1699 uti
368 1665 472 1709 credo]
494 1667 534 1699 V.
559 1668 595 1700 C.
618 1670 663 1699 ita
684 1673 720 1700 ut
740 1670 790 1699 hic
809 1670 858 1699 di-

120 1713 171 1741 cit.
204 1711 240 1741 1..

163 1754 214 1784 56.
228 1754 420 1785 Sor-dictatam
431 1759 462 1785 et
473 1756 624 1785 sordidam
635 1753 668 1795 Ρ]
680 1756 825 1786 Sordidus
839 1765 859 1787 a

119 1803 234 1828 natura
246 1796 372 1828 dicitur.
396 1799 574 1828 Sordidatus
586 1807 663 1829 vero
675 1798 713 1829 fit
723 1804 858 1839 urgente

118 1839 319 1871 necessitate.
374 1840 435 1871 Vel
467 1840 579 1872 habitu
612 1842 797 1872 sordidatam
827 1847 860 1872 et

118 1890 217 1920 veste,
233 1893 366 1925 corpore
380 1885 532 1915 sordidam
548 1890 580 1915 et
595 1883 705 1915 illuvie
719 1886 858 1916 sordida-

119 1932 190 1964 tam,
206 1926 343 1957 refertur
358 1927 399 1957 ad
414 1926 503 1964 illud,
517 1930 627 1967 pannis
644 1929 749 1959 obsita.
787 1929 858 1959 Sor-

117 1971 229 2006 didam,
247 1969 287 2000 ad
308 1969 398 2006 illud,
414 1972 558 2011 neglecta,
574 1972 726 2002 immunda
747 1973 858 2002 illuvie.

118 2013 280 2044 c.-Scz·n’
298 2012 391 2054 hane]
410 2013 474 2044 Ms.
491 2014 531 2044 R.
549 2015 628 2045 Sein’
647 2019 680 2045 tu
695 2016 779 2045 hane.
810 2014 848 2045 L.

170 2056 220 2089 57.
253 2058 352 2087 Extra
384 2056 505 2098 noxam]
539 2057 613 2088 Hoc
643 2064 693 2088 est
721 2057 858 2099 culpam.

118 2100 208 2130 Noxa
227 2099 324 2130 etiam
342 2099 502 2140 significat
524 2100 686 2131 damnum.
726 2101 858 2132 Sueton.

117 2141 151 2173 in
167 2143 303 2180 Caesare,
320 2152 388 2184 cap.
407 2144 457 2174 81.
481 2145 697 2184 Spurinamque
719 2146 859 2182 irridens,

117 2191 148 2216 et
169 2191 202 2216 ut
214 2184 332 2225 salsum
357 2197 496 2227 arguens,
524 2189 603 2227 quod
625 2189 690 2218 sine
715 2189 779 2218 ulla
804 2199 861 2219 sua

117 2239 194 2259 nota
208 2231 282 2260 Idus
296 2230 422 2260 Martiae
436 2236 542 2261 essent.
573 2231 610 2261 C.

162 2272 212 2303 58.
235 2272 440 2314 Inter-nuncii]
458 2274 656 2312 Internum-ii,
669 2273 723 2314 qui
740 2273 859 2305 nuncia

118 2314 224 2346 ferunt
240 2315 279 2346 ad
290 2321 458 2353 amatores,
471 2323 503 2348 et
514 2317 658 2348 referunt
669 2316 710 2348 ad
725 2323 856 2348 amatas.

118 2357 208 2392 Quos
220 2357 317 2399 aliqui
329 2369 520 2401 gynaegogos
531 2359 652 2398 dicunt,
668 2370 688 2391 a
702 2360 857 2392 ducendis

118 2400 315 2433 mulieribus.
350 2402 466 2434 Utrum
480 2403 571 2441 bene,
587 2414 647 2434 nec
663 2413 713 2440 ne,
729 2403 792 2444 ipsi
809 2404 856 2434 vi-

119 2442 235 2474 derint.
271 2444 547 2478 C.-—Scholiastes
571 2446 730 2484 Bembini,
754 2448 856 2478 Inter-

119 2488 240 2517 nuneioe
250 2498 307 2526 pro
321 2491 413 2519 seroie
426 2492 528 2529 posuit
537 2503 549 2526 ,·
564 2493 618 2521 sed
631 2493 780 2521 sententia
793 2492 857 2522 hoec

120 2530 166 2559 ita
179 2534 234 2567 est,
250 2532 302 2570 qui
315 2541 372 2561 non
387 2534 619 2573 negligerentur,
639 2535 667 2564 si
688 2538 785 2565 essent
807 2536 855 2565 in-

121 2574 278 2603 ternuncii.
315 2573 475 2606 Caeterum
489 2585 601 2608 omnes
614 2576 726 2614 nostri,
742 2583 859 2618 praeter

120 2624 231 2652 unum,
243 2615 289 2646 ita
296 2616 393 2647 verba
403 2617 577 2650 collocant:
604 2621 702 2653 Quum
711 2625 773 2650 tam
784 2631 857 2661 neg-

120 2659 258 2698 liguntur
271 2657 335 2698 ejus
350 2661 540 2692 internuncii.
573 2662 716 2704 Con-ige,
728 2665 859 2705 negligi-

120 2706 172 2731 tur
192 2701 258 2741 ejus
278 2704 477 2734 internuncia.
517 2702 602 2736 Nam
623 2715 733 2737 servos
754 2706 860 2738 nullos

120 2744 232 2775 habuit
246 2745 383 2776 domina.
416 2745 454 2776 B.

163 2788 214 2819 59.
238 2789 320 2819 Nam
337 2790 499 2829 disciplina
517 2788 579 2831 est]
603 2790 803 2833 Praeceptum
825 2791 860 2824 in

120 2829 202 2861 Arte
224 2831 374 2868 Ammdi,
390 2831 411 2862 i.
436 2833 507 2863 351.
531 2840 568 2864 ut
588 2840 745 2865 amatores
770 2834 861 2876 prius

118 2873 251 2905 ancillas
262 2882 476 2916 corrumpant.
501 2875 744 2908 C.—Dubitant
757 2877 858 2910 inter-

119 2924 227 2957 pretes
248 2917 288 2948 de
310 2919 424 2950 iisdem.
470 2918 566 2950 Forte
587 2918 649 2961 leg.
669 2921 751 2951 Nam
765 2923 858 2952 disci-

115 2961 203 2999 plina
218 2966 264 2993 eet
283 2967 373 2994 secta.
411 2959 536 2995 Gellius
554 2973 608 2995 xx.
630 2964 657 2996 1.
681 2965 764 2996 Scies
783 2967 860 2997 enim

945 1453 996 1484 60.
1012 1453 1182 1494 Affectant]
1197 1455 1352 1493 Affectare
1364 1458 1414 1485 est
1424 1464 1563 1496 pronum
1573 1455 1643 1486 ani-

901 1506 991 1527 mum
1020 1497 1061 1528 ad
1097 1496 1278 1528 faciendum
1309 1497 1437 1529 habere.
1485 1498 1531 1529 Ut
1566 1497 1647 1529 dicit

902 1539 1027 1571 Festus.
1072 1539 1266 1571 Laurentius
1293 1540 1381 1578 dicit,
1405 1542 1548 1581 affectare
1575 1551 1646 1573 esse

900 1582 1015 1614 affectu
1031 1588 1064 1614 et
1081 1589 1198 1614 conatu
1214 1582 1347 1614 alterius
1368 1582 1521 1615 virtutem
1545 1594 1645 1615 aemu-

900 1626 971 1664 lari,
984 1637 1079 1667 quam
1091 1626 1217 1668 assequi
1230 1637 1379 1667 nequeas,
1391 1627 1573 1668 refragante
1587 1638 1644 1659 na·-

902 1675 983 1701 tura.
1030 1670 1160 1702 Servius
1190 1676 1298 1701 autem
1329 1669 1382 1701 hic
1413 1670 1647 1712 interpretatur

901 1714 1054 1754 affectant,
1079 1713 1165 1744 viam
1194 1721 1401 1755 praeparant:
1438 1714 1644 1754 quemadmo-

901 1756 978 1787 dum
994 1762 1027 1787 et
1041 1756 1121 1787 illud
1137 1756 1363 1797 Virgilianum,
1377 1757 1495 1798 Georg.
1511 1756 1554 1788 iv.
1571 1758 1644 1789 562.

901 1802 1036 1840 viamque
1049 1801 1174 1840 affectat
1192 1801 1325 1840 Olympo,
1338 1799 1578 1841 interpretatur,
1592 1800 1647 1832 ille

901 1848 1062 1884 praeparat
1076 1842 1137 1874 sibi
1155 1842 1281 1874 divinos
1299 1843 1446 1879 honores,
1463 1853 1521 1874 seu
1535 1843 1645 1886 dispo-

902 1885 959 1916 nit.
991 1886 1211 1917 C.—Ancillas
1226 1885 1373 1926 primum]
1393 1886 1583 1927 Hieronym.
1605 1887 1646 1917 ad

902 1928 1062 1960 Gaudent.
1107 1931 1202 1960 solent
1235 1931 1339 1960 lascivi
1369 1931 1490 1960 comtuli
1518 1930 1647 1970 juvenes

905 1974 1124 2010 blandimentis,
1147 1973 1340 2012 affabilitate,
1363 1974 1546 2004 munusculis
1576 1975 1645 2004 adi—

904 2021 965 2046 tum
980 2017 1039 2046 sibi
1053 2026 1110 2055 per
1129 2018 1260 2046 nutrices
1280 2017 1323 2046 ad
1343 2017 1480 2047 alumnas
1501 2027 1644 2056 quaerere.

904 2058 977 2089 Vid.
1006 2059 1100 2089 Ovid.
1128 2058 1168 2089 de
1192 2066 1261 2090 arte
1287 2058 1424 2089 amandi.
1470 2059 1584 2100 Lysias
1610 2059 1646 2091 in

902 2101 999 2144 Apol.
1029 2103 1089 2135 Qui
1099 2101 1261 2143 affectant]
1277 2101 1408 2133 Servius
1420 2102 1495 2133 AEn.
1509 2102 1554 2133 iii.
1571 2103 1645 2136 670.

903 2144 1020 2176 Junius
1038 2145 1177 2186 Philarg.
1194 2146 1311 2186 Georg.
1328 2145 1370 2176 iv.
1388 2145 1460 2176 562.
1493 2146 1529 2176 L.

945 2189 995 2219 61.
1014 2189 1136 2219 Falsum
1143 2187 1296 2229 gratiam]
1310 2188 1439 2219 Scilicet
1450 2188 1645 2220 mentiendo.

902 2231 988 2262 Nam
1003 2231 1074 2273 ipso
1088 2231 1205 2263 rescito
1223 2231 1327 2274 gratia
1346 2231 1427 2263 inita
1447 2231 1644 2264 frustaberis.

949 2318 1000 2349 64.
1030 2318 1142 2350 Placet
1167 2328 1241 2349 cum
1267 2318 1379 2349 Bemb.
1406 2318 1512 2359 legere
1534 2320 1646 2350 desinit

899 2372 959 2403 pro
982 2361 1106 2402 vulgari
1126 2364 1247 2393 deserit.
1289 2362 1375 2393 Nam
1397 2364 1532 2392 deserere
1554 2363 1646 2395 telam

900 2411 950 2436 est
975 2404 1073 2442 abire,
1098 2405 1250 2446 aufugere
1272 2415 1291 2436 a
1315 2405 1397 2441 tela3
1431 2405 1488 2435 sed
1510 2407 1645 2436 desinere

900 2455 950 2480 est
964 2447 1186 2479 intermittere.
1220 2448 1257 2479 B.

949 2492 1000 2522 65.
1032 2493 1140 2532 Opplet
1160 2490 1209 2532 os]
1234 2491 1319 2522 Nam
1342 2501 1384 2522 ex
1406 2490 1506 2522 nimio
1526 2491 1645 2532 gaudio

898 2534 1062 2566 interdum
1072 2535 1220 2576 lacrymae
1232 2534 1403 2576 provenire
1415 2534 1528 2565 solent.
1551 2534 1644 2576 Apu-

901 2577 992 2615 leius‚
1011 2578 1143 2609 Metam.
1157 2578 1178 2608 i.
1201 2579 1283 2608 Tune
1294 2588 1348 2618 ego
1362 2579 1442 2608 sensi
1461 2579 1645 2609 naturaliter

901 2623 1042 2662 quosdam
1067 2623 1193 2661 affectus
1219 2623 1251 2651 in
1272 2622 1456 2652 contrarium
1475 2623 1644 2661 provenire.

902 2666 985 2696 Nam
1004 2670 1039 2695 ut
1060 2666 1201 2705 lacrymoe
1221 2665 1360 2704 saepicule
1382 2665 1419 2695 de
1437 2665 1553 2704 gaudio
1569 2675 1643 2705 pro-

902 2709 994 2738 deunt
1006 2720 1018 2742 ,·
1040 2709 1086 2738 ila
1100 2712 1131 2738 et
1145 2709 1177 2738 in
1192 2708 1244 2737 illo
1258 2708 1350 2737 nimio
1359 2717 1470 2747 pavore
1484 2708 1578 2739 risun
1589 2718 1643 2740 ne-

902 2752 985 2792 quivi
998 2752 1157 2781 continere.
1189 2750 1226 2781 C.

946 2794 997 2824 66.
1022 2793 1074 2824 Ne
1104 2792 1225 2834 syllaba
1254 2792 1329 2824 huic
1355 2792 1463 2825 versui
1491 2793 1643 2836 supersit,

902 2836 1026 2877 corrige
1041 2837 1129 2874 scias,
1146 2841 1179 2867 et
1193 2835 1381 2878 pronuncia,
1395 2843 1434 2868 ut
1449 2837 1643 2879 monosylla-

900 2880 974 2911 bon.
1005 2879 1042 2910 B.

945 2923 995 2954 68.
1019 2922 1163 2954 Verbum
1177 2924 1306 2954 sciebam
1321 2922 1514 2955 Scholiastes
1529 2923 1641 2956 Bemb.

902 2965 1142 3008 interpretatur,
1158 2968 1237 3007 quod
1250 2968 1384 3000 timebas.
1416 2966 1554 2999 Fatum.
