<?xml version="1.0" encoding="UTF-8"?>
<!DOCTYPE html PUBLIC "-//W3C//DTD XHTML 1.0 Transitional//EN"
    "http://www.w3.org/TR/xhtml1/DTD/xhtml1-transitional.dtd">
<html xmlns="http://www.w3.org/1999/xhtml" xml:lang="en" lang="en">
 <head>
  <title>
</title>
<meta http-equiv="Content-Type" content="text/html;charset=utf-8" />
  <meta name='ocr-system' content='tesseract 3.04.00' />
  <meta name='ocr-capabilities' content='ocr_page ocr_carea ocr_par ocr_line ocrx_word'/>
</head>
<body>
  <div class='ocr_page' id='page_1' title='image "./comoediaesex00tereuoft_0593.png"; bbox 0 0 1852 3216; ppageno 0'>
   <div class='ocr_carea' id='block_1_1' title="bbox 92 124 325 181">
    <p class='ocr_par' dir='ltr' id='par_1_1' title="bbox 92 124 325 181">
     <span class='ocr_line' id='line_1_1' title="bbox 92 124 325 181; baseline -0.017 -9"><span class='ocrx_word' id='word_1_1' title='bbox 92 139 233 172; x_wconf 68' lang='lat' dir='ltr'><strong>semu</strong></span> <span class='ocrx_word' id='word_1_2' title='bbox 254 124 325 181; x_wconf 64' lang='grc' dir='ltr'><strong>ιι]</strong></span> 
     </span>
    </p>
   </div>
   <div class='ocr_carea' id='block_1_2' title="bbox 690 124 1010 170">
    <p class='ocr_par' dir='ltr' id='par_1_2' title="bbox 690 124 1010 170">
     <span class='ocr_line' id='line_1_2' title="bbox 690 124 1010 170; baseline 0.003 -1"><span class='ocrx_word' id='word_1_3' title='bbox 690 124 1010 170; x_wconf 82' lang='lat' dir='ltr'><strong>HECYRA.</strong></span> 
     </span>
    </p>
   </div>
   <div class='ocr_carea' id='block_1_3' title="bbox 1528 132 1609 176">
    <p class='ocr_par' dir='ltr' id='par_1_3' title="bbox 1528 132 1609 176">
     <span class='ocr_line' id='line_1_3' title="bbox 1528 132 1609 176; baseline 0.025 -2"><span class='ocrx_word' id='word_1_4' title='bbox 1528 132 1609 176; x_wconf 77' lang='lat'><strong>491</strong></span> 
     </span>
    </p>
   </div>
   <div class='ocr_carea' id='block_1_4' title="bbox 149 214 1614 342">
    <p class='ocr_par' dir='ltr' id='par_1_4' title="bbox 149 214 1614 342">
     <span class='ocr_line' id='line_1_4' title="bbox 150 214 1335 271; baseline 0.005 -14"><span class='ocrx_word' id='word_1_5' title='bbox 150 215 214 264; x_wconf 82' lang='lat' dir='ltr'><strong>Ut</strong></span> <span class='ocrx_word' id='word_1_6' title='bbox 232 215 309 258; x_wconf 86' lang='lat' dir='ltr'><strong>tibi</strong></span> <span class='ocrx_word' id='word_1_7' title='bbox 328 214 559 263; x_wconf 81' lang='lat' dir='ltr'><strong>concedam</strong></span> <span class='ocrx_word' id='word_1_8' title='bbox 571 232 596 267; x_wconf 69' lang='grc' dir='ltr'><strong>ς·</strong></span> <span class='ocrx_word' id='word_1_9' title='bbox 613 230 753 271; x_wconf 87' lang='lat' dir='ltr'><strong>neque</strong></span> <span class='ocrx_word' id='word_1_10' title='bbox 773 222 860 258; x_wconf 85' lang='lat' dir='ltr'><strong>tuae</strong></span> <span class='ocrx_word' id='word_1_11' title='bbox 877 215 1042 260; x_wconf 87' lang='lat' dir='ltr'><strong>libidini</strong></span> <span class='ocrx_word' id='word_1_12' title='bbox 1058 217 1335 263; x_wconf 78' lang='lat' dir='ltr'><strong>adversabor.</strong></span> 
     </span>
     <span class='ocr_line' id='line_1_5' title="bbox 149 280 1614 342; baseline 0.004 -19"><span class='ocrx_word' id='word_1_13' title='bbox 149 281 233 324; x_wconf 65' lang='lat' dir='ltr'><strong>LA.</strong></span> <span class='ocrx_word' id='word_1_14' title='bbox 269 281 417 337; x_wconf 89' lang='lat' dir='ltr'>Atque</span> <span class='ocrx_word' id='word_1_15' title='bbox 452 296 601 324; x_wconf 89' lang='lat' dir='ltr'><strong>eccum</strong></span> <span class='ocrx_word' id='word_1_16' title='bbox 635 280 898 337; x_wconf 82' lang='lat' dir='ltr'><strong>Phidippum</strong></span> <span class='ocrx_word' id='word_1_17' title='bbox 929 290 1105 338; x_wconf 87' lang='lat' dir='ltr'><strong>optume</strong></span> <span class='ocrx_word' id='word_1_18' title='bbox 1140 285 1289 328; x_wconf 77' lang='lat' dir='ltr'><strong>video:</strong></span> <span class='ocrx_word' id='word_1_19' title='bbox 1323 299 1380 331; x_wconf 80' lang='lat' dir='ltr'><strong>ex</strong></span> <span class='ocrx_word' id='word_1_20' title='bbox 1409 284 1494 329; x_wconf 80' lang='lat' dir='ltr'><strong>hoe</strong></span> <span class='ocrx_word' id='word_1_21' title='bbox 1522 286 1614 342; x_wconf 84' lang='lat' dir='ltr'><strong>jam</strong></span> 
     </span>
    </p>
   </div>
   <div class='ocr_carea' id='block_1_5' title="bbox 234 347 609 402">
    <p class='ocr_par' dir='ltr' id='par_1_5' title="bbox 234 347 609 402">
     <span class='ocr_line' id='line_1_6' title="bbox 234 347 609 402; baseline 0.003 -13"><span class='ocrx_word' id='word_1_22' title='bbox 234 348 369 397; x_wconf 85' lang='lat' dir='ltr'><strong>scibo,</strong></span> <span class='ocrx_word' id='word_1_23' title='bbox 389 347 494 402; x_wconf 90' lang='lat' dir='ltr'><strong>quid</strong></span> <span class='ocrx_word' id='word_1_24' title='bbox 516 347 609 390; x_wconf 86' lang='lat' dir='ltr'><strong>siet.</strong></span> 
     </span>
    </p>
   </div>
   <div class='ocr_carea' id='block_1_6' title="bbox 96 412 1613 473">
    <p class='ocr_par' dir='ltr' id='par_1_6' title="bbox 96 412 1613 473">
     <span class='ocr_line' id='line_1_7' title="bbox 96 412 1613 473; baseline 0.004 -19"><span class='ocrx_word' id='word_1_25' title='bbox 96 412 378 468; x_wconf 40' lang='lat' dir='ltr'><strong>-5vPhidippe,</strong></span> <span class='ocrx_word' id='word_1_26' title='bbox 398 413 480 454; x_wconf 90' lang='lat' dir='ltr'><strong>etsi</strong></span> <span class='ocrx_word' id='word_1_27' title='bbox 499 428 582 468; x_wconf 86' lang='lat' dir='ltr'><strong>ego</strong></span> <span class='ocrx_word' id='word_1_28' title='bbox 597 413 706 460; x_wconf 58' lang='lat' dir='ltr'><strong>,meis</strong></span> <span class='ocrx_word' id='word_1_29' title='bbox 736 427 804 455; x_wconf 90' lang='lat' dir='ltr'><strong>me</strong></span> <span class='ocrx_word' id='word_1_30' title='bbox 831 414 1026 456; x_wconf 88' lang='lat' dir='ltr'><strong>omnibus</strong></span> <span class='ocrx_word' id='word_1_31' title='bbox 1052 415 1141 458; x_wconf 85' lang='lat' dir='ltr'><strong>scio</strong></span> <span class='ocrx_word' id='word_1_32' title='bbox 1160 430 1256 460; x_wconf 89' lang='lat' dir='ltr'><strong>esse</strong></span> <span class='ocrx_word' id='word_1_33' title='bbox 1276 416 1471 473; x_wconf 87' lang='lat' dir='ltr'><strong>apprime</strong></span> <span class='ocrx_word' id='word_1_34' title='bbox 1488 417 1613 460; x_wconf 84' lang='lat' dir='ltr'><strong>obse-</strong></span> 
     </span>
    </p>
   </div>
   <div class='ocr_carea' id='block_1_7' title="bbox 229 485 493 534">
    <p class='ocr_par' dir='ltr' id='par_1_7' title="bbox 229 485 493 534">
     <span class='ocr_line' id='line_1_8' title="bbox 229 485 493 534; baseline 0 -14"><span class='ocrx_word' id='word_1_35' title='bbox 229 485 449 534; x_wconf 88' lang='lat' dir='ltr'><strong>quentem,</strong></span> <span class='ocrx_word' id='word_1_36' title='bbox 489 492 493 494; x_wconf 91' lang='grc'><strong><em>·</em></strong></span> 
     </span>
    </p>
   </div>
   <div class='ocr_carea' id='block_1_8' title="bbox 145 543 1611 666">
    <p class='ocr_par' dir='ltr' id='par_1_8' title="bbox 145 543 1611 666">
     <span class='ocr_line' id='line_1_9' title="bbox 146 543 1523 601; baseline 0.004 -16"><span class='ocrx_word' id='word_1_37' title='bbox 146 543 236 586; x_wconf 90' lang='lat' dir='ltr'><strong>Sed</strong></span> <span class='ocrx_word' id='word_1_38' title='bbox 256 559 340 586; x_wconf 90' lang='lat' dir='ltr'><strong>non</strong></span> <span class='ocrx_word' id='word_1_39' title='bbox 361 544 486 594; x_wconf 87' lang='lat' dir='ltr'><strong>adeo,</strong></span> <span class='ocrx_word' id='word_1_40' title='bbox 511 551 560 586; x_wconf 88' lang='lat' dir='ltr'><strong>ut</strong></span> <span class='ocrx_word' id='word_1_41' title='bbox 579 559 673 586; x_wconf 88' lang='lat' dir='ltr'><strong>mea</strong></span> <span class='ocrx_word' id='word_1_42' title='bbox 693 543 871 588; x_wconf 85' lang='lat' dir='ltr'><strong>facilitas</strong></span> <span class='ocrx_word' id='word_1_43' title='bbox 891 554 1137 601; x_wconf 88' lang='lat' dir='ltr'><strong>corrumpat</strong></span> <span class='ocrx_word' id='word_1_44' title='bbox 1155 545 1322 593; x_wconf 87' lang='lat' dir='ltr'><strong>illorum</strong></span> <span class='ocrx_word' id='word_1_45' title='bbox 1339 547 1523 590; x_wconf 85' lang='lat' dir='ltr'><strong>animos:</strong></span> 
     </span>
     <span class='ocr_line' id='line_1_10' title="bbox 145 609 1611 666; baseline 0.003 -15"><span class='ocrx_word' id='word_1_46' title='bbox 145 609 278 657; x_wconf 85' lang='lat' dir='ltr'><strong>Quod</strong></span> <span class='ocrx_word' id='word_1_47' title='bbox 301 617 347 651; x_wconf 90' lang='lat' dir='ltr'><strong>tu</strong></span> <span class='ocrx_word' id='word_1_48' title='bbox 368 610 405 651; x_wconf 90' lang='lat' dir='ltr'><strong>si</strong></span> <span class='ocrx_word' id='word_1_49' title='bbox 423 610 538 652; x_wconf 89' lang='lat' dir='ltr'><strong>idem</strong></span> <span class='ocrx_word' id='word_1_50' title='bbox 557 609 736 661; x_wconf 85' lang='lat' dir='ltr'><strong>faceres,</strong></span> <span class='ocrx_word' id='word_1_51' title='bbox 754 611 888 666; x_wconf 87' lang='lat' dir='ltr'><strong>magis</strong></span> <span class='ocrx_word' id='word_1_52' title='bbox 906 611 951 653; x_wconf 88' lang='lat' dir='ltr'><strong>in</strong></span> <span class='ocrx_word' id='word_1_53' title='bbox 969 626 1060 654; x_wconf 89' lang='lat' dir='ltr'><strong>rem</strong></span> <span class='ocrx_word' id='word_1_54' title='bbox 1075 619 1119 654; x_wconf 85' lang='lat' dir='ltr'><strong>et</strong></span> <span class='ocrx_word' id='word_1_55' title='bbox 1137 619 1342 665; x_wconf 86' lang='lat' dir='ltr'><strong>nostram,</strong></span> <span class='ocrx_word' id='word_1_56' title='bbox 1362 620 1407 655; x_wconf 91' lang='lat' dir='ltr'><strong>et</strong></span> <span class='ocrx_word' id='word_1_57' title='bbox 1426 620 1611 657; x_wconf 84' lang='lat' dir='ltr'><strong>vostram</strong></span> 
     </span>
    </p>
   </div>
   <div class='ocr_carea' id='block_1_9' title="bbox 230 675 424 717">
    <p class='ocr_par' dir='ltr' id='par_1_9' title="bbox 230 675 424 717">
     <span class='ocr_line' id='line_1_11' title="bbox 230 675 424 717; baseline 0.005 -1"><span class='ocrx_word' id='word_1_58' title='bbox 230 675 274 716; x_wconf 92' lang='lat' dir='ltr'><strong>id</strong></span> <span class='ocrx_word' id='word_1_59' title='bbox 294 682 424 717; x_wconf 89' lang='lat' dir='ltr'><strong>esset.</strong></span> 
     </span>
    </p>
   </div>
   <div class='ocr_carea' id='block_1_10' title="bbox 88 739 1517 1126">
    <p class='ocr_par' dir='ltr' id='par_1_10' title="bbox 141 739 1516 800">
     <span class='ocr_line' id='line_1_12' title="bbox 141 739 1516 800; baseline 0.001 -16"><span class='ocrx_word' id='word_1_60' title='bbox 141 739 273 784; x_wconf 90' lang='lat' dir='ltr'><strong>Nunc</strong></span> <span class='ocrx_word' id='word_1_61' title='bbox 294 741 421 782; x_wconf 87' lang='lat' dir='ltr'><strong>video</strong></span> <span class='ocrx_word' id='word_1_62' title='bbox 438 741 480 782; x_wconf 89' lang='lat' dir='ltr'><strong>in</strong></span> <span class='ocrx_word' id='word_1_63' title='bbox 500 739 664 783; x_wconf 85' lang='lat' dir='ltr'><strong>illarum</strong></span> <span class='ocrx_word' id='word_1_64' title='bbox 684 749 898 797; x_wconf 86' lang='lat' dir='ltr'><strong>potestate</strong></span> <span class='ocrx_word' id='word_1_65' title='bbox 916 757 1012 784; x_wconf 88' lang='lat' dir='ltr'><strong>esse</strong></span> <span class='ocrx_word' id='word_1_66' title='bbox 1033 750 1091 785; x_wconf 88' lang='lat' dir='ltr'><strong>te.</strong></span> <span class='ocrx_word' id='word_1_67' title='bbox 1142 742 1227 785; x_wconf 82' lang='grc' dir='ltr'><strong>ΡΗ.</strong></span> <span class='ocrx_word' id='word_1_68' title='bbox 1250 742 1367 800; x_wconf 88' lang='lat' dir='ltr'><strong>Heja</strong></span> <span class='ocrx_word' id='word_1_69' title='bbox 1386 753 1516 787; x_wconf 64' lang='lat' dir='ltr'><strong>vero.</strong></span> 
     </span>
    </p>

    <p class='ocr_par' dir='ltr' id='par_1_11' title="bbox 88 805 1517 928">
     <span class='ocr_line' id='line_1_13' title="bbox 143 805 1517 859; baseline 0.004 -12"><span class='ocrx_word' id='word_1_70' title='bbox 143 805 227 848; x_wconf 75' lang='lat' dir='ltr'><strong>LA.</strong></span> <span class='ocrx_word' id='word_1_71' title='bbox 250 806 354 848; x_wconf 91' lang='lat' dir='ltr'><strong>Adii</strong></span> <span class='ocrx_word' id='word_1_72' title='bbox 375 814 416 849; x_wconf 93' lang='lat' dir='ltr'><strong>te</strong></span> <span class='ocrx_word' id='word_1_73' title='bbox 436 806 530 848; x_wconf 88' lang='lat' dir='ltr'><strong>heri</strong></span> <span class='ocrx_word' id='word_1_74' title='bbox 549 807 604 849; x_wconf 89' lang='lat' dir='ltr'><strong>de</strong></span> <span class='ocrx_word' id='word_1_75' title='bbox 623 806 733 849; x_wconf 87' lang='lat' dir='ltr'><strong>filia:</strong></span> <span class='ocrx_word' id='word_1_76' title='bbox 766 815 814 850; x_wconf 93' lang='lat' dir='ltr'><strong>ut</strong></span> <span class='ocrx_word' id='word_1_77' title='bbox 835 809 945 859; x_wconf 91' lang='lat' dir='ltr'><strong>veni,</strong></span> <span class='ocrx_word' id='word_1_78' title='bbox 966 809 1114 851; x_wconf 90' lang='lat' dir='ltr'><strong>itidem</strong></span> <span class='ocrx_word' id='word_1_79' title='bbox 1133 810 1344 854; x_wconf 89' lang='lat' dir='ltr'><strong>incertum</strong></span> <span class='ocrx_word' id='word_1_80' title='bbox 1363 810 1517 853; x_wconf 88' lang='lat' dir='ltr'><strong>amisti.</strong></span> 
     </span>
     <span class='ocr_line' id='line_1_14' title="bbox 88 870 1458 928; baseline 0.004 -17"><span class='ocrx_word' id='word_1_81' title='bbox 88 879 127 909; x_wconf 91' lang='lat'><strong>10</strong></span> <span class='ocrx_word' id='word_1_82' title='bbox 143 870 279 913; x_wconf 88' lang='lat' dir='ltr'><strong>Haud</strong></span> <span class='ocrx_word' id='word_1_83' title='bbox 299 872 359 913; x_wconf 89' lang='lat' dir='ltr'><strong>ita</strong></span> <span class='ocrx_word' id='word_1_84' title='bbox 378 872 518 923; x_wconf 85' lang='lat' dir='ltr'><strong>decet,</strong></span> <span class='ocrx_word' id='word_1_85' title='bbox 540 872 576 914; x_wconf 86' lang='lat' dir='ltr'><strong>si</strong></span> <span class='ocrx_word' id='word_1_86' title='bbox 594 879 847 928; x_wconf 84' lang='lat' dir='ltr'><strong>perpetuam</strong></span> <span class='ocrx_word' id='word_1_87' title='bbox 867 874 930 916; x_wconf 84' lang='lat' dir='ltr'><strong>vis</strong></span> <span class='ocrx_word' id='word_1_88' title='bbox 950 888 1047 916; x_wconf 89' lang='lat' dir='ltr'><strong>esse</strong></span> <span class='ocrx_word' id='word_1_89' title='bbox 1063 874 1310 916; x_wconf 85' lang='lat' dir='ltr'><strong>affinitatem</strong></span> <span class='ocrx_word' id='word_1_90' title='bbox 1329 875 1458 926; x_wconf 89' lang='lat' dir='ltr'><strong>hanc,</strong></span> 
     </span>
    </p>

    <p class='ocr_par' dir='ltr' id='par_1_12' title="bbox 142 936 1406 995">
     <span class='ocr_line' id='line_1_15' title="bbox 142 936 1406 995; baseline 0.004 -17"><span class='ocrx_word' id='word_1_91' title='bbox 142 936 297 982; x_wconf 83' lang='lat' dir='ltr'><strong>Celare</strong></span> <span class='ocrx_word' id='word_1_92' title='bbox 317 944 360 979; x_wconf 90' lang='lat' dir='ltr'><strong>te</strong></span> <span class='ocrx_word' id='word_1_93' title='bbox 380 937 489 979; x_wconf 89' lang='lat' dir='ltr'><strong>iras:</strong></span> <span class='ocrx_word' id='word_1_94' title='bbox 522 937 557 979; x_wconf 91' lang='lat' dir='ltr'><strong>si</strong></span> <span class='ocrx_word' id='word_1_95' title='bbox 577 937 681 993; x_wconf 90' lang='lat' dir='ltr'><strong>quid</strong></span> <span class='ocrx_word' id='word_1_96' title='bbox 701 944 768 980; x_wconf 89' lang='lat' dir='ltr'><strong>est</strong></span> <span class='ocrx_word' id='word_1_97' title='bbox 786 946 1010 994; x_wconf 89' lang='lat' dir='ltr'><strong>peccatum</strong></span> <span class='ocrx_word' id='word_1_98' title='bbox 1030 954 1056 982; x_wconf 89' lang='lat' dir='ltr'><strong>a</strong></span> <span class='ocrx_word' id='word_1_99' title='bbox 1075 940 1214 990; x_wconf 87' lang='lat' dir='ltr'><strong>nobis,</strong></span> <span class='ocrx_word' id='word_1_100' title='bbox 1235 940 1406 995; x_wconf 88' lang='lat' dir='ltr'><strong>profer:</strong></span> 
     </span>
    </p>

    <p class='ocr_par' dir='ltr' id='par_1_13' title="bbox 140 1001 1367 1061">
     <span class='ocr_line' id='line_1_16' title="bbox 140 1001 1367 1061; baseline 0.003 -17"><span class='ocrx_word' id='word_1_101' title='bbox 140 1001 235 1044; x_wconf 81' lang='lat' dir='ltr'><strong>Aut</strong></span> <span class='ocrx_word' id='word_1_102' title='bbox 253 1017 305 1044; x_wconf 86' lang='lat' dir='ltr'><strong>ea</strong></span> <span class='ocrx_word' id='word_1_103' title='bbox 323 1001 572 1053; x_wconf 88' lang='lat' dir='ltr'><strong>refellendo,</strong></span> <span class='ocrx_word' id='word_1_104' title='bbox 594 1009 669 1045; x_wconf 90' lang='lat' dir='ltr'><strong>aut</strong></span> <span class='ocrx_word' id='word_1_105' title='bbox 688 1004 930 1059; x_wconf 84' lang='lat' dir='ltr'><strong>purgando,</strong></span> <span class='ocrx_word' id='word_1_106' title='bbox 947 1005 1069 1046; x_wconf 71' lang='lat' dir='ltr'><strong>vobis</strong></span> <span class='ocrx_word' id='word_1_107' title='bbox 1089 1005 1367 1061; x_wconf 86' lang='lat' dir='ltr'><strong>corrigemus,</strong></span> 
     </span>
    </p>

    <p class='ocr_par' dir='ltr' id='par_1_14' title="bbox 140 1067 1393 1126">
     <span class='ocr_line' id='line_1_17' title="bbox 140 1067 1393 1126; baseline 0.003 -17"><span class='ocrx_word' id='word_1_108' title='bbox 140 1067 208 1110; x_wconf 90' lang='lat' dir='ltr'><strong>Te</strong></span> <span class='ocrx_word' id='word_1_109' title='bbox 223 1068 370 1124; x_wconf 90' lang='lat' dir='ltr'><strong>judice</strong></span> <span class='ocrx_word' id='word_1_110' title='bbox 390 1068 509 1123; x_wconf 84' lang='lat' dir='ltr'><strong>ipso:</strong></span> <span class='ocrx_word' id='word_1_111' title='bbox 542 1068 607 1110; x_wconf 89' lang='lat' dir='ltr'><strong>sin</strong></span> <span class='ocrx_word' id='word_1_112' title='bbox 625 1083 676 1110; x_wconf 90' lang='lat' dir='ltr'><strong>ea</strong></span> <span class='ocrx_word' id='word_1_113' title='bbox 696 1076 763 1111; x_wconf 88' lang='lat' dir='ltr'><strong>est</strong></span> <span class='ocrx_word' id='word_1_114' title='bbox 781 1084 912 1112; x_wconf 90' lang='lat' dir='ltr'><strong>causa</strong></span> <span class='ocrx_word' id='word_1_115' title='bbox 930 1070 1143 1112; x_wconf 90' lang='lat' dir='ltr'><strong>retinendi</strong></span> <span class='ocrx_word' id='word_1_116' title='bbox 1163 1071 1279 1126; x_wconf 91' lang='lat' dir='ltr'><strong>apud</strong></span> <span class='ocrx_word' id='word_1_117' title='bbox 1301 1086 1393 1122; x_wconf 89' lang='lat' dir='ltr'><strong>vos,</strong></span> 
     </span>
    </p>
   </div>
   <div class='ocr_carea' id='block_1_11' title="bbox 69 1156 825 3015">
    <p class='ocr_par' dir='ltr' id='par_1_15' title="bbox 82 1156 825 1449">
     <span class='ocr_line' id='line_1_18' title="bbox 126 1156 825 1199; baseline 0.003 -11"><span class='ocrx_word' id='word_1_118' title='bbox 126 1158 156 1188; x_wconf 78' lang='lat'><strong>3.</strong></span> <span class='ocrx_word' id='word_1_119' title='bbox 176 1158 281 1198; x_wconf 79' lang='lat' dir='ltr'><strong>Neque</strong></span> <span class='ocrx_word' id='word_1_120' title='bbox 303 1163 361 1189; x_wconf 71' lang='lat' dir='ltr'><strong>tue</strong></span> <span class='ocrx_word' id='word_1_121' title='bbox 382 1156 520 1199; x_wconf 80' lang='lat' dir='ltr'><strong>libidini]</strong></span> <span class='ocrx_word' id='word_1_122' title='bbox 543 1159 658 1189; x_wconf 83' lang='lat' dir='ltr'><strong>Libido</strong></span> <span class='ocrx_word' id='word_1_123' title='bbox 670 1163 720 1189; x_wconf 90' lang='lat' dir='ltr'><strong>est</strong></span> <span class='ocrx_word' id='word_1_124' title='bbox 733 1169 825 1199; x_wconf 67' lang='lat' dir='ltr'><strong>quae-</strong></span> 
     </span>
     <span class='ocr_line' id='line_1_19' title="bbox 82 1200 822 1243; baseline 0.001 -11"><span class='ocrx_word' id='word_1_125' title='bbox 82 1200 162 1232; x_wconf 78' lang='lat' dir='ltr'><strong>libet</strong></span> <span class='ocrx_word' id='word_1_126' title='bbox 176 1200 324 1233; x_wconf 84' lang='lat' dir='ltr'><strong>voluntas</strong></span> <span class='ocrx_word' id='word_1_127' title='bbox 340 1208 459 1232; x_wconf 85' lang='lat' dir='ltr'><strong>temere</strong></span> <span class='ocrx_word' id='word_1_128' title='bbox 475 1208 633 1243; x_wconf 83' lang='lat' dir='ltr'><strong>suscepta.</strong></span> <span class='ocrx_word' id='word_1_129' title='bbox 680 1201 725 1233; x_wconf 83' lang='lat' dir='ltr'><strong>Et</strong></span> <span class='ocrx_word' id='word_1_130' title='bbox 739 1203 822 1234; x_wconf 87' lang='lat' dir='ltr'><strong>bene</strong></span> 
     </span>
     <span class='ocr_line' id='line_1_20' title="bbox 82 1244 820 1285; baseline 0.003 -11"><span class='ocrx_word' id='word_1_131' title='bbox 82 1245 226 1275; x_wconf 78' lang='lat' dir='ltr'><strong>libidini:</strong></span> <span class='ocrx_word' id='word_1_132' title='bbox 249 1251 299 1275; x_wconf 83' lang='lat' dir='ltr'><strong>est</strong></span> <span class='ocrx_word' id='word_1_133' title='bbox 313 1244 399 1275; x_wconf 89' lang='lat' dir='ltr'><strong>enim</strong></span> <span class='ocrx_word' id='word_1_134' title='bbox 414 1254 480 1275; x_wconf 91' lang='lat' dir='ltr'><strong>non</strong></span> <span class='ocrx_word' id='word_1_135' title='bbox 492 1255 629 1285; x_wconf 84' lang='lat' dir='ltr'><strong>aequum,</strong></span> <span class='ocrx_word' id='word_1_136' title='bbox 642 1244 737 1276; x_wconf 85' lang='lat' dir='ltr'><strong>domo</strong></span> <span class='ocrx_word' id='word_1_137' title='bbox 752 1255 820 1276; x_wconf 86' lang='lat' dir='ltr'><strong>ma-</strong></span> 
     </span>
     <span class='ocr_line' id='line_1_21' title="bbox 82 1287 821 1328; baseline 0.001 -10"><span class='ocrx_word' id='word_1_138' title='bbox 82 1287 135 1318; x_wconf 87' lang='lat' dir='ltr'><strong>riti</strong></span> <span class='ocrx_word' id='word_1_139' title='bbox 167 1288 277 1318; x_wconf 81' lang='lat' dir='ltr'><strong>abesse</strong></span> <span class='ocrx_word' id='word_1_140' title='bbox 303 1288 384 1328; x_wconf 89' lang='lat' dir='ltr'><strong>(Ms.</strong></span> <span class='ocrx_word' id='word_1_141' title='bbox 416 1288 453 1318; x_wconf 93' lang='lat' dir='ltr'><strong>B.</strong></span> <span class='ocrx_word' id='word_1_142' title='bbox 481 1294 515 1319; x_wconf 86' lang='lat' dir='ltr'><strong>et</strong></span> <span class='ocrx_word' id='word_1_143' title='bbox 538 1288 609 1319; x_wconf 86' lang='lat' dir='ltr'><strong>edd.</strong></span> <span class='ocrx_word' id='word_1_144' title='bbox 640 1294 718 1319; x_wconf 84' lang='lat' dir='ltr'><strong>vett.</strong></span> <span class='ocrx_word' id='word_1_145' title='bbox 745 1295 821 1319; x_wconf 88' lang='lat' dir='ltr'><strong>ante</strong></span> 
     </span>
     <span class='ocr_line' id='line_1_22' title="bbox 83 1330 823 1373; baseline 0.001 -12"><span class='ocrx_word' id='word_1_146' title='bbox 83 1330 195 1372; x_wconf 82' lang='lat' dir='ltr'><strong>steph.</strong></span> <span class='ocrx_word' id='word_1_147' title='bbox 211 1333 310 1362; x_wconf 81' lang='lat' dir='ltr'><strong>animo</strong></span> <span class='ocrx_word' id='word_1_148' title='bbox 324 1333 430 1361; x_wconf 79' lang='lat' dir='ltr'><strong>mariti</strong></span> <span class='ocrx_word' id='word_1_149' title='bbox 445 1332 560 1369; x_wconf 79' lang='lat' dir='ltr'><strong>obesse)</strong></span> <span class='ocrx_word' id='word_1_150' title='bbox 574 1337 718 1373; x_wconf 78' lang='lat' dir='ltr'><strong>nuptam.</strong></span> <span class='ocrx_word' id='word_1_151' title='bbox 751 1331 823 1362; x_wconf 79' lang='lat' dir='ltr'><strong>Etsi</strong></span> 
     </span>
     <span class='ocr_line' id='line_1_23' title="bbox 83 1373 822 1415; baseline 0.003 -11"><span class='ocrx_word' id='word_1_152' title='bbox 83 1373 170 1404; x_wconf 86' lang='lat' dir='ltr'><strong>enim</strong></span> <span class='ocrx_word' id='word_1_153' title='bbox 192 1384 254 1415; x_wconf 86' lang='lat' dir='ltr'><strong>pro</strong></span> <span class='ocrx_word' id='word_1_154' title='bbox 274 1375 425 1405; x_wconf 79' lang='lat' dir='ltr'><strong>voluntale</strong></span> <span class='ocrx_word' id='word_1_155' title='bbox 446 1374 555 1415; x_wconf 84' lang='lat' dir='ltr'><strong>posuit</strong></span> <span class='ocrx_word' id='word_1_156' title='bbox 576 1376 751 1405; x_wconf 76' lang='lat' dir='ltr'><strong>libidinem.-</strong></span> <span class='ocrx_word' id='word_1_157' title='bbox 775 1380 822 1406; x_wconf 83' lang='lat' dir='ltr'><strong>ta·</strong></span> 
     </span>
     <span class='ocr_line' id='line_1_24' title="bbox 82 1416 699 1449; baseline 0.002 -2"><span class='ocrx_word' id='word_1_158' title='bbox 82 1427 157 1448; x_wconf 89' lang='lat' dir='ltr'><strong>men</strong></span> <span class='ocrx_word' id='word_1_159' title='bbox 173 1416 395 1448; x_wconf 88' lang='lat' dir='ltr'><strong>subaccusavit</strong></span> <span class='ocrx_word' id='word_1_160' title='bbox 409 1416 469 1447; x_wconf 84' lang='lat' dir='ltr'><strong>boc</strong></span> <span class='ocrx_word' id='word_1_161' title='bbox 486 1417 625 1449; x_wconf 90' lang='lat' dir='ltr'><strong>nomine.</strong></span> <span class='ocrx_word' id='word_1_162' title='bbox 658 1417 699 1448; x_wconf 92' lang='lat' dir='ltr'><strong>D.</strong></span> 
     </span>
    </p>

    <p class='ocr_par' dir='ltr' id='par_1_16' title="bbox 81 1459 824 1934">
     <span class='ocr_line' id='line_1_25' title="bbox 126 1459 824 1501; baseline 0.003 -11"><span class='ocrx_word' id='word_1_163' title='bbox 126 1462 156 1491; x_wconf 75' lang='lat'><strong>4.</strong></span> <span class='ocrx_word' id='word_1_164' title='bbox 191 1459 332 1500; x_wconf 81' lang='lat' dir='ltr'><strong>Optume]</strong></span> <span class='ocrx_word' id='word_1_165' title='bbox 362 1461 562 1501; x_wconf 85' lang='lat' dir='ltr'><strong>Opportune.</strong></span> <span class='ocrx_word' id='word_1_166' title='bbox 607 1462 657 1491; x_wconf 78' lang='lat' dir='ltr'><strong>Es:</strong></span> <span class='ocrx_word' id='word_1_167' title='bbox 686 1463 740 1492; x_wconf 81' lang='lat' dir='ltr'><strong>hoe</strong></span> <span class='ocrx_word' id='word_1_168' title='bbox 753 1461 824 1501; x_wconf 79' lang='lat' dir='ltr'><strong>jam</strong></span> 
     </span>
     <span class='ocr_line' id='line_1_26' title="bbox 81 1502 819 1544; baseline 0.001 -10"><span class='ocrx_word' id='word_1_169' title='bbox 81 1502 179 1544; x_wconf 84' lang='lat' dir='ltr'><strong>scibo]</strong></span> <span class='ocrx_word' id='word_1_170' title='bbox 197 1503 332 1544; x_wconf 83' lang='lat' dir='ltr'><strong>Legitur</strong></span> <span class='ocrx_word' id='word_1_171' title='bbox 347 1509 380 1534; x_wconf 88' lang='lat' dir='ltr'><strong>et</strong></span> <span class='ocrx_word' id='word_1_172' title='bbox 394 1505 473 1541; x_wconf 78' lang='lat' dir='ltr'><strong>hinc,</strong></span> <span class='ocrx_word' id='word_1_173' title='bbox 495 1503 596 1534; x_wconf 84' lang='lat' dir='ltr'><strong>locale</strong></span> <span class='ocrx_word' id='word_1_174' title='bbox 611 1503 797 1535; x_wconf 83' lang='lat' dir='ltr'><strong>adverbium</strong></span> <span class='ocrx_word' id='word_1_175' title='bbox 811 1516 819 1535; x_wconf 72' lang='grc' dir='ltr'><strong>ε</strong></span> 
     </span>
     <span class='ocr_line' id='line_1_27' title="bbox 82 1546 821 1587; baseline 0.001 -10"><span class='ocrx_word' id='word_1_176' title='bbox 82 1552 116 1577; x_wconf 89' lang='lat' dir='ltr'><strong>et</strong></span> <span class='ocrx_word' id='word_1_177' title='bbox 130 1546 220 1587; x_wconf 89' lang='lat' dir='ltr'><strong>quasi</strong></span> <span class='ocrx_word' id='word_1_178' title='bbox 242 1546 456 1577; x_wconf 86' lang='lat' dir='ltr'><strong>comminatur</strong></span> <span class='ocrx_word' id='word_1_179' title='bbox 477 1547 581 1585; x_wconf 86' lang='lat' dir='ltr'><strong>uxori,</strong></span> <span class='ocrx_word' id='word_1_180' title='bbox 596 1547 692 1578; x_wconf 89' lang='lat' dir='ltr'><strong>modo</strong></span> <span class='ocrx_word' id='word_1_181' title='bbox 713 1558 748 1579; x_wconf 88' lang='lat' dir='ltr'><strong>se</strong></span> <span class='ocrx_word' id='word_1_182' title='bbox 770 1547 821 1578; x_wconf 88' lang='lat' dir='ltr'><strong>in-</strong></span> 
     </span>
     <span class='ocr_line' id='line_1_28' title="bbox 81 1589 820 1631; baseline 0.004 -12"><span class='ocrx_word' id='word_1_183' title='bbox 81 1597 253 1621; x_wconf 85' lang='lat' dir='ltr'><strong>venturum</strong></span> <span class='ocrx_word' id='word_1_184' title='bbox 279 1589 382 1630; x_wconf 87' lang='lat' dir='ltr'><strong>ipsam</strong></span> <span class='ocrx_word' id='word_1_185' title='bbox 412 1600 571 1631; x_wconf 82' lang='lat' dir='ltr'><strong>peccasse,</strong></span> <span class='ocrx_word' id='word_1_186' title='bbox 598 1600 663 1621; x_wconf 93' lang='lat' dir='ltr'><strong>non</strong></span> <span class='ocrx_word' id='word_1_187' title='bbox 694 1601 820 1622; x_wconf 88' lang='lat' dir='ltr'><strong>nurum.</strong></span> 
     </span>
     <span class='ocr_line' id='line_1_29' title="bbox 85 1632 822 1675; baseline 0 -10"><span class='ocrx_word' id='word_1_188' title='bbox 85 1634 168 1666; x_wconf 80' lang='lat' dir='ltr'><strong>Quid</strong></span> <span class='ocrx_word' id='word_1_189' title='bbox 186 1632 262 1674; x_wconf 82' lang='lat' dir='ltr'><strong>siet]</strong></span> <span class='ocrx_word' id='word_1_190' title='bbox 286 1633 403 1664; x_wconf 88' lang='lat' dir='ltr'><strong>Utrum</strong></span> <span class='ocrx_word' id='word_1_191' title='bbox 427 1633 504 1673; x_wconf 87' lang='lat' dir='ltr'><strong>quid</strong></span> <span class='ocrx_word' id='word_1_192' title='bbox 526 1633 663 1665; x_wconf 55' lang='lat' dir='ltr'><strong>sibrei?</strong></span> <span class='ocrx_word' id='word_1_193' title='bbox 687 1644 729 1665; x_wconf 89' lang='lat' dir='ltr'><strong>an</strong></span> <span class='ocrx_word' id='word_1_194' title='bbox 745 1634 822 1675; x_wconf 88' lang='lat' dir='ltr'><strong>quid</strong></span> 
     </span>
     <span class='ocr_line' id='line_1_30' title="bbox 81 1675 819 1718; baseline 0.003 -12"><span class='ocrx_word' id='word_1_195' title='bbox 81 1675 144 1706; x_wconf 90' lang='lat' dir='ltr'><strong>siet</strong></span> <span class='ocrx_word' id='word_1_196' title='bbox 162 1678 285 1707; x_wconf 70' lang='lat' dir='ltr'><strong>nurus?</strong></span> <span class='ocrx_word' id='word_1_197' title='bbox 309 1683 417 1707; x_wconf 86' lang='lat' dir='ltr'><strong>utrum</strong></span> <span class='ocrx_word' id='word_1_198' title='bbox 439 1676 604 1714; x_wconf 84' lang='lat' dir='ltr'><strong>innocens,</strong></span> <span class='ocrx_word' id='word_1_199' title='bbox 620 1687 662 1708; x_wconf 87' lang='lat' dir='ltr'><strong>an</strong></span> <span class='ocrx_word' id='word_1_200' title='bbox 683 1677 819 1718; x_wconf 73' lang='lat' dir='ltr'><strong>iniqua?</strong></span> 
     </span>
     <span class='ocr_line' id='line_1_31' title="bbox 82 1718 820 1752; baseline 0.004 -3"><span class='ocrx_word' id='word_1_201' title='bbox 82 1718 129 1749; x_wconf 87' lang='lat' dir='ltr'><strong>Et</strong></span> <span class='ocrx_word' id='word_1_202' title='bbox 158 1719 283 1751; x_wconf 88' lang='lat' dir='ltr'><strong>videtur</strong></span> <span class='ocrx_word' id='word_1_203' title='bbox 312 1719 372 1750; x_wconf 90' lang='lat' dir='ltr'><strong>hoc</strong></span> <span class='ocrx_word' id='word_1_204' title='bbox 403 1720 555 1751; x_wconf 80' lang='lat' dir='ltr'><strong>Sostratae</strong></span> <span class='ocrx_word' id='word_1_205' title='bbox 582 1720 710 1751; x_wconf 86' lang='lat' dir='ltr'><strong>dicere:</strong></span> <span class='ocrx_word' id='word_1_206' title='bbox 745 1731 820 1752; x_wconf 85' lang='lat' dir='ltr'><strong>nam</strong></span> 
     </span>
     <span class='ocr_line' id='line_1_32' title="bbox 82 1761 821 1804; baseline 0.004 -12"><span class='ocrx_word' id='word_1_207' title='bbox 82 1761 180 1793; x_wconf 85' lang='lat' dir='ltr'><strong>vicini</strong></span> <span class='ocrx_word' id='word_1_208' title='bbox 207 1769 283 1793; x_wconf 89' lang='lat' dir='ltr'><strong>sunt</strong></span> <span class='ocrx_word' id='word_1_209' title='bbox 305 1762 391 1793; x_wconf 85' lang='lat' dir='ltr'><strong>inter</strong></span> <span class='ocrx_word' id='word_1_210' title='bbox 416 1771 450 1793; x_wconf 87' lang='lat' dir='ltr'><strong>se</strong></span> <span class='ocrx_word' id='word_1_211' title='bbox 473 1763 611 1804; x_wconf 84' lang='lat' dir='ltr'><strong>proximi</strong></span> <span class='ocrx_word' id='word_1_212' title='bbox 641 1764 765 1795; x_wconf 82' lang='lat' dir='ltr'><strong>Laches</strong></span> <span class='ocrx_word' id='word_1_213' title='bbox 789 1770 821 1795; x_wconf 90' lang='lat' dir='ltr'><strong>et</strong></span> 
     </span>
     <span class='ocr_line' id='line_1_33' title="bbox 83 1805 820 1847; baseline 0.003 -11"><span class='ocrx_word' id='word_1_214' title='bbox 83 1805 272 1847; x_wconf 88' lang='lat' dir='ltr'><strong>Phidippus.</strong></span> <span class='ocrx_word' id='word_1_215' title='bbox 314 1806 514 1837; x_wconf 88' lang='lat' dir='ltr'><strong>D.--Lectio</strong></span> <span class='ocrx_word' id='word_1_216' title='bbox 538 1806 688 1838; x_wconf 87' lang='lat' dir='ltr'><strong>Bembini</strong></span> <span class='ocrx_word' id='word_1_217' title='bbox 712 1807 820 1838; x_wconf 90' lang='lat' dir='ltr'><strong>versui</strong></span> 
     </span>
     <span class='ocr_line' id='line_1_34' title="bbox 81 1848 820 1889; baseline 0.003 -10"><span class='ocrx_word' id='word_1_218' title='bbox 81 1854 131 1879; x_wconf 87' lang='lat' dir='ltr'><strong>est</strong></span> <span class='ocrx_word' id='word_1_219' title='bbox 153 1848 396 1880; x_wconf 84' lang='lat' dir='ltr'><strong>convenientior</strong></span> <span class='ocrx_word' id='word_1_220' title='bbox 419 1851 487 1880; x_wconf 81' lang='lat' dir='ltr'><strong>hinc</strong></span> <span class='ocrx_word' id='word_1_221' title='bbox 509 1849 579 1889; x_wconf 85' lang='lat' dir='ltr'><strong>jam</strong></span> <span class='ocrx_word' id='word_1_222' title='bbox 599 1852 690 1881; x_wconf 83' lang='lat' dir='ltr'><strong>scibo.</strong></span> <span class='ocrx_word' id='word_1_223' title='bbox 734 1850 820 1881; x_wconf 90' lang='lat' dir='ltr'><strong>Tum</strong></span> 
     </span>
     <span class='ocr_line' id='line_1_35' title="bbox 82 1893 593 1934; baseline 0 -11"><span class='ocrx_word' id='word_1_224' title='bbox 82 1901 141 1933; x_wconf 88' lang='lat' dir='ltr'><strong>pro</strong></span> <span class='ocrx_word' id='word_1_225' title='bbox 154 1894 213 1923; x_wconf 80' lang='lat' dir='ltr'><strong>siet</strong></span> <span class='ocrx_word' id='word_1_226' title='bbox 227 1902 339 1923; x_wconf 88' lang='lat' dir='ltr'><strong>versus</strong></span> <span class='ocrx_word' id='word_1_227' title='bbox 354 1893 458 1934; x_wconf 87' lang='lat' dir='ltr'><strong>poscit</strong></span> <span class='ocrx_word' id='word_1_228' title='bbox 472 1895 523 1924; x_wconf 80' lang='lat' dir='ltr'><strong>sit.</strong></span> <span class='ocrx_word' id='word_1_229' title='bbox 556 1893 593 1923; x_wconf 87' lang='lat' dir='ltr'><strong>B.</strong></span> 
     </span>
    </p>

    <p class='ocr_par' dir='ltr' id='par_1_17' title="bbox 77 1934 820 2537">
     <span class='ocr_line' id='line_1_36' title="bbox 124 1934 820 1978; baseline 0.003 -13"><span class='ocrx_word' id='word_1_230' title='bbox 124 1936 153 1966; x_wconf 87' lang='lat'><strong>5.</strong></span> <span class='ocrx_word' id='word_1_231' title='bbox 174 1934 331 1976; x_wconf 77' lang='lat' dir='ltr'><strong>Phidippe,</strong></span> <span class='ocrx_word' id='word_1_232' title='bbox 348 1938 406 1966; x_wconf 79' lang='lat' dir='ltr'><strong>etsi</strong></span> <span class='ocrx_word' id='word_1_233' title='bbox 420 1947 474 1976; x_wconf 82' lang='lat' dir='ltr'><strong>ego</strong></span> <span class='ocrx_word' id='word_1_234' title='bbox 488 1935 577 1977; x_wconf 78' lang='lat' dir='ltr'><strong>meis]</strong></span> <span class='ocrx_word' id='word_1_235' title='bbox 595 1935 820 1978; x_wconf 83' lang='lat' dir='ltr'><strong>Expostulatio</strong></span> 
     </span>
     <span class='ocr_line' id='line_1_37' title="bbox 80 1978 820 2021; baseline 0.001 -12"><span class='ocrx_word' id='word_1_236' title='bbox 80 1978 232 2010; x_wconf 84' lang='lat' dir='ltr'><strong>Lachetis</strong></span> <span class='ocrx_word' id='word_1_237' title='bbox 253 1978 339 2020; x_wconf 88' lang='lat' dir='ltr'><strong>apud</strong></span> <span class='ocrx_word' id='word_1_238' title='bbox 363 1979 568 2021; x_wconf 87' lang='lat' dir='ltr'><strong>Phidippum,</strong></span> <span class='ocrx_word' id='word_1_239' title='bbox 585 1979 820 2010; x_wconf 83' lang='lat' dir='ltr'><strong>accusationem</strong></span> 
     </span>
     <span class='ocr_line' id='line_1_38' title="bbox 78 2021 818 2063; baseline 0.001 -11"><span class='ocrx_word' id='word_1_240' title='bbox 78 2021 258 2059; x_wconf 81' lang='lat' dir='ltr'><strong>continens,</strong></span> <span class='ocrx_word' id='word_1_241' title='bbox 290 2029 440 2063; x_wconf 88' lang='lat' dir='ltr'><strong>tanquam</strong></span> <span class='ocrx_word' id='word_1_242' title='bbox 471 2033 599 2054; x_wconf 85' lang='lat' dir='ltr'><strong>causam</strong></span> <span class='ocrx_word' id='word_1_243' title='bbox 628 2022 818 2063; x_wconf 85' lang='lat' dir='ltr'><strong>injuriarum</strong></span> 
     </span>
     <span class='ocr_line' id='line_1_39' title="bbox 79 2064 817 2107; baseline 0.001 -11"><span class='ocrx_word' id='word_1_244' title='bbox 79 2064 236 2096; x_wconf 85' lang='lat' dir='ltr'><strong>intendat.</strong></span> <span class='ocrx_word' id='word_1_245' title='bbox 282 2067 349 2096; x_wconf 87' lang='lat' dir='ltr'><strong>Scio</strong></span> <span class='ocrx_word' id='word_1_246' title='bbox 364 2077 426 2097; x_wconf 85' lang='lat' dir='ltr'><strong>esse</strong></span> <span class='ocrx_word' id='word_1_247' title='bbox 447 2068 582 2106; x_wconf 84' lang='lat' dir='ltr'><strong>apprime</strong></span> <span class='ocrx_word' id='word_1_248' title='bbox 596 2065 817 2107; x_wconf 74' lang='lat' dir='ltr'><strong>obsequentem]</strong></span> 
     </span>
     <span class='ocr_line' id='line_1_40' title="bbox 80 2107 818 2150; baseline 0.001 -11"><span class='ocrx_word' id='word_1_249' title='bbox 80 2107 280 2150; x_wconf 79' lang='lat' dir='ltr'><strong>Principium</strong></span> <span class='ocrx_word' id='word_1_250' title='bbox 296 2119 315 2140; x_wconf 93' lang='lat' dir='ltr'><strong>a</strong></span> <span class='ocrx_word' id='word_1_251' title='bbox 336 2119 474 2150; x_wconf 89' lang='lat' dir='ltr'><strong>persona</strong></span> <span class='ocrx_word' id='word_1_252' title='bbox 492 2110 560 2149; x_wconf 86' lang='lat' dir='ltr'><strong>ejus</strong></span> <span class='ocrx_word' id='word_1_253' title='bbox 574 2119 648 2140; x_wconf 89' lang='lat' dir='ltr'><strong>cum</strong></span> <span class='ocrx_word' id='word_1_254' title='bbox 664 2119 727 2150; x_wconf 90' lang='lat' dir='ltr'><strong>quo</strong></span> <span class='ocrx_word' id='word_1_255' title='bbox 749 2109 818 2150; x_wconf 87' lang='lat' dir='ltr'><strong>agi-</strong></span> 
     </span>
     <span class='ocr_line' id='line_1_41' title="bbox 79 2152 818 2193; baseline 0.001 -11"><span class='ocrx_word' id='word_1_256' title='bbox 79 2157 142 2189; x_wconf 80' lang='lat' dir='ltr'><strong>tur,</strong></span> <span class='ocrx_word' id='word_1_257' title='bbox 158 2159 192 2183; x_wconf 89' lang='lat' dir='ltr'><strong>et</strong></span> <span class='ocrx_word' id='word_1_258' title='bbox 206 2162 263 2183; x_wconf 88' lang='lat' dir='ltr'><strong>sua</strong></span> <span class='ocrx_word' id='word_1_259' title='bbox 276 2164 284 2182; x_wconf 75' lang='grc' dir='ltr'>ι</span> <span class='ocrx_word' id='word_1_260' title='bbox 308 2159 342 2183; x_wconf 91' lang='lat' dir='ltr'><strong>et</strong></span> <span class='ocrx_word' id='word_1_261' title='bbox 356 2163 397 2183; x_wconf 89' lang='lat' dir='ltr'><strong>an</strong></span> <span class='ocrx_word' id='word_1_262' title='bbox 413 2152 492 2183; x_wconf 87' lang='lat' dir='ltr'><strong>utile</strong></span> <span class='ocrx_word' id='word_1_263' title='bbox 508 2153 561 2189; x_wconf 90' lang='lat' dir='ltr'><strong>sit,</strong></span> <span class='ocrx_word' id='word_1_264' title='bbox 576 2152 672 2183; x_wconf 89' lang='lat' dir='ltr'><strong>nimis</strong></span> <span class='ocrx_word' id='word_1_265' title='bbox 687 2152 818 2193; x_wconf 88' lang='lat' dir='ltr'><strong>obsequi</strong></span> 
     </span>
     <span class='ocr_line' id='line_1_42' title="bbox 78 2194 816 2236; baseline 0 -10"><span class='ocrx_word' id='word_1_266' title='bbox 78 2194 241 2226; x_wconf 87' lang='lat' dir='ltr'><strong>hominem</strong></span> <span class='ocrx_word' id='word_1_267' title='bbox 271 2195 347 2226; x_wconf 81' lang='lat' dir='ltr'><strong>suis.</strong></span> <span class='ocrx_word' id='word_1_268' title='bbox 397 2195 559 2236; x_wconf 82' lang='lat' dir='ltr'><strong>Apprime]</strong></span> <span class='ocrx_word' id='word_1_269' title='bbox 591 2196 816 2227; x_wconf 76' lang='lat' dir='ltr'><strong>Vehementis-</strong></span> 
     </span>
     <span class='ocr_line' id='line_1_43' title="bbox 79 2237 817 2280; baseline 0.001 -11"><span class='ocrx_word' id='word_1_270' title='bbox 79 2237 169 2269; x_wconf 85' lang='lat' dir='ltr'><strong>sime.</strong></span> <span class='ocrx_word' id='word_1_271' title='bbox 209 2238 440 2279; x_wconf 83' lang='lat' dir='ltr'><strong>D.—-Apprime</strong></span> <span class='ocrx_word' id='word_1_272' title='bbox 456 2238 675 2280; x_wconf 79' lang='lat' dir='ltr'><strong>obsequentem]</strong></span> <span class='ocrx_word' id='word_1_273' title='bbox 692 2239 817 2270; x_wconf 86' lang='lat' dir='ltr'><strong>Charis.</strong></span> 
     </span>
     <span class='ocr_line' id='line_1_44' title="bbox 79 2280 817 2320; baseline 0.001 -8"><span class='ocrx_word' id='word_1_274' title='bbox 79 2280 133 2312; x_wconf 89' lang='lat' dir='ltr'><strong>lib.</strong></span> <span class='ocrx_word' id='word_1_275' title='bbox 160 2281 192 2312; x_wconf 82' lang='lat' dir='ltr'><strong>ii.</strong></span> <span class='ocrx_word' id='word_1_276' title='bbox 239 2282 374 2313; x_wconf 81' lang='lat' dir='ltr'><strong>L—-Ne</strong></span> <span class='ocrx_word' id='word_1_277' title='bbox 398 2281 609 2314; x_wconf 78' lang='grc' dir='ltr'>ἀνακόλουθον</span> <span class='ocrx_word' id='word_1_278' title='bbox 630 2289 817 2320; x_wconf 81' lang='lat' dir='ltr'><strong>statuamus,</strong></span> 
     </span>
     <span class='ocr_line' id='line_1_45' title="bbox 79 2323 818 2366; baseline 0.001 -11"><span class='ocrx_word' id='word_1_279' title='bbox 79 2323 330 2366; x_wconf 84' lang='lat' dir='ltr'><strong>Terentiumque</strong></span> <span class='ocrx_word' id='word_1_280' title='bbox 360 2326 441 2356; x_wconf 86' lang='lat' dir='ltr'><strong>adeo</strong></span> <span class='ocrx_word' id='word_1_281' title='bbox 463 2325 635 2356; x_wconf 86' lang='lat' dir='ltr'><strong>soloecismi</strong></span> <span class='ocrx_word' id='word_1_282' title='bbox 656 2326 818 2356; x_wconf 65' lang='lat' dir='ltr'><strong>reumfa-</strong></span> 
     </span>
     <span class='ocr_line' id='line_1_46' title="bbox 79 2367 815 2410; baseline 0.003 -12"><span class='ocrx_word' id='word_1_283' title='bbox 79 2367 210 2404; x_wconf 84' lang='lat' dir='ltr'><strong>ciamus,</strong></span> <span class='ocrx_word' id='word_1_284' title='bbox 232 2378 292 2410; x_wconf 84' lang='lat' dir='ltr'><strong>pro</strong></span> <span class='ocrx_word' id='word_1_285' title='bbox 312 2371 370 2400; x_wconf 84' lang='lat' dir='ltr'><strong>etsi</strong></span> <span class='ocrx_word' id='word_1_286' title='bbox 385 2379 506 2410; x_wconf 89' lang='lat' dir='ltr'><strong>repone</strong></span> <span class='ocrx_word' id='word_1_287' title='bbox 524 2374 563 2407; x_wconf 83' lang='lat' dir='ltr'><strong>ee,</strong></span> <span class='ocrx_word' id='word_1_288' title='bbox 586 2368 618 2400; x_wconf 90' lang='lat' dir='ltr'><strong>id</strong></span> <span class='ocrx_word' id='word_1_289' title='bbox 635 2375 692 2407; x_wconf 86' lang='lat' dir='ltr'><strong>est,</strong></span> <span class='ocrx_word' id='word_1_290' title='bbox 715 2371 815 2400; x_wconf 78' lang='lat' dir='ltr'><strong>eriam.</strong></span> 
     </span>
     <span class='ocr_line' id='line_1_47' title="bbox 81 2410 817 2454; baseline 0.004 -14"><span class='ocrx_word' id='word_1_291' title='bbox 81 2410 239 2448; x_wconf 80' lang='lat' dir='ltr'><strong>oratorie,</strong></span> <span class='ocrx_word' id='word_1_292' title='bbox 255 2410 360 2452; x_wconf 83' lang='lat' dir='ltr'><strong>primo</strong></span> <span class='ocrx_word' id='word_1_293' title='bbox 380 2422 415 2443; x_wconf 91' lang='lat' dir='ltr'><strong>se</strong></span> <span class='ocrx_word' id='word_1_294' title='bbox 430 2412 549 2443; x_wconf 84' lang='lat' dir='ltr'><strong>fatetur</strong></span> <span class='ocrx_word' id='word_1_295' title='bbox 569 2412 700 2444; x_wconf 86' lang='lat' dir='ltr'><strong>levioris</strong></span> <span class='ocrx_word' id='word_1_296' title='bbox 714 2412 817 2454; x_wconf 89' lang='lat' dir='ltr'><strong>culpae</strong></span> 
     </span>
     <span class='ocr_line' id='line_1_48' title="bbox 77 2455 815 2498; baseline 0.003 -14"><span class='ocrx_word' id='word_1_297' title='bbox 77 2463 170 2484; x_wconf 87' lang='lat' dir='ltr'><strong>reum</strong></span> <span class='ocrx_word' id='word_1_298' title='bbox 186 2464 265 2492; x_wconf 78' lang='lat' dir='ltr'><strong>esse,</strong></span> <span class='ocrx_word' id='word_1_299' title='bbox 281 2465 343 2495; x_wconf 89' lang='lat' dir='ltr'><strong>quo</strong></span> <span class='ocrx_word' id='word_1_300' title='bbox 365 2455 521 2496; x_wconf 83' lang='lat' dir='ltr'><strong>gravioris</strong></span> <span class='ocrx_word' id='word_1_301' title='bbox 543 2462 657 2497; x_wconf 83' lang='lat' dir='ltr'><strong>arguat</strong></span> <span class='ocrx_word' id='word_1_302' title='bbox 681 2455 815 2498; x_wconf 89' lang='lat' dir='ltr'><strong>Phidip-</strong></span> 
     </span>
     <span class='ocr_line' id='line_1_49' title="bbox 79 2497 237 2537; baseline -0.006 -10"><span class='ocrx_word' id='word_1_303' title='bbox 79 2506 167 2537; x_wconf 87' lang='lat' dir='ltr'><strong>pum.</strong></span> <span class='ocrx_word' id='word_1_304' title='bbox 202 2497 237 2527; x_wconf 89' lang='lat' dir='ltr'><strong>B.</strong></span> 
     </span>
    </p>

    <p class='ocr_par' dir='ltr' id='par_1_18' title="bbox 69 2539 819 2700">
     <span class='ocr_line' id='line_1_50' title="bbox 123 2539 816 2583; baseline 0.004 -13"><span class='ocrx_word' id='word_1_305' title='bbox 123 2539 152 2570; x_wconf 86' lang='lat'><strong>6.</strong></span> <span class='ocrx_word' id='word_1_306' title='bbox 170 2541 231 2571; x_wconf 76' lang='lat' dir='ltr'><strong>Sed</strong></span> <span class='ocrx_word' id='word_1_307' title='bbox 240 2551 297 2571; x_wconf 80' lang='lat' dir='ltr'><strong>non</strong></span> <span class='ocrx_word' id='word_1_308' title='bbox 308 2542 391 2578; x_wconf 84' lang='lat' dir='ltr'><strong>adeo,</strong></span> <span class='ocrx_word' id='word_1_309' title='bbox 403 2546 438 2572; x_wconf 74' lang='lat' dir='ltr'><strong>ut</strong></span> <span class='ocrx_word' id='word_1_310' title='bbox 451 2553 516 2573; x_wconf 85' lang='lat' dir='ltr'><strong>mea</strong></span> <span class='ocrx_word' id='word_1_311' title='bbox 523 2540 683 2583; x_wconf 74' lang='lat' dir='ltr'><strong>facilitas]</strong></span> <span class='ocrx_word' id='word_1_312' title='bbox 703 2544 816 2573; x_wconf 82' lang='lat' dir='ltr'><strong>Facili-</strong></span> 
     </span>
     <span class='ocr_line' id='line_1_51' title="bbox 79 2582 818 2623; baseline 0.005 -11"><span class='ocrx_word' id='word_1_313' title='bbox 79 2588 136 2619; x_wconf 84' lang='lat' dir='ltr'><strong>tas,</strong></span> <span class='ocrx_word' id='word_1_314' title='bbox 164 2582 372 2623; x_wconf 81' lang='lat' dir='ltr'><strong>indulgentia.</strong></span> <span class='ocrx_word' id='word_1_315' title='bbox 417 2586 478 2615; x_wconf 85' lang='lat' dir='ltr'><strong>Sed</strong></span> <span class='ocrx_word' id='word_1_316' title='bbox 501 2596 559 2616; x_wconf 82' lang='lat' dir='ltr'><strong>non</strong></span> <span class='ocrx_word' id='word_1_317' title='bbox 581 2588 665 2622; x_wconf 84' lang='lat' dir='ltr'><strong>adeo,</strong></span> <span class='ocrx_word' id='word_1_318' title='bbox 689 2591 723 2616; x_wconf 77' lang='lat' dir='ltr'><strong>ul</strong></span> <span class='ocrx_word' id='word_1_319' title='bbox 753 2596 818 2616; x_wconf 84' lang='lat' dir='ltr'><strong>mea</strong></span> 
     </span>
     <span class='ocr_line' id='line_1_52' title="bbox 69 2625 819 2666; baseline 0.007 -11"><span class='ocrx_word' id='word_1_320' title='bbox 69 2625 231 2666; x_wconf 81' lang='lat' dir='ltr'><strong>facilitas]</strong></span> <span class='ocrx_word' id='word_1_321' title='bbox 252 2626 354 2657; x_wconf 86' lang='lat' dir='ltr'><strong>Deest</strong></span> <span class='ocrx_word' id='word_1_322' title='bbox 364 2632 483 2659; x_wconf 75' lang='lat' dir='ltr'><strong>tamen:</strong></span> <span class='ocrx_word' id='word_1_323' title='bbox 506 2634 539 2659; x_wconf 89' lang='lat' dir='ltr'><strong>et</strong></span> <span class='ocrx_word' id='word_1_324' title='bbox 548 2634 597 2659; x_wconf 85' lang='lat' dir='ltr'><strong>est</strong></span> <span class='ocrx_word' id='word_1_325' title='bbox 607 2627 819 2660; x_wconf 78' lang='grc' dir='ltr'>ἀνακόλουθον</span> 
     </span>
     <span class='ocr_line' id='line_1_53' title="bbox 80 2668 295 2700; baseline -0.005 0"><span class='ocrx_word' id='word_1_326' title='bbox 80 2668 220 2700; x_wconf 85' lang='lat' dir='ltr'><strong>tertium.</strong></span> <span class='ocrx_word' id='word_1_327' title='bbox 254 2669 295 2700; x_wconf 93' lang='lat' dir='ltr'><strong>D.</strong></span> 
     </span>
    </p>

    <p class='ocr_par' dir='ltr' id='par_1_19' title="bbox 76 2712 820 2922">
     <span class='ocr_line' id='line_1_54' title="bbox 122 2712 816 2745; baseline 0 0"><span class='ocrx_word' id='word_1_328' title='bbox 122 2712 151 2745; x_wconf 88' lang='lat'><strong>7.</strong></span> <span class='ocrx_word' id='word_1_329' title='bbox 170 2712 281 2743; x_wconf 86' lang='lat' dir='ltr'><strong>Nostri</strong></span> <span class='ocrx_word' id='word_1_330' title='bbox 296 2712 387 2743; x_wconf 87' lang='lat' dir='ltr'><strong>codd.</strong></span> <span class='ocrx_word' id='word_1_331' title='bbox 412 2715 445 2744; x_wconf 79' lang='lat' dir='ltr'><strong>in</strong></span> <span class='ocrx_word' id='word_1_332' title='bbox 465 2724 527 2744; x_wconf 78' lang='lat' dir='ltr'><strong>rem</strong></span> <span class='ocrx_word' id='word_1_333' title='bbox 548 2719 677 2745; x_wconf 77' lang='lat' dir='ltr'><strong>vostram</strong></span> <span class='ocrx_word' id='word_1_334' title='bbox 698 2719 729 2745; x_wconf 76' lang='lat' dir='ltr'><strong>et</strong></span> <span class='ocrx_word' id='word_1_335' title='bbox 749 2725 816 2745; x_wconf 79' lang='lat' dir='ltr'><strong>nos·</strong></span> 
     </span>
     <span class='ocr_line' id='line_1_55' title="bbox 77 2754 818 2794; baseline 0.003 -8"><span class='ocrx_word' id='word_1_336' title='bbox 77 2760 165 2786; x_wconf 82' lang='lat' dir='ltr'><strong>tram.</strong></span> <span class='ocrx_word' id='word_1_337' title='bbox 209 2754 345 2786; x_wconf 89' lang='lat' dir='ltr'><strong>Civilius</strong></span> <span class='ocrx_word' id='word_1_338' title='bbox 361 2756 420 2786; x_wconf 89' lang='lat' dir='ltr'><strong>hoc</strong></span> <span class='ocrx_word' id='word_1_339' title='bbox 437 2762 469 2786; x_wconf 88' lang='lat' dir='ltr'><strong>et</strong></span> <span class='ocrx_word' id='word_1_340' title='bbox 484 2756 639 2788; x_wconf 83' lang='lat' dir='ltr'><strong>meratius</strong></span> <span class='ocrx_word' id='word_1_341' title='bbox 653 2762 711 2794; x_wconf 88' lang='lat' dir='ltr'><strong>est,</strong></span> <span class='ocrx_word' id='word_1_342' title='bbox 726 2764 763 2788; x_wconf 91' lang='lat' dir='ltr'><strong>ut</strong></span> <span class='ocrx_word' id='word_1_343' title='bbox 778 2757 818 2788; x_wconf 86' lang='lat' dir='ltr'><strong>il-</strong></span> 
     </span>
     <span class='ocr_line' id='line_1_56' title="bbox 76 2797 818 2841; baseline 0.001 -12"><span class='ocrx_word' id='word_1_344' title='bbox 76 2797 181 2829; x_wconf 89' lang='lat' dir='ltr'><strong>lorum</strong></span> <span class='ocrx_word' id='word_1_345' title='bbox 197 2798 401 2830; x_wconf 88' lang='lat' dir='ltr'><strong>commodum</strong></span> <span class='ocrx_word' id='word_1_346' title='bbox 423 2798 514 2840; x_wconf 88' lang='lat' dir='ltr'><strong>prius</strong></span> <span class='ocrx_word' id='word_1_347' title='bbox 529 2805 702 2841; x_wconf 88' lang='lat' dir='ltr'><strong>spectetur.</strong></span> <span class='ocrx_word' id='word_1_348' title='bbox 746 2800 818 2831; x_wconf 81' lang='lat' dir='ltr'><strong>Cae-</strong></span> 
     </span>
     <span class='ocr_line' id='line_1_57' title="bbox 77 2842 820 2884; baseline 0.003 -12"><span class='ocrx_word' id='word_1_349' title='bbox 77 2847 182 2872; x_wconf 82' lang='lat' dir='ltr'><strong>terum</strong></span> <span class='ocrx_word' id='word_1_350' title='bbox 206 2842 247 2872; x_wconf 89' lang='lat' dir='ltr'><strong>ob</strong></span> <span class='ocrx_word' id='word_1_351' title='bbox 273 2852 400 2873; x_wconf 87' lang='lat' dir='ltr'><strong>versum</strong></span> <span class='ocrx_word' id='word_1_352' title='bbox 429 2852 550 2884; x_wconf 89' lang='lat' dir='ltr'><strong>repone</strong></span> <span class='ocrx_word' id='word_1_353' title='bbox 575 2845 673 2884; x_wconf 77' lang='lat' dir='ltr'><strong>mgis</strong></span> <span class='ocrx_word' id='word_1_354' title='bbox 696 2854 759 2874; x_wconf 85' lang='lat' dir='ltr'><strong>rem</strong></span> <span class='ocrx_word' id='word_1_355' title='bbox 788 2845 820 2874; x_wconf 74' lang='lat' dir='ltr'><strong>in</strong></span> 
     </span>
     <span class='ocr_line' id='line_1_58' title="bbox 76 2886 356 2922; baseline 0 -6"><span class='ocrx_word' id='word_1_356' title='bbox 76 2890 215 2922; x_wconf 74' lang='lat' dir='ltr'><strong>vostram,</strong></span> <span class='ocrx_word' id='word_1_357' title='bbox 230 2890 286 2916; x_wconf 78' lang='lat' dir='ltr'><strong>etc.</strong></span> <span class='ocrx_word' id='word_1_358' title='bbox 319 2886 356 2916; x_wconf 88' lang='grc' dir='ltr'><strong>Β.</strong></span> 
     </span>
    </p>

    <p class='ocr_par' dir='ltr' id='par_1_20' title="bbox 77 2928 815 3015">
     <span class='ocr_line' id='line_1_59' title="bbox 120 2928 815 2971; baseline 0.003 -12"><span class='ocrx_word' id='word_1_359' title='bbox 120 2929 150 2959; x_wconf 89' lang='lat'><strong>8.</strong></span> <span class='ocrx_word' id='word_1_360' title='bbox 172 2929 263 2960; x_wconf 80' lang='lat' dir='ltr'><strong>Nunc</strong></span> <span class='ocrx_word' id='word_1_361' title='bbox 278 2928 379 2970; x_wconf 79' lang='lat' dir='ltr'><strong>video]</strong></span> <span class='ocrx_word' id='word_1_362' title='bbox 402 2929 550 2961; x_wconf 85' lang='lat' dir='ltr'><strong>Jucunde</strong></span> <span class='ocrx_word' id='word_1_363' title='bbox 572 2935 731 2971; x_wconf 82' lang='lat' dir='ltr'><strong>temperat</strong></span> <span class='ocrx_word' id='word_1_364' title='bbox 745 2930 815 2970; x_wconf 80' lang='lat' dir='ltr'><strong>ejus</strong></span> 
     </span>
     <span class='ocr_line' id='line_1_60' title="bbox 77 2970 813 3015; baseline 0.003 -12"><span class='ocrx_word' id='word_1_365' title='bbox 77 2970 215 3013; x_wconf 87' lang='lat' dir='ltr'><strong>culpam,</strong></span> <span class='ocrx_word' id='word_1_366' title='bbox 230 2982 326 3013; x_wconf 90' lang='lat' dir='ltr'><strong>quem</strong></span> <span class='ocrx_word' id='word_1_367' title='bbox 341 2978 479 3011; x_wconf 80' lang='lat' dir='ltr'><strong>accusat,</strong></span> <span class='ocrx_word' id='word_1_368' title='bbox 494 2982 594 3015; x_wconf 88' lang='lat' dir='ltr'><strong>quum</strong></span> <span class='ocrx_word' id='word_1_369' title='bbox 615 2971 702 3005; x_wconf 79' lang='lat' dir='ltr'><strong>dica&#39;t</strong></span> <span class='ocrx_word' id='word_1_370' title='bbox 722 2972 813 3006; x_wconf 89' lang='lat' dir='ltr'><strong>illum</strong></span> 
     </span>
    </p>
   </div>
   <div class='ocr_carea' id='block_1_12' title="bbox 852 1158 1610 3019">
    <p class='ocr_par' dir='ltr' id='par_1_21' title="bbox 864 1158 1610 1373">
     <span class='ocr_line' id='line_1_61' title="bbox 865 1158 1610 1204; baseline 0.005 -14"><span class='ocrx_word' id='word_1_371' title='bbox 865 1165 1011 1190; x_wconf 89' lang='lat' dir='ltr'><strong>coactum</strong></span> <span class='ocrx_word' id='word_1_372' title='bbox 1026 1169 1047 1191; x_wconf 81' lang='lat' dir='ltr'><strong>a</strong></span> <span class='ocrx_word' id='word_1_373' title='bbox 1060 1158 1128 1191; x_wconf 90' lang='lat' dir='ltr'><strong>suis</strong></span> <span class='ocrx_word' id='word_1_374' title='bbox 1142 1159 1247 1191; x_wconf 65' lang='lat' dir='ltr'><strong>facere</strong></span> <span class='ocrx_word' id='word_1_375' title='bbox 1262 1159 1324 1192; x_wconf 89' lang='lat' dir='ltr'><strong>sibi</strong></span> <span class='ocrx_word' id='word_1_376' title='bbox 1338 1160 1483 1201; x_wconf 84' lang='lat' dir='ltr'><strong>injurias.</strong></span> <span class='ocrx_word' id='word_1_377' title='bbox 1526 1162 1610 1204; x_wconf 74' lang='lat' dir='ltr'><strong>Heja</strong></span> 
     </span>
     <span class='ocr_line' id='line_1_62' title="bbox 865 1202 1609 1246; baseline 0.005 -13"><span class='ocrx_word' id='word_1_378' title='bbox 865 1213 933 1234; x_wconf 75' lang='lat' dir='ltr'><strong>vero</strong></span> <span class='ocrx_word' id='word_1_379' title='bbox 943 1202 973 1244; x_wconf 93' lang='lat'><strong>!]</strong></span> <span class='ocrx_word' id='word_1_380' title='bbox 986 1203 1086 1234; x_wconf 88' lang='lat' dir='ltr'><strong>Modo</strong></span> <span class='ocrx_word' id='word_1_381' title='bbox 1095 1203 1282 1235; x_wconf 88' lang='lat' dir='ltr'><strong>adverbium</strong></span> <span class='ocrx_word' id='word_1_382' title='bbox 1291 1204 1507 1246; x_wconf 86' lang='lat' dir='ltr'><strong>corripientis.</strong></span> <span class='ocrx_word' id='word_1_383' title='bbox 1523 1206 1609 1246; x_wconf 65' lang='lat' dir='ltr'><strong>Heia</strong></span> 
     </span>
     <span class='ocr_line' id='line_1_63' title="bbox 864 1245 1606 1287; baseline 0.005 -11"><span class='ocrx_word' id='word_1_384' title='bbox 864 1245 949 1287; x_wconf 79' lang='lat' dir='ltr'><strong>vero]</strong></span> <span class='ocrx_word' id='word_1_385' title='bbox 967 1245 1139 1287; x_wconf 80' lang='grc' dir='ltr'>Παρέλκον.</span> <span class='ocrx_word' id='word_1_386' title='bbox 1172 1247 1312 1278; x_wconf 88' lang='lat' dir='ltr'><strong>D.-—-Ne</strong></span> <span class='ocrx_word' id='word_1_387' title='bbox 1328 1247 1363 1279; x_wconf 91' lang='lat' dir='ltr'><strong>in</strong></span> <span class='ocrx_word' id='word_1_388' title='bbox 1378 1248 1521 1280; x_wconf 87' lang='lat' dir='ltr'><strong>medium</strong></span> <span class='ocrx_word' id='word_1_389' title='bbox 1533 1259 1606 1280; x_wconf 89' lang='lat' dir='ltr'><strong>ver-</strong></span> 
     </span>
     <span class='ocr_line' id='line_1_64' title="bbox 865 1289 1610 1332; baseline 0.005 -13"><span class='ocrx_word' id='word_1_390' title='bbox 865 1289 941 1319; x_wconf 91' lang='lat' dir='ltr'><strong>bum</strong></span> <span class='ocrx_word' id='word_1_391' title='bbox 957 1299 1080 1320; x_wconf 89' lang='lat' dir='ltr'><strong>caesura</strong></span> <span class='ocrx_word' id='word_1_392' title='bbox 1093 1289 1196 1327; x_wconf 88' lang='lat' dir='ltr'><strong>cadat,</strong></span> <span class='ocrx_word' id='word_1_393' title='bbox 1218 1299 1350 1332; x_wconf 84' lang='lat' dir='ltr'><strong>repone,</strong></span> <span class='ocrx_word' id='word_1_394' title='bbox 1372 1292 1463 1322; x_wconf 78' lang='lat' dir='ltr'><strong>Nunc</strong></span> <span class='ocrx_word' id='word_1_395' title='bbox 1478 1294 1562 1323; x_wconf 82' lang='lat' dir='ltr'><strong>video</strong></span> <span class='ocrx_word' id='word_1_396' title='bbox 1575 1294 1610 1323; x_wconf 81' lang='lat' dir='ltr'><strong>in</strong></span> 
     </span>
     <span class='ocr_line' id='line_1_65' title="bbox 867 1333 1350 1373; baseline 0.006 -11"><span class='ocrx_word' id='word_1_397' title='bbox 867 1333 987 1363; x_wconf 78' lang='lat' dir='ltr'><strong>illarum</strong></span> <span class='ocrx_word' id='word_1_398' title='bbox 1003 1335 1065 1363; x_wconf 70' lang='lat' dir='ltr'><strong>esse</strong></span> <span class='ocrx_word' id='word_1_399' title='bbox 1081 1338 1109 1363; x_wconf 76' lang='lat' dir='ltr'><strong>te</strong></span> <span class='ocrx_word' id='word_1_400' title='bbox 1121 1335 1279 1373; x_wconf 71' lang='lat' dir='ltr'><strong>potestate.</strong></span> <span class='ocrx_word' id='word_1_401' title='bbox 1312 1334 1350 1365; x_wconf 88' lang='lat' dir='ltr'><strong>B.</strong></span> 
     </span>
    </p>

    <p class='ocr_par' dir='ltr' id='par_1_22' title="bbox 862 1375 1610 1839">
     <span class='ocr_line' id='line_1_66' title="bbox 910 1375 1610 1417; baseline 0.006 -12"><span class='ocrx_word' id='word_1_402' title='bbox 910 1375 939 1406; x_wconf 88' lang='lat'><strong>9.</strong></span> <span class='ocrx_word' id='word_1_403' title='bbox 962 1377 1040 1406; x_wconf 83' lang='lat' dir='ltr'><strong>Adii</strong></span> <span class='ocrx_word' id='word_1_404' title='bbox 1061 1381 1090 1407; x_wconf 81' lang='lat' dir='ltr'><strong>te</strong></span> <span class='ocrx_word' id='word_1_405' title='bbox 1111 1378 1177 1407; x_wconf 83' lang='lat' dir='ltr'><strong>heri</strong></span> <span class='ocrx_word' id='word_1_406' title='bbox 1192 1378 1228 1407; x_wconf 86' lang='lat' dir='ltr'><strong>de</strong></span> <span class='ocrx_word' id='word_1_407' title='bbox 1243 1376 1331 1417; x_wconf 85' lang='lat' dir='ltr'><strong>filia]</strong></span> <span class='ocrx_word' id='word_1_408' title='bbox 1356 1377 1517 1409; x_wconf 84' lang='lat' dir='ltr'><strong>Narratio.</strong></span> <span class='ocrx_word' id='word_1_409' title='bbox 1563 1378 1610 1409; x_wconf 72' lang='lat' dir='ltr'><strong>Et.</strong></span> 
     </span>
     <span class='ocr_line' id='line_1_67' title="bbox 867 1418 1608 1460; baseline 0.004 -11"><span class='ocrx_word' id='word_1_410' title='bbox 867 1418 1052 1449; x_wconf 87' lang='lat' dir='ltr'><strong>memoriter</strong></span> <span class='ocrx_word' id='word_1_411' title='bbox 1066 1426 1170 1460; x_wconf 89' lang='lat' dir='ltr'><strong>poeta,</strong></span> <span class='ocrx_word' id='word_1_412' title='bbox 1184 1419 1260 1460; x_wconf 89' lang='lat' dir='ltr'><strong>quia</strong></span> <span class='ocrx_word' id='word_1_413' title='bbox 1274 1419 1357 1451; x_wconf 88' lang='lat' dir='ltr'><strong>dixit</strong></span> <span class='ocrx_word' id='word_1_414' title='bbox 1371 1422 1447 1458; x_wconf 80' lang='lat' dir='ltr'><strong>heri,</strong></span> <span class='ocrx_word' id='word_1_415' title='bbox 1461 1431 1500 1452; x_wconf 88' lang='lat' dir='ltr'><strong>ea</strong></span> <span class='ocrx_word' id='word_1_416' title='bbox 1511 1431 1608 1452; x_wconf 85' lang='lat' dir='ltr'><strong>causa</strong></span> 
     </span>
     <span class='ocr_line' id='line_1_68' title="bbox 867 1461 1607 1503; baseline 0.005 -11"><span class='ocrx_word' id='word_1_417' title='bbox 867 1471 941 1492; x_wconf 85' lang='lat' dir='ltr'><strong>rure</strong></span> <span class='ocrx_word' id='word_1_418' title='bbox 957 1461 1019 1493; x_wconf 93' lang='lat' dir='ltr'><strong>huc</strong></span> <span class='ocrx_word' id='word_1_419' title='bbox 1031 1461 1172 1500; x_wconf 82' lang='lat' dir='ltr'><strong>advenit,</strong></span> <span class='ocrx_word' id='word_1_420' title='bbox 1188 1469 1313 1503; x_wconf 87' lang='lat' dir='ltr'><strong>patrem</strong></span> <span class='ocrx_word' id='word_1_421' title='bbox 1324 1463 1478 1495; x_wconf 87' lang='lat' dir='ltr'><strong>continuo</strong></span> <span class='ocrx_word' id='word_1_422' title='bbox 1494 1464 1607 1496; x_wconf 90' lang='lat' dir='ltr'><strong>Philu-</strong></span> 
     </span>
     <span class='ocr_line' id='line_1_69' title="bbox 864 1505 1607 1549; baseline 0.004 -14"><span class='ocrx_word' id='word_1_423' title='bbox 864 1515 968 1535; x_wconf 89' lang='lat' dir='ltr'><strong>menae</strong></span> <span class='ocrx_word' id='word_1_424' title='bbox 987 1505 1148 1536; x_wconf 89' lang='lat' dir='ltr'><strong>convenit.</strong></span> <span class='ocrx_word' id='word_1_425' title='bbox 1192 1507 1303 1537; x_wconf 84' lang='lat' dir='ltr'><strong>Itidem</strong></span> <span class='ocrx_word' id='word_1_426' title='bbox 1317 1508 1463 1538; x_wconf 78' lang='lat' dir='ltr'><strong>incertum</strong></span> <span class='ocrx_word' id='word_1_427' title='bbox 1486 1507 1607 1549; x_wconf 74' lang='lat' dir='ltr'><strong>amisti]</strong></span> 
     </span>
     <span class='ocr_line' id='line_1_70' title="bbox 866 1547 1608 1591; baseline 0.005 -13"><span class='ocrx_word' id='word_1_428' title='bbox 866 1547 930 1578; x_wconf 88' lang='lat' dir='ltr'><strong>Pro</strong></span> <span class='ocrx_word' id='word_1_429' title='bbox 960 1550 1099 1586; x_wconf 78' lang='lat' dir='ltr'><strong>amisisti,</strong></span> <span class='ocrx_word' id='word_1_430' title='bbox 1126 1548 1282 1588; x_wconf 72' lang='grc' dir='ltr'><strong>συγκοπή.</strong></span> <span class='ocrx_word' id='word_1_431' title='bbox 1325 1549 1371 1580; x_wconf 82' lang='lat' dir='ltr'><strong>Et</strong></span> <span class='ocrx_word' id='word_1_432' title='bbox 1399 1552 1505 1582; x_wconf 83' lang='lat' dir='ltr'><strong>itidem</strong></span> <span class='ocrx_word' id='word_1_433' title='bbox 1530 1551 1608 1591; x_wconf 87' lang='lat' dir='ltr'><strong>quid</strong></span> 
     </span>
     <span class='ocr_line' id='line_1_71' title="bbox 865 1591 1607 1630; baseline 0.007 -9"><span class='ocrx_word' id='word_1_434' title='bbox 865 1592 936 1622; x_wconf 77' lang='lat' dir='ltr'><strong>est?</strong></span> <span class='ocrx_word' id='word_1_435' title='bbox 959 1601 1000 1622; x_wconf 92' lang='lat' dir='ltr'><strong>an</strong></span> <span class='ocrx_word' id='word_1_436' title='bbox 1024 1591 1067 1628; x_wconf 93' lang='lat' dir='ltr'><strong>id,</strong></span> <span class='ocrx_word' id='word_1_437' title='bbox 1092 1591 1256 1623; x_wconf 89' lang='lat' dir='ltr'><strong>Incertum</strong></span> <span class='ocrx_word' id='word_1_438' title='bbox 1278 1592 1424 1630; x_wconf 86' lang='lat' dir='ltr'><strong>amisisti,</strong></span> <span class='ocrx_word' id='word_1_439' title='bbox 1447 1600 1484 1624; x_wconf 88' lang='lat' dir='ltr'><strong>ut</strong></span> <span class='ocrx_word' id='word_1_440' title='bbox 1510 1594 1551 1625; x_wconf 88' lang='lat' dir='ltr'><strong>ad</strong></span> <span class='ocrx_word' id='word_1_441' title='bbox 1573 1601 1607 1626; x_wconf 89' lang='lat' dir='ltr'><strong>te</strong></span> 
     </span>
     <span class='ocr_line' id='line_1_72' title="bbox 865 1633 1606 1677; baseline 0.005 -12"><span class='ocrx_word' id='word_1_442' title='bbox 865 1633 1007 1666; x_wconf 85' lang='lat' dir='ltr'><strong>incertus</strong></span> <span class='ocrx_word' id='word_1_443' title='bbox 1031 1634 1128 1666; x_wconf 72' lang='lat' dir='ltr'><strong>veni?</strong></span> <span class='ocrx_word' id='word_1_444' title='bbox 1151 1635 1359 1677; x_wconf 85' lang='lat' dir='ltr'><strong>Jungendum</strong></span> <span class='ocrx_word' id='word_1_445' title='bbox 1380 1646 1456 1677; x_wconf 84' lang='lat' dir='ltr'><strong>ergo</strong></span> <span class='ocrx_word' id='word_1_446' title='bbox 1470 1642 1507 1668; x_wconf 81' lang='lat' dir='ltr'><strong>ut</strong></span> <span class='ocrx_word' id='word_1_447' title='bbox 1528 1640 1606 1675; x_wconf 79' lang='lat' dir='ltr'><strong>veni,</strong></span> 
     </span>
     <span class='ocr_line' id='line_1_73' title="bbox 863 1678 1606 1716; baseline 0.005 -8"><span class='ocrx_word' id='word_1_448' title='bbox 863 1679 989 1709; x_wconf 79' lang='lat' dir='ltr'><strong>itidem.-</strong></span> <span class='ocrx_word' id='word_1_449' title='bbox 1020 1684 1056 1709; x_wconf 89' lang='lat' dir='ltr'><strong>ut</strong></span> <span class='ocrx_word' id='word_1_450' title='bbox 1077 1678 1129 1716; x_wconf 84' lang='lat' dir='ltr'><strong>sit,</strong></span> <span class='ocrx_word' id='word_1_451' title='bbox 1154 1678 1199 1709; x_wconf 88' lang='lat' dir='ltr'><strong>Ut</strong></span> <span class='ocrx_word' id='word_1_452' title='bbox 1220 1678 1306 1716; x_wconf 88' lang='lat' dir='ltr'><strong>veni,</strong></span> <span class='ocrx_word' id='word_1_453' title='bbox 1329 1679 1466 1711; x_wconf 85' lang='lat' dir='ltr'><strong>amisisti</strong></span> <span class='ocrx_word' id='word_1_454' title='bbox 1491 1680 1606 1712; x_wconf 87' lang='lat' dir='ltr'><strong>itidem</strong></span> 
     </span>
     <span class='ocr_line' id='line_1_74' title="bbox 862 1720 1606 1763; baseline 0.005 -12"><span class='ocrx_word' id='word_1_455' title='bbox 862 1720 1031 1752; x_wconf 87' lang='lat' dir='ltr'><strong>incertum.</strong></span> <span class='ocrx_word' id='word_1_456' title='bbox 1083 1722 1241 1758; x_wconf 88' lang='lat' dir='ltr'><strong>Incertus,</strong></span> <span class='ocrx_word' id='word_1_457' title='bbox 1271 1722 1387 1763; x_wconf 86' lang='lat' dir='ltr'><strong>inquit,</strong></span> <span class='ocrx_word' id='word_1_458' title='bbox 1417 1723 1491 1754; x_wconf 89' lang='lat' dir='ltr'><strong>veni</strong></span> <span class='ocrx_word' id='word_1_459' title='bbox 1508 1735 1516 1755; x_wconf 71' lang='grc' dir='ltr'><strong>ε</strong></span> <span class='ocrx_word' id='word_1_460' title='bbox 1554 1723 1606 1755; x_wconf 90' lang='lat' dir='ltr'><strong>in-</strong></span> 
     </span>
     <span class='ocr_line' id='line_1_75' title="bbox 862 1765 1606 1808; baseline 0.004 -13"><span class='ocrx_word' id='word_1_461' title='bbox 862 1771 970 1795; x_wconf 82' lang='lat' dir='ltr'><strong>certus</strong></span> <span class='ocrx_word' id='word_1_462' title='bbox 992 1775 1011 1796; x_wconf 88' lang='lat' dir='ltr'><strong>a</strong></span> <span class='ocrx_word' id='word_1_463' title='bbox 1026 1771 1057 1795; x_wconf 88' lang='lat' dir='ltr'><strong>te</strong></span> <span class='ocrx_word' id='word_1_464' title='bbox 1072 1765 1200 1796; x_wconf 83' lang='lat' dir='ltr'><strong>recessi.</strong></span> <span class='ocrx_word' id='word_1_465' title='bbox 1232 1766 1471 1798; x_wconf 78' lang='lat' dir='ltr'><strong>D.--Incertum</strong></span> <span class='ocrx_word' id='word_1_466' title='bbox 1485 1767 1606 1808; x_wconf 73' lang='lat' dir='ltr'><strong>amisti]</strong></span> 
     </span>
     <span class='ocr_line' id='line_1_76' title="bbox 867 1807 1218 1839; baseline 0.003 -1"><span class='ocrx_word' id='word_1_467' title='bbox 867 1807 930 1838; x_wconf 86' lang='lat' dir='ltr'><strong>Ms.</strong></span> <span class='ocrx_word' id='word_1_468' title='bbox 949 1808 990 1838; x_wconf 82' lang='lat' dir='ltr'><strong>R.</strong></span> <span class='ocrx_word' id='word_1_469' title='bbox 1007 1809 1148 1839; x_wconf 74' lang='lat' dir='ltr'><strong>amisisti.</strong></span> <span class='ocrx_word' id='word_1_470' title='bbox 1180 1809 1218 1839; x_wconf 91' lang='lat' dir='ltr'><strong>L.</strong></span> 
     </span>
    </p>

    <p class='ocr_par' dir='ltr' id='par_1_23' title="bbox 857 1851 1607 2280">
     <span class='ocr_line' id='line_1_77' title="bbox 909 1851 1607 1892; baseline 0.004 -11"><span class='ocrx_word' id='word_1_471' title='bbox 909 1851 957 1881; x_wconf 90' lang='lat'><strong>10.</strong></span> <span class='ocrx_word' id='word_1_472' title='bbox 982 1852 1079 1882; x_wconf 80' lang='lat' dir='ltr'><strong>Haud</strong></span> <span class='ocrx_word' id='word_1_473' title='bbox 1101 1853 1147 1882; x_wconf 81' lang='lat' dir='ltr'><strong>ita</strong></span> <span class='ocrx_word' id='word_1_474' title='bbox 1171 1851 1272 1892; x_wconf 82' lang='lat' dir='ltr'><strong>decet]</strong></span> <span class='ocrx_word' id='word_1_475' title='bbox 1297 1851 1372 1883; x_wconf 90' lang='lat' dir='ltr'><strong>Non</strong></span> <span class='ocrx_word' id='word_1_476' title='bbox 1397 1862 1498 1892; x_wconf 86' lang='lat' dir='ltr'><strong>usque</strong></span> <span class='ocrx_word' id='word_1_477' title='bbox 1524 1853 1607 1884; x_wconf 82' lang='lat' dir='ltr'><strong>adeo</strong></span> 
     </span>
     <span class='ocr_line' id='line_1_78' title="bbox 863 1893 1607 1928; baseline 0.004 -4"><span class='ocrx_word' id='word_1_478' title='bbox 863 1893 965 1924; x_wconf 86' lang='lat' dir='ltr'><strong>decet.</strong></span> <span class='ocrx_word' id='word_1_479' title='bbox 1010 1894 1055 1924; x_wconf 89' lang='lat' dir='ltr'><strong>Et</strong></span> <span class='ocrx_word' id='word_1_480' title='bbox 1069 1900 1118 1925; x_wconf 88' lang='lat' dir='ltr'><strong>est</strong></span> <span class='ocrx_word' id='word_1_481' title='bbox 1130 1894 1341 1926; x_wconf 87' lang='lat' dir='ltr'><strong>confirmatio.</strong></span> <span class='ocrx_word' id='word_1_482' title='bbox 1379 1897 1477 1927; x_wconf 82' lang='lat' dir='ltr'><strong>Haud</strong></span> <span class='ocrx_word' id='word_1_483' title='bbox 1489 1897 1536 1927; x_wconf 78' lang='lat' dir='ltr'><strong>ita</strong></span> <span class='ocrx_word' id='word_1_484' title='bbox 1550 1898 1607 1928; x_wconf 86' lang='lat' dir='ltr'><strong>de-</strong></span> 
     </span>
     <span class='ocr_line' id='line_1_79' title="bbox 863 1936 1605 1977; baseline 0.005 -10"><span class='ocrx_word' id='word_1_485' title='bbox 863 1936 926 1977; x_wconf 79' lang='lat' dir='ltr'><strong>cet]</strong></span> <span class='ocrx_word' id='word_1_486' title='bbox 960 1937 1049 1968; x_wconf 90' lang='lat' dir='ltr'><strong>Bene</strong></span> <span class='ocrx_word' id='word_1_487' title='bbox 1076 1936 1221 1968; x_wconf 86' lang='lat' dir='ltr'><strong>additum</strong></span> <span class='ocrx_word' id='word_1_488' title='bbox 1248 1944 1298 1969; x_wconf 89' lang='lat' dir='ltr'><strong>est</strong></span> <span class='ocrx_word' id='word_1_489' title='bbox 1326 1940 1396 1969; x_wconf 79' lang='lat' dir='ltr'><strong>ita.-</strong></span> <span class='ocrx_word' id='word_1_490' title='bbox 1427 1938 1488 1970; x_wconf 84' lang='lat' dir='ltr'><strong>etsi</strong></span> <span class='ocrx_word' id='word_1_491' title='bbox 1516 1938 1605 1971; x_wconf 86' lang='lat' dir='ltr'><strong>enim</strong></span> 
     </span>
     <span class='ocr_line' id='line_1_80' title="bbox 863 1979 1604 2021; baseline 0.005 -11"><span class='ocrx_word' id='word_1_492' title='bbox 863 1979 1005 2011; x_wconf 90' lang='lat' dir='ltr'><strong>celandae</strong></span> <span class='ocrx_word' id='word_1_493' title='bbox 1020 1979 1094 2011; x_wconf 84' lang='lat' dir='ltr'><strong>irae:</strong></span> <span class='ocrx_word' id='word_1_494' title='bbox 1118 1990 1182 2011; x_wconf 90' lang='lat' dir='ltr'><strong>non</strong></span> <span class='ocrx_word' id='word_1_495' title='bbox 1203 1991 1304 2021; x_wconf 90' lang='lat' dir='ltr'><strong>usque</strong></span> <span class='ocrx_word' id='word_1_496' title='bbox 1327 1981 1408 2012; x_wconf 86' lang='lat' dir='ltr'><strong>adeo</strong></span> <span class='ocrx_word' id='word_1_497' title='bbox 1428 1988 1547 2020; x_wconf 85' lang='lat' dir='ltr'><strong>tamen,</strong></span> <span class='ocrx_word' id='word_1_498' title='bbox 1567 1988 1604 2014; x_wconf 82' lang='lat' dir='ltr'><strong>ut</strong></span> 
     </span>
     <span class='ocr_line' id='line_1_81' title="bbox 861 2022 1603 2066; baseline 0.004 -12"><span class='ocrx_word' id='word_1_499' title='bbox 861 2022 1052 2054; x_wconf 86' lang='lat' dir='ltr'><strong>discordiam</strong></span> <span class='ocrx_word' id='word_1_500' title='bbox 1081 2023 1218 2065; x_wconf 84' lang='lat' dir='ltr'><strong>pariant.</strong></span> <span class='ocrx_word' id='word_1_501' title='bbox 1262 2024 1349 2055; x_wconf 91' lang='lat' dir='ltr'><strong>D.-</strong></span> <span class='ocrx_word' id='word_1_502' title='bbox 1359 2025 1447 2066; x_wconf 83' lang='lat' dir='ltr'><strong>Lege</strong></span> <span class='ocrx_word' id='word_1_503' title='bbox 1475 2027 1504 2056; x_wconf 84' lang='lat' dir='ltr'><strong>si</strong></span> <span class='ocrx_word' id='word_1_504' title='bbox 1528 2036 1603 2065; x_wconf 83' lang='lat' dir='ltr'><strong>per-</strong></span> 
     </span>
     <span class='ocr_line' id='line_1_82' title="bbox 858 2067 1605 2109; baseline 0.005 -13"><span class='ocrx_word' id='word_1_505' title='bbox 858 2071 956 2107; x_wconf 81' lang='lat' dir='ltr'><strong>petem</strong></span> <span class='ocrx_word' id='word_1_506' title='bbox 978 2068 1055 2097; x_wconf 80' lang='lat' dir='ltr'><strong>hanc</strong></span> <span class='ocrx_word' id='word_1_507' title='bbox 1075 2069 1120 2097; x_wconf 80' lang='lat' dir='ltr'><strong>vis</strong></span> <span class='ocrx_word' id='word_1_508' title='bbox 1141 2078 1204 2098; x_wconf 82' lang='lat' dir='ltr'><strong>esse</strong></span> <span class='ocrx_word' id='word_1_509' title='bbox 1224 2068 1277 2107; x_wconf 87' lang='lat' dir='ltr'><strong>aff.</strong></span> <span class='ocrx_word' id='word_1_510' title='bbox 1323 2067 1409 2099; x_wconf 88' lang='lat' dir='ltr'><strong>Nam</strong></span> <span class='ocrx_word' id='word_1_511' title='bbox 1428 2074 1605 2109; x_wconf 70' lang='lat' dir='ltr'><strong>perpetuam</strong></span> 
     </span>
     <span class='ocr_line' id='line_1_83' title="bbox 861 2109 1600 2151; baseline 0.003 -11"><span class='ocrx_word' id='word_1_512' title='bbox 861 2109 986 2151; x_wconf 87' lang='lat' dir='ltr'><strong>respuit</strong></span> <span class='ocrx_word' id='word_1_513' title='bbox 1006 2119 1127 2147; x_wconf 87' lang='lat' dir='ltr'><strong>versus,</strong></span> <span class='ocrx_word' id='word_1_514' title='bbox 1144 2110 1198 2150; x_wconf 90' lang='lat' dir='ltr'><strong>qui</strong></span> <span class='ocrx_word' id='word_1_515' title='bbox 1221 2110 1254 2141; x_wconf 91' lang='lat' dir='ltr'><strong>in</strong></span> <span class='ocrx_word' id='word_1_516' title='bbox 1274 2121 1313 2141; x_wconf 85' lang='lat' dir='ltr'><strong>ea</strong></span> <span class='ocrx_word' id='word_1_517' title='bbox 1333 2111 1410 2142; x_wconf 90' lang='lat' dir='ltr'><strong>sede</strong></span> <span class='ocrx_word' id='word_1_518' title='bbox 1426 2111 1477 2142; x_wconf 87' lang='lat' dir='ltr'><strong>vel</strong></span> <span class='ocrx_word' id='word_1_519' title='bbox 1493 2111 1600 2143; x_wconf 89' lang='lat' dir='ltr'><strong>Creti-</strong></span> 
     </span>
     <span class='ocr_line' id='line_1_84' title="bbox 861 2152 1605 2194; baseline 0.003 -10"><span class='ocrx_word' id='word_1_520' title='bbox 861 2163 934 2184; x_wconf 90' lang='lat' dir='ltr'><strong>cum</strong></span> <span class='ocrx_word' id='word_1_521' title='bbox 950 2152 1100 2194; x_wconf 86' lang='lat' dir='ltr'><strong>postulat,</strong></span> <span class='ocrx_word' id='word_1_522' title='bbox 1118 2153 1167 2184; x_wconf 86' lang='lat' dir='ltr'><strong>vel</strong></span> <span class='ocrx_word' id='word_1_523' title='bbox 1184 2154 1333 2184; x_wconf 80' lang='lat' dir='ltr'><strong>Paeonem</strong></span> <span class='ocrx_word' id='word_1_524' title='bbox 1349 2161 1508 2194; x_wconf 87' lang='lat' dir='ltr'><strong>quartum.</strong></span> <span class='ocrx_word' id='word_1_525' title='bbox 1533 2155 1605 2186; x_wconf 71' lang='lat' dir='ltr'><strong>De-</strong></span> 
     </span>
     <span class='ocr_line' id='line_1_85' title="bbox 859 2195 1605 2240; baseline 0.005 -14"><span class='ocrx_word' id='word_1_526' title='bbox 859 2195 936 2227; x_wconf 89' lang='lat' dir='ltr'><strong>inde</strong></span> <span class='ocrx_word' id='word_1_527' title='bbox 949 2206 1061 2227; x_wconf 89' lang='lat' dir='ltr'><strong>omnes</strong></span> <span class='ocrx_word' id='word_1_528' title='bbox 1076 2196 1177 2228; x_wconf 87' lang='lat' dir='ltr'><strong>nostri</strong></span> <span class='ocrx_word' id='word_1_529' title='bbox 1192 2197 1282 2228; x_wconf 90' lang='lat' dir='ltr'><strong>codd.</strong></span> <span class='ocrx_word' id='word_1_530' title='bbox 1298 2199 1375 2228; x_wconf 78' lang='lat' dir='ltr'><strong>hanc</strong></span> <span class='ocrx_word' id='word_1_531' title='bbox 1389 2205 1516 2239; x_wconf 87' lang='lat' dir='ltr'><strong>ponunt</strong></span> <span class='ocrx_word' id='word_1_532' title='bbox 1529 2204 1605 2240; x_wconf 83' lang='lat' dir='ltr'><strong>post</strong></span> 
     </span>
     <span class='ocr_line' id='line_1_86' title="bbox 857 2239 1114 2280; baseline 0 -10"><span class='ocrx_word' id='word_1_533' title='bbox 857 2245 1044 2280; x_wconf 78' lang='lat' dir='ltr'><strong>perpetuam.</strong></span> <span class='ocrx_word' id='word_1_534' title='bbox 1078 2239 1114 2270; x_wconf 88' lang='lat' dir='ltr'><strong>B.</strong></span> 
     </span>
    </p>

    <p class='ocr_par' dir='ltr' id='par_1_24' title="bbox 852 2281 1603 2669">
     <span class='ocr_line' id='line_1_87' title="bbox 907 2281 1603 2325; baseline 0.004 -12"><span class='ocrx_word' id='word_1_535' title='bbox 907 2284 955 2313; x_wconf 88' lang='lat'><strong>12.</strong></span> <span class='ocrx_word' id='word_1_536' title='bbox 970 2285 1034 2314; x_wconf 82' lang='lat' dir='ltr'><strong>Aut</strong></span> <span class='ocrx_word' id='word_1_537' title='bbox 1048 2293 1084 2313; x_wconf 86' lang='lat' dir='ltr'><strong>ea</strong></span> <span class='ocrx_word' id='word_1_538' title='bbox 1099 2281 1270 2323; x_wconf 82' lang='lat' dir='ltr'><strong>refellendo,</strong></span> <span class='ocrx_word' id='word_1_539' title='bbox 1281 2289 1336 2314; x_wconf 73' lang='lat' dir='ltr'><strong>aut</strong></span> <span class='ocrx_word' id='word_1_540' title='bbox 1347 2283 1523 2325; x_wconf 75' lang='lat' dir='ltr'><strong>purgando]</strong></span> <span class='ocrx_word' id='word_1_541' title='bbox 1543 2286 1603 2316; x_wconf 77' lang='lat' dir='ltr'><strong>Re-</strong></span> 
     </span>
     <span class='ocr_line' id='line_1_88' title="bbox 852 2324 1601 2367; baseline 0.004 -11"><span class='ocrx_word' id='word_1_542' title='bbox 852 2324 941 2366; x_wconf 79' lang='lat' dir='ltr'><strong>sellit</strong></span> <span class='ocrx_word' id='word_1_543' title='bbox 955 2326 1010 2367; x_wconf 89' lang='lat' dir='ltr'><strong>qui</strong></span> <span class='ocrx_word' id='word_1_544' title='bbox 1027 2332 1140 2367; x_wconf 83' lang='lat' dir='ltr'><strong>negat:</strong></span> <span class='ocrx_word' id='word_1_545' title='bbox 1160 2332 1275 2367; x_wconf 73' lang='lat' dir='ltr'><strong>purgat</strong></span> <span class='ocrx_word' id='word_1_546' title='bbox 1293 2327 1347 2367; x_wconf 89' lang='lat' dir='ltr'><strong>qui</strong></span> <span class='ocrx_word' id='word_1_547' title='bbox 1365 2327 1462 2366; x_wconf 76' lang='lat' dir='ltr'><strong>(Mss-</strong></span> <span class='ocrx_word' id='word_1_548' title='bbox 1480 2333 1514 2358; x_wconf 87' lang='lat' dir='ltr'><strong>et</strong></span> <span class='ocrx_word' id='word_1_549' title='bbox 1528 2327 1601 2359; x_wconf 86' lang='lat' dir='ltr'><strong>edd.</strong></span> 
     </span>
     <span class='ocr_line' id='line_1_89' title="bbox 860 2368 1601 2410; baseline 0.003 -11"><span class='ocrx_word' id='word_1_550' title='bbox 860 2375 937 2400; x_wconf 86' lang='lat' dir='ltr'><strong>vett.</strong></span> <span class='ocrx_word' id='word_1_551' title='bbox 962 2371 1014 2410; x_wconf 83' lang='lat' dir='ltr'><strong>qui</strong></span> <span class='ocrx_word' id='word_1_552' title='bbox 1034 2368 1128 2410; x_wconf 83' lang='lat' dir='ltr'><strong>idem)</strong></span> <span class='ocrx_word' id='word_1_553' title='bbox 1153 2369 1282 2407; x_wconf 84' lang='lat' dir='ltr'><strong>fatetur,</strong></span> <span class='ocrx_word' id='word_1_554' title='bbox 1312 2376 1345 2401; x_wconf 87' lang='lat' dir='ltr'><strong>et</strong></span> <span class='ocrx_word' id='word_1_555' title='bbox 1373 2370 1420 2401; x_wconf 89' lang='lat' dir='ltr'><strong>sic</strong></span> <span class='ocrx_word' id='word_1_556' title='bbox 1447 2369 1601 2402; x_wconf 78' lang='lat' dir='ltr'><strong>defendit.</strong></span> 
     </span>
     <span class='ocr_line' id='line_1_90' title="bbox 860 2411 1602 2455; baseline 0.003 -12"><span class='ocrx_word' id='word_1_557' title='bbox 860 2412 949 2453; x_wconf 85' lang='lat' dir='ltr'><strong>Ergo</strong></span> <span class='ocrx_word' id='word_1_558' title='bbox 971 2411 1134 2454; x_wconf 65' lang='lat' dir='ltr'><strong>refellimus</strong></span> <span class='ocrx_word' id='word_1_559' title='bbox 1152 2422 1212 2454; x_wconf 89' lang='lat' dir='ltr'><strong>per</strong></span> <span class='ocrx_word' id='word_1_560' title='bbox 1226 2414 1463 2453; x_wconf 83' lang='lat' dir='ltr'><strong>conjecturam:</strong></span> <span class='ocrx_word' id='word_1_561' title='bbox 1483 2425 1602 2455; x_wconf 66' lang='lat' dir='ltr'><strong>purga-⁴</strong></span> 
     </span>
     <span class='ocr_line' id='line_1_91' title="bbox 859 2456 1601 2497; baseline 0.004 -11"><span class='ocrx_word' id='word_1_562' title='bbox 859 2467 924 2487; x_wconf 75' lang='lat' dir='ltr'><strong>mnas</strong></span> <span class='ocrx_word' id='word_1_563' title='bbox 945 2466 1004 2497; x_wconf 84' lang='lat' dir='ltr'><strong>per</strong></span> <span class='ocrx_word' id='word_1_564' title='bbox 1025 2462 1157 2487; x_wconf 79' lang='lat' dir='ltr'><strong>caeteros</strong></span> <span class='ocrx_word' id='word_1_565' title='bbox 1178 2462 1280 2487; x_wconf 86' lang='lat' dir='ltr'><strong>status</strong></span> <span class='ocrx_word' id='word_1_566' title='bbox 1297 2456 1371 2496; x_wconf 80' lang='lat' dir='ltr'><strong>(per</strong></span> <span class='ocrx_word' id='word_1_567' title='bbox 1390 2461 1485 2488; x_wconf 82' lang='lat' dir='ltr'><strong>certos</strong></span> <span class='ocrx_word' id='word_1_568' title='bbox 1503 2468 1601 2489; x_wconf 72' lang='lat' dir='ltr'><strong>casas.</strong></span> 
     </span>
     <span class='ocr_line' id='line_1_92' title="bbox 862 2497 1603 2541; baseline 0.004 -11"><span class='ocrx_word' id='word_1_569' title='bbox 862 2499 926 2530; x_wconf 89' lang='lat' dir='ltr'><strong>Ms.</strong></span> <span class='ocrx_word' id='word_1_570' title='bbox 958 2497 1024 2541; x_wconf 88' lang='grc' dir='ltr'><strong>Β.).</strong></span> <span class='ocrx_word' id='word_1_571' title='bbox 1065 2500 1154 2530; x_wconf 80' lang='lat' dir='ltr'><strong>Vobis</strong></span> <span class='ocrx_word' id='word_1_572' title='bbox 1181 2498 1379 2540; x_wconf 80' lang='lat' dir='ltr'><strong>corrigemus]</strong></span> <span class='ocrx_word' id='word_1_573' title='bbox 1411 2499 1489 2531; x_wconf 87' lang='lat' dir='ltr'><strong>Plus</strong></span> <span class='ocrx_word' id='word_1_574' title='bbox 1518 2500 1603 2533; x_wconf 80' lang='lat' dir='ltr'><strong>dixit</strong></span> 
     </span>
     <span class='ocr_line' id='line_1_93' title="bbox 861 2542 1603 2584; baseline 0.003 -11"><span class='ocrx_word' id='word_1_575' title='bbox 861 2544 951 2579; x_wconf 79' lang='lat' dir='ltr'><strong>vobis,</strong></span> <span class='ocrx_word' id='word_1_576' title='bbox 967 2552 1061 2583; x_wconf 86' lang='lat' dir='ltr'><strong>quam</strong></span> <span class='ocrx_word' id='word_1_577' title='bbox 1084 2544 1150 2573; x_wconf 81' lang='lat' dir='ltr'><strong>tibi.</strong></span> <span class='ocrx_word' id='word_1_578' title='bbox 1182 2542 1316 2573; x_wconf 91' lang='lat' dir='ltr'><strong>D.—Ut</strong></span> <span class='ocrx_word' id='word_1_579' title='bbox 1336 2548 1469 2584; x_wconf 83' lang='lat' dir='ltr'><strong>peccata</strong></span> <span class='ocrx_word' id='word_1_580' title='bbox 1488 2550 1603 2576; x_wconf 75' lang='lat' dir='ltr'><strong>contra</strong></span> 
     </span>
     <span class='ocr_line' id='line_1_94' title="bbox 860 2585 1600 2628; baseline 0.004 -12"><span class='ocrx_word' id='word_1_581' title='bbox 860 2591 999 2616; x_wconf 90' lang='lat' dir='ltr'><strong>metrum</strong></span> <span class='ocrx_word' id='word_1_582' title='bbox 1026 2585 1189 2622; x_wconf 86' lang='lat' dir='ltr'><strong>tollantur,</strong></span> <span class='ocrx_word' id='word_1_583' title='bbox 1211 2585 1334 2626; x_wconf 83' lang='lat' dir='ltr'><strong>refinge</strong></span> <span class='ocrx_word' id='word_1_584' title='bbox 1358 2587 1424 2617; x_wconf 72' lang='lat' dir='ltr'><strong>Aut</strong></span> <span class='ocrx_word' id='word_1_585' title='bbox 1446 2588 1484 2618; x_wconf 79' lang='lat' dir='ltr'><strong>e&#39;a</strong></span> <span class='ocrx_word' id='word_1_586' title='bbox 1509 2585 1600 2628; x_wconf 77' lang='lat' dir='ltr'><strong>refel-</strong></span> 
     </span>
     <span class='ocr_line' id='line_1_95' title="bbox 861 2629 1534 2669; baseline 0.003 -10"><span class='ocrx_word' id='word_1_587' title='bbox 861 2629 948 2659; x_wconf 78' lang='lat' dir='ltr'><strong>lendo‘</strong></span> <span class='ocrx_word' id='word_1_588' title='bbox 964 2631 1022 2659; x_wconf 81' lang='lat' dir='ltr'><strong>tibi</strong></span> <span class='ocrx_word' id='word_1_589' title='bbox 1037 2634 1091 2659; x_wconf 77' lang='lat' dir='ltr'><strong>aut</strong></span> <span class='ocrx_word' id='word_1_590' title='bbox 1102 2631 1263 2669; x_wconf 80' lang='lat' dir='ltr'><strong>purgando</strong></span> <span class='ocrx_word' id='word_1_591' title='bbox 1275 2631 1465 2669; x_wconf 71' lang='lat' dir='ltr'><strong>corrigemus.</strong></span> <span class='ocrx_word' id='word_1_592' title='bbox 1496 2629 1534 2661; x_wconf 91' lang='lat' dir='ltr'><strong>B.</strong></span> 
     </span>
    </p>

    <p class='ocr_par' dir='ltr' id='par_1_25' title="bbox 855 2671 1606 3019">
     <span class='ocr_line' id='line_1_96' title="bbox 906 2671 1606 2713; baseline 0.004 -11"><span class='ocrx_word' id='word_1_593' title='bbox 906 2673 954 2703; x_wconf 87' lang='grc'><strong>13.</strong></span> <span class='ocrx_word' id='word_1_594' title='bbox 975 2673 1003 2702; x_wconf 87' lang='lat' dir='ltr'><strong><em>T</em></strong></span> <span class='ocrx_word' id='word_1_595' title='bbox 1000 2683 1016 2702; x_wconf 88' lang='lat' dir='ltr'><strong>e</strong></span> <span class='ocrx_word' id='word_1_596' title='bbox 1030 2671 1138 2712; x_wconf 77' lang='lat' dir='ltr'><strong>judice</strong></span> <span class='ocrx_word' id='word_1_597' title='bbox 1159 2671 1240 2712; x_wconf 82' lang='lat' dir='ltr'><strong>ipso]</strong></span> <span class='ocrx_word' id='word_1_598' title='bbox 1263 2671 1378 2713; x_wconf 82' lang='lat' dir='ltr'><strong>virgil.</strong></span> <span class='ocrx_word' id='word_1_599' title='bbox 1402 2672 1470 2704; x_wconf 81' lang='lat' dir='ltr'><strong>Ecl.</strong></span> <span class='ocrx_word' id='word_1_600' title='bbox 1486 2672 1529 2704; x_wconf 75' lang='lat' dir='ltr'><strong>iv-</strong></span> <span class='ocrx_word' id='word_1_601' title='bbox 1546 2674 1606 2711; x_wconf 66' lang='lat'><strong>58.</strong></span> 
     </span>
     <span class='ocr_line' id='line_1_97' title="bbox 860 2714 1599 2755; baseline 0.003 -9"><span class='ocrx_word' id='word_1_602' title='bbox 860 2715 929 2746; x_wconf 81' lang='lat' dir='ltr'><strong>Pan</strong></span> <span class='ocrx_word' id='word_1_603' title='bbox 943 2717 1035 2746; x_wconf 73' lang='lat' dir='ltr'><strong>eiiam</strong></span> <span class='ocrx_word' id='word_1_604' title='bbox 1050 2716 1187 2746; x_wconf 84' lang='lat' dir='ltr'><strong>Arcadia</strong></span> <span class='ocrx_word' id='word_1_605' title='bbox 1202 2726 1314 2746; x_wconf 78' lang='lat' dir='ltr'><strong>mecum</strong></span> <span class='ocrx_word' id='word_1_606' title='bbox 1328 2717 1357 2745; x_wconf 74' lang='lat' dir='ltr'><strong>si</strong></span> <span class='ocrx_word' id='word_1_607' title='bbox 1370 2714 1479 2755; x_wconf 69' lang='lat' dir='ltr'><strong>judice</strong></span> <span class='ocrx_word' id='word_1_608' title='bbox 1493 2722 1599 2748; x_wconf 73' lang='lat' dir='ltr'><strong>certet.</strong></span> 
     </span>
     <span class='ocr_line' id='line_1_98' title="bbox 861 2757 1601 2798; baseline 0.007 -11"><span class='ocrx_word' id='word_1_609' title='bbox 861 2757 948 2793; x_wconf 87' lang='lat' dir='ltr'><strong>Quid</strong></span> <span class='ocrx_word' id='word_1_610' title='bbox 974 2757 1061 2788; x_wconf 87' lang='lat' dir='ltr'><strong>enim</strong></span> <span class='ocrx_word' id='word_1_611' title='bbox 1086 2764 1135 2788; x_wconf 85' lang='lat' dir='ltr'><strong>est</strong></span> <span class='ocrx_word' id='word_1_612' title='bbox 1160 2762 1190 2788; x_wconf 84' lang='lat' dir='ltr'><strong>te</strong></span> <span class='ocrx_word' id='word_1_613' title='bbox 1214 2760 1287 2798; x_wconf 80' lang='lat' dir='ltr'><strong>ipso,</strong></span> <span class='ocrx_word' id='word_1_614' title='bbox 1311 2757 1375 2790; x_wconf 81' lang='lat' dir='ltr'><strong>nisi</strong></span> <span class='ocrx_word' id='word_1_615' title='bbox 1398 2758 1522 2790; x_wconf 81' lang='lat' dir='ltr'><strong>scilicet</strong></span> <span class='ocrx_word' id='word_1_616' title='bbox 1541 2769 1601 2792; x_wconf 79' lang='lat' dir='ltr'><strong>reo</strong></span> 
     </span>
     <span class='ocr_line' id='line_1_99' title="bbox 862 2799 1599 2842; baseline 0.005 -11"><span class='ocrx_word' id='word_1_617' title='bbox 862 2800 975 2842; x_wconf 78' lang='lat' dir='ltr'><strong>culpae,</strong></span> <span class='ocrx_word' id='word_1_618' title='bbox 998 2807 1032 2831; x_wconf 90' lang='lat' dir='ltr'><strong>et</strong></span> <span class='ocrx_word' id='word_1_619' title='bbox 1055 2799 1114 2831; x_wconf 88' lang='lat' dir='ltr'><strong>tibi</strong></span> <span class='ocrx_word' id='word_1_620' title='bbox 1136 2800 1200 2841; x_wconf 87' lang='lat' dir='ltr'><strong>ipsi</strong></span> <span class='ocrx_word' id='word_1_621' title='bbox 1224 2810 1262 2832; x_wconf 91' lang='lat' dir='ltr'><strong>ac</strong></span> <span class='ocrx_word' id='word_1_622' title='bbox 1286 2800 1351 2832; x_wconf 85' lang='lat' dir='ltr'><strong>tuis</strong></span> <span class='ocrx_word' id='word_1_623' title='bbox 1371 2801 1523 2834; x_wconf 73' lang='lat' dir='ltr'><strong>favente?</strong></span> <span class='ocrx_word' id='word_1_624' title='bbox 1546 2803 1599 2835; x_wconf 81' lang='lat' dir='ltr'><strong>vel</strong></span> 
     </span>
     <span class='ocr_line' id='line_1_100' title="bbox 863 2843 1599 2885; baseline 0.008 -12"><span class='ocrx_word' id='word_1_625' title='bbox 863 2843 918 2884; x_wconf 89' lang='lat' dir='ltr'><strong>qui</strong></span> <span class='ocrx_word' id='word_1_626' title='bbox 933 2853 985 2874; x_wconf 89' lang='lat' dir='ltr'><strong>me</strong></span> <span class='ocrx_word' id='word_1_627' title='bbox 999 2853 1110 2885; x_wconf 86' lang='lat' dir='ltr'><strong>speres</strong></span> <span class='ocrx_word' id='word_1_628' title='bbox 1122 2843 1261 2875; x_wconf 84' lang='lat' dir='ltr'><strong>vincere.</strong></span> <span class='ocrx_word' id='word_1_629' title='bbox 1306 2846 1361 2876; x_wconf 68' lang='lat' dir='ltr'><strong>Sin</strong></span> <span class='ocrx_word' id='word_1_630' title='bbox 1382 2855 1420 2877; x_wconf 79' lang='lat' dir='ltr'><strong>ea</strong></span> <span class='ocrx_word' id='word_1_631' title='bbox 1440 2850 1487 2877; x_wconf 71' lang='lat' dir='ltr'><strong>est</strong></span> <span class='ocrx_word' id='word_1_632' title='bbox 1500 2857 1599 2879; x_wconf 73' lang='lat' dir='ltr'><strong>causa</strong></span> 
     </span>
     <span class='ocr_line' id='line_1_101' title="bbox 855 2885 1600 2930; baseline 0.005 -13"><span class='ocrx_word' id='word_1_633' title='bbox 855 2888 1005 2918; x_wconf 78' lang='lat' dir='ltr'><strong>retinendi</strong></span> <span class='ocrx_word' id='word_1_634' title='bbox 1030 2888 1114 2926; x_wconf 80' lang='lat' dir='ltr'><strong>apud</strong></span> <span class='ocrx_word' id='word_1_635' title='bbox 1140 2885 1207 2928; x_wconf 81' lang='lat' dir='ltr'><strong>vos]</strong></span> <span class='ocrx_word' id='word_1_636' title='bbox 1237 2887 1469 2930; x_wconf 81' lang='lat' dir='ltr'><strong>Reprehensio.</strong></span> <span class='ocrx_word' id='word_1_637' title='bbox 1510 2889 1600 2921; x_wconf 69' lang='lat' dir='ltr'><strong>D.—</strong></span> 
     </span>
     <span class='ocr_line' id='line_1_102' title="bbox 858 2929 1604 2975; baseline 0.007 -15"><span class='ocrx_word' id='word_1_638' title='bbox 858 2930 910 2960; x_wconf 91' lang='lat' dir='ltr'><strong>Ne</strong></span> <span class='ocrx_word' id='word_1_639' title='bbox 924 2933 1018 2961; x_wconf 68' lang='lat' dir='ltr'><strong>causei</strong></span> <span class='ocrx_word' id='word_1_640' title='bbox 1037 2929 1072 2961; x_wconf 90' lang='lat' dir='ltr'><strong>in</strong></span> <span class='ocrx_word' id='word_1_641' title='bbox 1088 2930 1153 2961; x_wconf 89' lang='lat' dir='ltr'><strong>fine</strong></span> <span class='ocrx_word' id='word_1_642' title='bbox 1168 2935 1290 2962; x_wconf 85' lang='lat' dir='ltr'><strong>temere</strong></span> <span class='ocrx_word' id='word_1_643' title='bbox 1308 2938 1450 2970; x_wconf 65' lang='lat' dir='ltr'><strong>acuam,</strong></span> <span class='ocrx_word' id='word_1_644' title='bbox 1462 2935 1604 2975; x_wconf 49' lang='lat' dir='ltr'><strong>repone)</strong></span> 
     </span>
     <span class='ocr_line' id='line_1_103' title="bbox 856 2975 1514 3019; baseline 0.006 -14"><span class='ocrx_word' id='word_1_645' title='bbox 856 2975 904 3005; x_wconf 74' lang='lat' dir='ltr'><strong>sin</strong></span> <span class='ocrx_word' id='word_1_646' title='bbox 917 2982 955 3006; x_wconf 84' lang='lat' dir='ltr'><strong>ea</strong></span> <span class='ocrx_word' id='word_1_647' title='bbox 967 2978 1012 3005; x_wconf 74' lang='lat' dir='ltr'><strong>cst</strong></span> <span class='ocrx_word' id='word_1_648' title='bbox 1024 2975 1174 3006; x_wconf 70' lang='lat' dir='ltr'><strong>retinendi</strong></span> <span class='ocrx_word' id='word_1_649' title='bbox 1188 2985 1280 3006; x_wconf 66' lang='lat' dir='ltr'><strong>eausa</strong></span> <span class='ocrx_word' id='word_1_650' title='bbox 1294 2977 1377 3016; x_wconf 61' lang='lat' dir='ltr'><strong>apud</strong></span> <span class='ocrx_word' id='word_1_651' title='bbox 1387 2986 1446 3008; x_wconf 76' lang='lat' dir='ltr'><strong>vos.</strong></span> <span class='ocrx_word' id='word_1_652' title='bbox 1461 2975 1514 3019; x_wconf 19' lang='lat' dir='ltr'><strong>«B.</strong></span> 
     </span>
    </p>
   </div>
  </div>
 </body>
</html>
