1852 3216
96 131 236 160 socru
258 116 322 172 v.]

689 115 1037 159 ADELPHI.

1541 119 1628 162 429

153 207 238 249 Μι.
260 206 582 255 Quamobrem?
630 205 731 249 AEs.
754 205 905 262 Rogas
924 209 1022 249 me?
1053 208 1158 263 quid
1178 207 1236 250 illi
1255 207 1429 251 tandem
1450 209 1624 251 creditis

151 272 264 314 Fore
284 273 411 314 animi
431 272 602 323 misero,
623 273 697 328 qui
717 287 815 315 cum
832 271 905 314 illa
923 274 1145 315 consuevit
1165 274 1315 330 prius?

152 338 241 386 Qui
262 337 409 380 infelix
428 337 546 380 haud
568 339 656 380 scio
675 353 731 380 an
749 337 863 380 illam
881 339 1035 380 misere
1056 354 1170 382 nunc
1190 347 1319 390 amat,

152 402 300 452 Quum
315 403 428 446 hanc
448 404 528 446 sibi
549 404 711 446 videbit
729 418 920 459 praesens
940 405 1143 459 praesenti
1161 405 1283 461 eripi,

94 477 135 507 35
151 469 326 512 Abduci
346 470 401 511 ab
422 469 584 512 oculis?
614 469 778 511 facinus
799 470 1034 526 indignum,
1056 478 1194 526 pater.

151 535 237 578 M1.
259 535 361 583 Qua
379 537 544 578 ratione
565 536 706 578 istuc?
736 536 832 592 quis
853 536 1117 592 despondit?
1148 537 1244 592 quis
1265 537 1424 580 dedit?

150 601 248 652 Cui,
270 602 444 657 quando
463 603 639 657 nupsit?
670 610 821 645 auctor
840 602 907 644 his
927 603 1058 644 rebus
1080 604 1176 658 quis
1193 605 1290 645 est?

150 666 241 709 Cur
258 667 384 709 duxit
402 667 611 710 alienam?
660 667 759 709 AEs.
781 668 855 710 An
875 668 1028 710 sedere
1048 669 1239 724 oportuit

151 732 284 774 Domi
303 734 509 789 virg-inem
530 741 615 775 tam
634 734 856 789 grandem,
878 733 980 775 dum
1000 742 1209 789 cognatus
1228 733 1316 776 huc

94 809 136 839 40
151 797 272 841 Illinc
292 800 469 849 veniret,
490 802 842 854 exspectantem?
873 798 982 849 haec,
1003 800 1060 840 mi
1079 806 1218 855 pater,

150 864 220 907 Te
241 865 385 908 dicere
406 879 574 920 aequom
594 864 689 916 fuit,
709 873 755 907 et
773 865 818 907 id
840 864 1089 907 defendere.

137 968 188 998 31.
208 966 402 1002 Quamobrem
412 965 446 1007 .⁷]
475 965 638 996 Delectari
661 965 764 1006 magis
778 975 836 996 cu-

93 1010 321 1085 piiegsfMicio,
346 1009 539 1083 AEscbinDum
561 1008 630 1040 vult
649 1008 837 1050 protrahere

91 1064 111 1084 a
170 1064 188 1084 e
201 1063 367 1085 enslonem
382 1062 442 1084 sui.
505 1075 514 1083 .

137 1098 189 1128 32.
208 1098 286 1128 Fore
301 1099 395 1127 animi
409 1095 532 1136 misero]
556 1094 644 1131 Quid
659 1095 699 1126 de
714 1105 749 1126 se
763 1094 837 1136 plus

91 1139 223 1177 diceret,
238 1140 266 1171 si
282 1140 401 1171 factum
416 1139 592 1170 fateretur.
582 1140 595 1161 ⁷
626 1140 687 1172 Qui
701 1150 767 1169 cum
781 1140 837 1169 illa

90 1182 259 1225 consuevit]
286 1183 422 1224 Legitur
448 1189 481 1213 et
503 1184 608 1213 illam.-
631 1190 665 1213 et
687 1182 838 1213 dicebant

93 1235 228 1264 veteres,
239 1229 317 1258 hanc
328 1238 389 1258 rem
405 1228 556 1257 consuevit
568 1233 601 1257 et
617 1224 836 1266 εὖσχημόνωςι

90 1277 129 1301 ut
145 1269 288 1307 Plautus,
306 1270 425 1311 Amph.
439 1269 458 1300 i.
476 1272 506 1300 2.
524 1270 574 1299 28.
591 1270 633 1300 Et
649 1271 837 1299 clandestina

91 1318 127 1344 ut
152 1315 265 1345 celetur
287 1315 475 1344 consuetudo.
514 1312 557 1343 Et
580 1313 701 1351 majore
721 1311 837 1342 affectu

93 1366 158 1388 non
174 1367 316 1388 amorem
332 1356 492 1396 allegavit,
508 1355 566 1386 sed
581 1354 667 1396 quod
681 1361 732 1386 est
747 1364 834 1385 com·

92 1410 191 1431 mune
212 1410 286 1431 cum
309 1399 412 1435 bonis,
435 1406 468 1430 et
490 1398 591 1429 multo
613 1398 743 1438 justius,
758 1408 835 1428 con-

93 1443 307 1474 suetudinem.
339 1442 541 1474 D.—Nostri
562 1452 675 1472 omnes
690 1452 755 1472 cum
770 1443 836 1478 illa,

94 1493 136 1523 et,
148 1489 246 1526 prius.
272 1486 336 1517 Sed
347 1486 375 1517 si
389 1488 444 1516 illa
459 1495 535 1516 casu
549 1484 690 1516 ablativo
705 1484 834 1526 accipis,

93 1539 205 1560 versus
218 1529 355 1560 efficitur
365 1531 455 1569 justo
469 1528 604 1569 longior.
644 1527 750 1569 Igitur
764 1527 836 1568 lege

92 1572 155 1609 vel,
171 1575 290 1613 quicum
306 1574 370 1610 illa,
392 1572 426 1603 in
448 1582 524 1603 casu
546 1578 649 1606 rect03
675 1571 735 1607 vel,
752 1570 837 1611 quod

92 1615 201 1647 verius
216 1615 376 1652 existimo,
392 1618 444 1656 qui
459 1627 525 1646 cum
547 1626 592 1646 ea.
633 1614 760 1645 Deinde
784 1624 836 1645 re-

92 1669 177 1700 pone
191 1669 266 1690 cum
277 1660 389 1690 Bemb.
405 1666 438 1689 et
449 1658 611 1700 plerisque
623 1658 649 1688 F
652 1657 741 1688 aerni
755 1657 832 1688 libb.

92 1709 170 1733 vett.
183 1705 269 1743 prior
279 1714 288 1731 .-
303 1709 341 1733 ut
355 1702 389 1733 in
406 1702 490 1733 Eun.
506 1704 579 1742 quia
595 1703 675 1732 laesit
682 1703 777 1741 prior.
795 1701 832 1731 Β.

138 1747 189 1777 33.
208 1745 269 1780 ραι·
281 1744 406 1786 infelix]
425 1746 499 1776 Non
519 1744 603 1779 Qui.-
626 1744 693 1779 sed,
712 1743 772 1778 Qui
786 1747 834 1775 in·

84 1788 190 1830 selis.-
221 1795 255 1820 et
276 1799 342 1820 non
363 1794 455 1826 amat,
471 1788 529 1819 sed
546 1790 662 1824 misere,
678 1786 779 1818 dixit.
804 1794 837 1818 et

92 1832 139 1863 ita
160 1831 277 1863 affectu
298 1832 454 1874 proditur,
477 1831 531 1872 qui
556 1838 593 1862 ut
618 1830 742 1862 alienus
764 1830 835 1861 vult

92 1875 190 1916 loqui.
232 1871 383 1906 D.—Pro
408 1881 488 1906 amet
513 1874 628 1915 optimi
652 1873 780 1910 Faerni,
802 1881 836 1904 et

93 1929 205 1950 omnes
220 1919 322 1950 nostri
338 1919 458 1950 habent
473 1917 694 1958 am15quod
714 1924 747 1947 et
761 1926 834 1948 ver-

92 1962 143 1994 sui
158 1962 319 1993 convenit.
352 1962 390 1993 B.

136 2007 188 2036 34.
211 2007 351 2037 Proesens
378 2007 523 2045 presenti
547 2003 643 2044 eripi]
672 2003 839 2043 Adjuvant

92 2048 361 2090 significationem
377 2049 444 2079 haec
460 2059 502 2079 ex
516 2046 693 2079 abundanti
708 2046 835 2077 addita:

91 2099 139 2129 ut,
155 2092 232 2124 AEn.
247 2092 290 2123 iv,
307 2093 358 2123 83.
388 2094 478 2122 Illum
494 2093 600 2122 absens
615 2092 765 2121 absentem
780 2101 836 2120 au·

92 2137 196 2176 ditque
210 2138 358 2176 videtque.
387 2135 439 2171 Et,
458 2135 533 2165 AEn.
550 2145 582 2165 x.
600 2134 672 2164 600.
696 2135 837 2164 Fratrem

91 2190 129 2210 ne
149 2181 252 2210 desere
265 2178 379 2219 frater.
419 2178 471 2209 Sic
488 2177 637 2209 Caecilius
652 2178 686 2207 in
705 2176 836 2207 Eratos-

93 2221 200 2259 thene,
212 2224 290 2253 Herc
302 2228 423 2253 caterva
435 2224 528 2261 plena
536 2222 735 2262 gladiatoria,
748 2231 837 2260 quum

91 2276 178 2296 sm
192 2268 253 2297 sibi
266 2268 347 2296 alius
360 2268 480 2296 sauciat
490 2278 500 2296 .·
522 2267 619 2295 socius
633 2266 753 2295 socium.
792 2263 838 2293 Et

92 2315 180 2340 totus
190 2308 245 2340 hic
254 2309 344 2340 locus
359 2316 409 2340 est
421 2308 594 2340 translatus
606 2317 625 2338 a
641 2306 789 2347 Virgilio,
801 2306 835 2337 in

91 2351 136 2382 iv.
160 2352 236 2383 AEn.
258 2362 324 2383 ver.
348 2354 421 2383 408.
453 2354 529 2385 Quis
555 2353 613 2382 tibi
634 2361 721 2387 nunc,
744 2351 836 2387 Dido,

93 2397 226 2426 cernenti
248 2397 325 2426 talia
341 2407 463 2426 sensus.
459 2398 472 2416 ⁹
502 2394 616 2429 Quosve
631 2395 726 2424 dabas
739 2395 835 2434 gemi-

144 2449 265 2479 ,φατι
286 2440 392 2469 littora
403 2438 526 2479 fervere
555 2440 617 2468 late
647 2439 837 2476 Proepiceres

94 2491 164 2511 arce
184 2492 223 2512 ει·
242 2492 366 2518 suana,
389 2487 538 2522 totumque
567 2483 684 2511 videres
711 2478 838 2510 Misceri

93 2525 722 2564 anteoculoetantisclamoribusaequor?
751 2523 838 2553 D.—

94 2568 234 2597 Praesens
242 2569 387 2607 praesenti
401 2566 498 2607 eripi]
516 2567 605 2598 Serv.
629 2567 706 2597 AEn.
729 2566 771 2596 iv.
796 2565 837 2596 ad

94 2619 161 2640 ver.
175 2611 226 2640 83.
238 2612 345 2641 absens
356 2612 506 2641 absentem
521 2612 618 2641 audit.
642 2609 838 2640 L—Lectio

90 2664 225 2693 praesens
243 2655 388 2693 praeseuti
409 2661 459 2684 est
479 2652 690 2694 ineptissima.
728 2653 837 2687 Quare

94 2706 215 2738 repone
234 2692 367 2737 pra-sens
385 2702 573 2736 praesenten,
590 2695 622 2726 h.
646 2705 673 2726 e.
693 2705 836 2736 praesens

93 2746 217 2771 amator
246 2745 439 2780 praesentem
469 2738 614 2769 amicam.
659 2739 769 2778 Atque
789 2738 837 2769 ita

93 2782 190 2824 plane
212 2782 361 2813 laudatur
377 2781 467 2813 locus
482 2792 502 2813 a
517 2780 630 2812 Servio
644 2781 685 2812 ad
700 2781 776 2812 AEn.
792 2781 835 2812 iv.

137 2870 189 2901 36.
213 2868 314 2909 Istuc]
345 2869 456 2905 Deest,
478 2870 565 2899 dieis.
612 2866 688 2902 Quis
709 2868 835 2907 despon-

93 2914 141 2944 dte
149 2913 183 2954 ἓ]
207 2913 361 2944 Latenter
382 2912 530 2952 objurgat
547 2910 749 2947 AEschinum,
765 2920 836 2941 rem

94 2955 164 2989 sine
178 2963 271 2999 patre
284 2955 433 2998 gessisse.
458 2955 501 2987 Et
516 2954 634 2986 dicitur
649 2953 752 2995 figura
767 2954 833 2985 ἑτι-

878 963 1071 1005 τροχασμός.
1096 964 1172 999 Quis
1185 966 1342 1005 despondit
1351 964 1384 1005 ?]
1398 965 1483 1001 Quia
1492 976 1557 998 non
1573 966 1624 997 in-

880 1007 991 1039 terfuit
1010 1015 1112 1050 pater.
1159 1007 1235 1042 Quis
1255 1010 1341 1039 dedit
1353 1008 1387 1050 ?]
1410 1009 1496 1045 Quia
1517 1010 1627 1052 rapuit

880 1059 955 1082 ante
970 1062 1066 1092 quam
1081 1057 1215 1092 peteret.
1249 1052 1286 1082 B.

924 1095 976 1127 37.
996 1096 1122 1128 Quando
1142 1094 1289 1135 nupsit?]
1314 1094 1399 1130 Quia
1421 1095 1544 1137 nuptiae
1561 1106 1628 1127 non

880 1138 972 1169 factae
993 1144 1079 1168 sunt.
1124 1137 1169 1168 Et
1190 1141 1294 1178 nupsit
1314 1138 1449 1169 moleste
1467 1138 1624 1176 additum,

880 1181 971 1222 quasi
993 1181 1099 1212 aliena
1120 1181 1173 1218 sit,
1196 1192 1267 1222 quae
1288 1191 1353 1212 non
1378 1181 1503 1223 legibus
1530 1182 1627 1213 ducta

880 1225 932 1256 sit.
976 1227 1093 1255 Auctor
1114 1226 1162 1255 his
1184 1227 1274 1256 rebus
1294 1227 1362 1265 quis
1387 1231 1435 1256 est
1445 1224 1479 1266 ?]
1504 1225 1626 1257 Dativo

880 1278 976 1303 casu;
1006 1278 1071 1299 non
1093 1270 1200 1298 harum
1219 1279 1330 1298 rerum.
1375 1268 1421 1300 Et
1443 1268 1625 1306 Sallustius,

879 1311 954 1351 Jug.
973 1311 1001 1343 7.
1033 1313 1085 1351 qui
1107 1317 1178 1342 tunc
1200 1312 1343 1341 Romanis
1364 1313 1528 1351 imperator
1546 1317 1624 1344 erat.

880 1356 997 1385 Auctor
1011 1356 1058 1385 his
1073 1355 1162 1385 rebus
1178 1356 1246 1394 quis
1267 1360 1312 1385 est
1324 1353 1358 1394 2]
1377 1355 1500 1385 Iterum
1516 1355 1625 1395 objur-

879 1404 945 1439 gat,
968 1397 1043 1438 quia
1064 1407 1130 1428 non
1152 1396 1300 1428 interfuit
1320 1404 1423 1438 pater,
1444 1404 1477 1428 et
1498 1397 1565 1438 agit
1580 1398 1627 1430 sio

880 1440 1003 1477 dolens,
1019 1440 1108 1471 velut
1122 1439 1184 1471 sibi
1198 1440 1305 1471 minus
1320 1441 1439 1472 amoris
1454 1441 1626 1482 praebitum

878 1484 985 1520 fuerit,
1011 1483 1133 1514 Micio:
1167 1490 1203 1514 ut
1225 1494 1260 1514 se
1282 1483 1344 1521 his,
1361 1491 1517 1524 quantum
1536 1494 1627 1516 amor

878 1527 1011 1569 patitur,
1028 1526 1174 1558 videatur
1189 1526 1310 1564 ulcisci,
1326 1527 1475 1568 quodque
1490 1527 1553 1558 sibi
1567 1538 1626 1559 ne-

878 1570 1003 1612 gotium
1019 1580 1085 1601 non
1100 1570 1293 1601 confiteatur
1308 1570 1494 1601 AEschinus.
1525 1571 1567 1601 D.

923 1615 975 1644 38.
994 1614 1058 1645 Cur
1071 1615 1161 1644 ‹Iu-rit
1175 1615 1306 1644 alienam
1316 1612 1349 1654 ?]
1367 1613 1485 1644 Utrum
1502 1613 1624 1645 filiam?

877 1667 949 1698 quae
963 1656 1066 1698 possit
1080 1656 1187 1687 aliena
1201 1667 1271 1687 esse
1284 1658 1297 1686 ἲ
1324 1667 1400 1687 nam
1418 1667 1531 1688 omnes
1545 1657 1625 1688 alie-

878 1711 936 1731 nas
951 1700 1035 1731 filias
1049 1699 1181 1731 ducunt.
1218 1702 1271 1731 An
1284 1702 1387 1731 sedere
1402 1699 1552 1741 oportuit]
1569 1702 1625 1732 Se-

878 1746 949 1775 dere
970 1743 1102 1786 proprie
1123 1743 1250 1784 ignavae
1270 1743 1460 1774 cessationis
1481 1750 1550 1775 est:
1579 1750 1625 1782 ut,

880 1787 957 1818 AEn.
980 1786 1037 1818 xii.
1062 1788 1111 1818 15.
1142 1788 1268 1818 sedeant
1290 1791 1480 1827 spectentque
1506 1788 1625 1818 Latini.

877 1830 931 1867 Et,
951 1832 1033 1864 Quid
1046 1832 1140 1866 sedes,
1161 1830 1294 1860 Verres?
1316 1831 1391 1870 quid
1402 1835 1519 1869 spectas
1531 1832 1547 1860 2
1575 1830 1619 1862 D.

922 1874 974 1904 39.
994 1874 1067 1904 Tam
1079 1872 1244 1913 grandem]
1264 1874 1426 1910 Grandem,
1440 1872 1480 1903 ad
1496 1878 1626 1904 aetatem

879 1923 1006 1947 veteres
1019 1915 1211 1950 retulerunt,
1228 1926 1293 1946 non
1309 1915 1350 1946 ad
1365 1925 1492 1957 corpus.
1531 1916 1575 1947 Et
1590 1915 1627 1948 in

880 1966 973 2000 parte
994 1958 1098 1990 aetatis
1119 1958 1238 1990 dicitur
1255 1960 1395 1999 grandis,
1417 1969 1483 1990 non
1505 1958 1541 1990 in
1558 1965 1626 1991 tota

880 2002 956 2039 vita,
973 2002 1036 2033 nisi
1051 2001 1080 2033 si
1095 2001 1230 2032 addatur
1245 2007 1329 2039 natu,
1341 2010 1386 2039 ut,
1404 2003 1540 2033 Grandis
1550 2008 1627 2034 natu

876 2057 989 2086 parens
1004 2047 1154 2076 adductus
1172 2046 1215 2076 ad
1232 2046 1421 2085 supplicium.
1460 2045 1506 2076 Et
1522 2047 1625 2077 Graa-

880 2091 929 2120 dis
944 2087 1055 2129 infans,
1068 2095 1101 2119 et
1112 2090 1241 2129 grandis
1249 2099 1336 2128 puer,
1349 2095 1382 2119 et
1390 2090 1520 2129 grandis
1534 2091 1625 2129 ephe-

882 2135 945 2169 bus,
974 2139 1007 2163 et
1028 2133 1159 2172 grandis
1182 2133 1268 2172 virgo
1292 2138 1381 2162 recte
1408 2131 1535 2162 dicitur.
1581 2132 1627 2165 Et

881 2176 967 2206 unde
988 2175 1050 2206 scit
1071 2174 1257 2210 AEschinus.
1275 2185 1316 2205 an
1331 2176 1479 2215 grandem
1494 2174 1547 2206 bic
1562 2175 1624 2206 fin-

879 2219 928 2260 git
943 2219 1107 2259 ignotam.
1100 2219 1110 2247 2
1142 2228 1184 2248 an
1207 2217 1282 2258 quia
1304 2217 1389 2248 dixit
1408 2225 1511 2259 pater,
1527 2218 1624 2249 Com-

880 2270 990 2293 menta
1011 2268 1114 2292 mater
1136 2267 1186 2292 est
1207 2271 1278 2292 esse
1296 2271 1338 2291 ex
1352 2260 1416 2292 alio
1432 2260 1501 2292 viro
1515 2260 1625 2293 noecio

880 2316 943 2346 quo
964 2315 1102 2347 puerum
1124 2310 1258 2335 natum.
1250 2306 1262 2325 ⁷
1294 2304 1383 2353 Ergo
1406 2310 1439 2335 et
1460 2304 1516 2335 illa
1527 2316 1625 2346 grana
1642 2342 1648 2348 ι

880 2351 950 2380 dis.-
973 2355 1006 2379 et
1021 2358 1112 2379 serus
1129 2347 1288 2384 Milesius,
1304 2347 1359 2388 qui
1372 2354 1451 2378 tunc
1464 2347 1625 2389 virginem

879 2392 1006 2434 petit,q
1008 2402 1086 2422 uum
1097 2393 1165 2431 jam
1181 2390 1274 2422 alteri
1289 2390 1364 2421 data
1385 2390 1436 2428 sit,
1458 2390 1511 2422 vel
1531 2397 1625 2433 rapta

880 2403 1006 2476 (nuptaq
1008 2433 1107 2475 Mss.)
1122 2434 1166 2465 sit
1179 2433 1282 2465 alteri.
1310 2434 1352 2465 D.
1354 2433 1464 2465 —Pro
1478 2436 1536 2465 huc
1549 2444 1626 2466 cum

880 2478 952 2509 edd.
969 2485 1046 2509 vett.
1063 2485 1096 2508 et
1110 2477 1179 2508 cod.
1198 2477 1286 2508 Rivii
1302 2485 1335 2508 et
1356 2477 1486 2508 Donato
1501 2487 1625 2520 repone

864 2523 965 2553 *Hinc
976 2524 1070 2552 illinc.
1095 2521 1181 2552 Nam
1196 2531 1310 2552 sensus
1326 2527 1384 2557 est,
1402 2520 1491 2551 Dum
1504 2531 1624 2562 cogna-

881 2571 933 2596 tus
944 2565 1060 2606 aliquis
1075 2563 1224 2595 alicunde
1240 2563 1366 2599 veniat:
1388 2574 1452 2604 quo
1466 2563 1626 2602 innuitur.

880 2608 1005 2639 nullum
1028 2607 1060 2638 ei
1081 2606 1213 2638 omnino
1234 2606 1333 2638 fuisse
1360 2614 1543 2648 cognatum,
1570 2607 1625 2639 cui

880 2652 1002 2683 nubere
1029 2658 1148 2692 pooeet.
1193 2650 1240 2681 At
1261 2649 1290 2680 si
1317 2652 1375 2681 huc
1404 2651 1489 2681 illinc
1515 2650 1623 2692 legun,

878 2695 1052 2726 confitetur
1068 2692 1235 2724 Milesium
1250 2692 1342 2724 illum
1358 2702 1433 2724 vere
1442 2694 1624 2742 cognatum

879 2747 959 2775 esse,
972 2744 1005 2768 et
1017 2736 1074 2768 diu
1088 2743 1320 2777 exspectatum,
1331 2736 1410 2768 dum
1419 2735 1511 2778 virgo
1522 2747 1621 2779 gran-

879 2780 1024 2812 diuscula
1039 2779 1083 2811 sit
1093 2779 1186 2810 facta.
1220 2779 1256 2810 B.

922 2825 975 2854 40.
998 2825 1080 2854 Dum
1109 2827 1254 2864 cognatus
1282 2824 1353 2854 hinc
1374 2824 1461 2855 illinc
1484 2823 1618 2865 veniret]

879 2865 1130 2898 Proverbialiter
1145 2867 1215 2897 hinc
1230 2867 1324 2897 illinc.
1350 2866 1394 2898 D.

921 2911 974 2942 41.
996 2911 1041 2940 Et
1060 2911 1096 2940 id
1113 2907 1289 2950 defendere]
1305 2909 1382 2941 Non
1394 2909 1503 2952 potuit
1515 2910 1619 2951 magis

878 2952 1043 2990 amatorie,
1059 2959 1093 2985 et
1105 2951 1209 2994 magis
1223 2952 1391 2995 pueriliter
1407 2953 1506 2996 loqui,
1522 2964 1619 2995 quam
