<?xml version="1.0" encoding="UTF-8"?>
<!DOCTYPE html PUBLIC "-//W3C//DTD XHTML 1.0 Transitional//EN"
    "http://www.w3.org/TR/xhtml1/DTD/xhtml1-transitional.dtd">
<html xmlns="http://www.w3.org/1999/xhtml" xml:lang="en" lang="en">
 <head>
  <title>
</title>
<meta http-equiv="Content-Type" content="text/html;charset=utf-8" />
  <meta name='ocr-system' content='tesseract 3.04.00' />
  <meta name='ocr-capabilities' content='ocr_page ocr_carea ocr_par ocr_line ocrx_word'/>
</head>
<body>
  <div class='ocr_page' id='page_1' title='image "./comoediaesex00tereuoft_0073.png"; bbox 0 0 1852 3216; ppageno 0'>
   <div class='ocr_carea' id='block_1_1' title="bbox 502 114 1624 159">
    <p class='ocr_par' dir='ltr' id='par_1_1' title="bbox 502 114 1624 159">
     <span class='ocr_line' id='line_1_1' title="bbox 502 114 1624 159; baseline 0.004 -5"><span class='ocrx_word' id='word_1_1' title='bbox 502 114 741 156; x_wconf 88' lang='lat' dir='ltr'>VICTOR</span> <span class='ocrx_word' id='word_1_2' title='bbox 770 116 852 155; x_wconf 79' lang='lat' dir='ltr'><strong>DE</strong></span> <span class='ocrx_word' id='word_1_3' title='bbox 881 116 1212 156; x_wconf 87' lang='lat' dir='ltr'><strong>COMOEDIA.</strong></span> <span class='ocrx_word' id='word_1_4' title='bbox 1527 120 1624 159; x_wconf 87' lang='lat' dir='ltr'><strong>xlvii</strong></span> 
     </span>
    </p>
   </div>
   <div class='ocr_carea' id='block_1_2' title="bbox 97 201 1632 3004">
    <p class='ocr_par' dir='ltr' id='par_1_2' title="bbox 98 201 1627 678">
     <span class='ocr_line' id='line_1_2' title="bbox 99 201 1627 253; baseline 0.001 -11"><span class='ocrx_word' id='word_1_5' title='bbox 99 210 328 242; x_wconf 83' lang='lat' dir='ltr'><strong>creverunt:</strong></span> <span class='ocrx_word' id='word_1_6' title='bbox 358 201 539 252; x_wconf 89' lang='lat' dir='ltr'><strong>quodque</strong></span> <span class='ocrx_word' id='word_1_7' title='bbox 567 202 773 253; x_wconf 87' lang='lat' dir='ltr'><strong>sapientes,</strong></span> <span class='ocrx_word' id='word_1_8' title='bbox 794 215 914 252; x_wconf 89' lang='lat' dir='ltr'><strong>quum</strong></span> <span class='ocrx_word' id='word_1_9' title='bbox 941 203 1106 253; x_wconf 86' lang='lat' dir='ltr'>tempori</span> <span class='ocrx_word' id='word_1_10' title='bbox 1134 201 1351 241; x_wconf 87' lang='lat' dir='ltr'><strong>cedendu‘m</strong></span> <span class='ocrx_word' id='word_1_11' title='bbox 1377 211 1450 249; x_wconf 87' lang='lat' dir='ltr'><strong>est,</strong></span> <span class='ocrx_word' id='word_1_12' title='bbox 1469 205 1627 244; x_wconf 87' lang='lat' dir='ltr'><strong>efficere</strong></span> 
     </span>
     <span class='ocr_line' id='line_1_3' title="bbox 100 255 1626 307; baseline 0.003 -14"><span class='ocrx_word' id='word_1_13' title='bbox 100 255 235 299; x_wconf 84' lang='lat' dir='ltr'><strong>solent,</strong></span> <span class='ocrx_word' id='word_1_14' title='bbox 254 269 342 305; x_wconf 85' lang='lat' dir='ltr'><strong>quae</strong></span> <span class='ocrx_word' id='word_1_15' title='bbox 367 265 451 293; x_wconf 89' lang='lat' dir='ltr'><strong>erat</strong></span> <span class='ocrx_word' id='word_1_16' title='bbox 478 257 699 301; x_wconf 80' lang='lat' dir='ltr'>necessitas,</span> <span class='ocrx_word' id='word_1_17' title='bbox 720 257 759 294; x_wconf 93' lang='lat' dir='ltr'><strong>in</strong></span> <span class='ocrx_word' id='word_1_18' title='bbox 784 257 968 294; x_wconf 86' lang='lat' dir='ltr'><strong>virtutem</strong></span> <span class='ocrx_word' id='word_1_19' title='bbox 996 256 1192 307; x_wconf 80' lang='lat' dir='ltr'>egregiam</span> <span class='ocrx_word' id='word_1_20' title='bbox 1222 256 1466 296; x_wconf 86' lang='lat' dir='ltr'><strong>transtulere.</strong></span> <span class='ocrx_word' id='word_1_21' title='bbox 1525 259 1626 298; x_wconf 89' lang='lat' dir='ltr'><strong>Nam</strong></span> 
     </span>
     <span class='ocr_line' id='line_1_4' title="bbox 99 308 1627 361; baseline 0.001 -13"><span class='ocrx_word' id='word_1_22' title='bbox 99 318 209 348; x_wconf 85' lang='lat' dir='ltr'><strong>actus</strong></span> <span class='ocrx_word' id='word_1_23' title='bbox 236 308 378 347; x_wconf 82' lang='lat' dir='ltr'><strong>fabulae</strong></span> <span class='ocrx_word' id='word_1_24' title='bbox 410 309 465 347; x_wconf 85' lang='lat' dir='ltr'><strong>sic</strong></span> <span class='ocrx_word' id='word_1_25' title='bbox 493 311 658 360; x_wconf 86' lang='lat' dir='ltr'><strong>agebant</strong></span> <span class='ocrx_word' id='word_1_26' title='bbox 686 309 901 360; x_wconf 88' lang='lat' dir='ltr'><strong>colligatos,</strong></span> <span class='ocrx_word' id='word_1_27' title='bbox 935 319 979 348; x_wconf 91' lang='lat' dir='ltr'><strong>ut</strong></span> <span class='ocrx_word' id='word_1_28' title='bbox 1006 323 1076 361; x_wconf 91' lang='lat' dir='ltr'><strong>per</strong></span> <span class='ocrx_word' id='word_1_29' title='bbox 1104 310 1318 355; x_wconf 83' lang='lat' dir='ltr'><strong>intervalla,</strong></span> <span class='ocrx_word' id='word_1_30' title='bbox 1351 324 1439 361; x_wconf 86' lang='lat' dir='ltr'><strong>quae</strong></span> <span class='ocrx_word' id='word_1_31' title='bbox 1470 312 1627 361; x_wconf 89' lang='lat' dir='ltr'><strong>quidem</strong></span> 
     </span>
     <span class='ocr_line' id='line_1_5' title="bbox 98 362 1627 414; baseline 0.002 -14"><span class='ocrx_word' id='word_1_32' title='bbox 98 371 208 401; x_wconf 88' lang='lat' dir='ltr'><strong>erant</strong></span> <span class='ocrx_word' id='word_1_33' title='bbox 233 363 403 407; x_wconf 89' lang='lat' dir='ltr'><strong>minima,</strong></span> <span class='ocrx_word' id='word_1_34' title='bbox 423 362 559 401; x_wconf 89' lang='lat' dir='ltr'><strong>saltem</strong></span> <span class='ocrx_word' id='word_1_35' title='bbox 579 377 679 401; x_wconf 90' lang='lat' dir='ltr'><strong>unus</strong></span> <span class='ocrx_word' id='word_1_36' title='bbox 699 364 835 402; x_wconf 89' lang='lat' dir='ltr'><strong>histrio</strong></span> <span class='ocrx_word' id='word_1_37' title='bbox 854 363 1151 413; x_wconf 81' lang='lat' dir='ltr'><strong>relinqueretur,</strong></span> <span class='ocrx_word' id='word_1_38' title='bbox 1173 373 1237 402; x_wconf 90' lang='lat' dir='ltr'><strong>aut</strong></span> <span class='ocrx_word' id='word_1_39' title='bbox 1260 364 1501 414; x_wconf 87' lang='lat' dir='ltr'><strong>frequentius</strong></span> <span class='ocrx_word' id='word_1_40' title='bbox 1521 379 1627 403; x_wconf 89' lang='lat' dir='ltr'><strong>com-</strong></span> 
     </span>
     <span class='ocr_line' id='line_1_6' title="bbox 99 415 1627 468; baseline 0.003 -15"><span class='ocrx_word' id='word_1_41' title='bbox 99 415 231 468; x_wconf 78' lang='lat' dir='ltr'><strong>plures</strong></span> <span class='ocrx_word' id='word_1_42' title='bbox 255 416 410 454; x_wconf 84' lang='lat' dir='ltr'><strong>alternis</strong></span> <span class='ocrx_word' id='word_1_43' title='bbox 437 417 534 455; x_wconf 90' lang='lat' dir='ltr'><strong>inter</strong></span> <span class='ocrx_word' id='word_1_44' title='bbox 563 431 604 455; x_wconf 90' lang='lat' dir='ltr'><strong>se</strong></span> <span class='ocrx_word' id='word_1_45' title='bbox 623 417 823 456; x_wconf 85' lang='lat' dir='ltr'><strong>versiculis</strong></span> <span class='ocrx_word' id='word_1_46' title='bbox 849 417 1096 455; x_wconf 86' lang='lat' dir='ltr'><strong>disserentes.</strong></span> <span class='ocrx_word' id='word_1_47' title='bbox 1154 417 1331 468; x_wconf 91' lang='lat' dir='ltr'><strong>Denique</strong></span> <span class='ocrx_word' id='word_1_48' title='bbox 1357 418 1452 456; x_wconf 88' lang='lat' dir='ltr'><strong>nihil</strong></span> <span class='ocrx_word' id='word_1_49' title='bbox 1482 421 1627 457; x_wconf 88' lang='lat' dir='ltr'><strong>vetusti</strong></span> 
     </span>
     <span class='ocr_line' id='line_1_7' title="bbox 99 470 1627 523; baseline 0.002 -15"><span class='ocrx_word' id='word_1_50' title='bbox 99 470 207 508; x_wconf 86' lang='lat' dir='ltr'><strong>chori</strong></span> <span class='ocrx_word' id='word_1_51' title='bbox 239 470 438 521; x_wconf 89' lang='lat' dir='ltr'><strong>proprium</strong></span> <span class='ocrx_word' id='word_1_52' title='bbox 470 472 753 509; x_wconf 85' lang='lat' dir='ltr'><strong>observabant:</strong></span> <span class='ocrx_word' id='word_1_53' title='bbox 782 471 1107 521; x_wconf 89' lang='lat' dir='ltr'><strong>quemadmodum</strong></span> <span class='ocrx_word' id='word_1_54' title='bbox 1139 472 1177 509; x_wconf 93' lang='lat' dir='ltr'><strong>in</strong></span> <span class='ocrx_word' id='word_1_55' title='bbox 1204 471 1476 523; x_wconf 76' lang='lat' dir='ltr'><strong>Aristophanis</strong></span> <span class='ocrx_word' id='word_1_56' title='bbox 1508 472 1627 511; x_wconf 93' lang='lat' dir='ltr'><strong>Pluto</strong></span> 
     </span>
     <span class='ocr_line' id='line_1_8' title="bbox 98 523 1305 575; baseline 0.002 -14"><span class='ocrx_word' id='word_1_57' title='bbox 98 523 230 562; x_wconf 84' lang='lat' dir='ltr'><strong>fabula</strong></span> <span class='ocrx_word' id='word_1_58' title='bbox 248 534 330 561; x_wconf 90' lang='lat' dir='ltr'><strong>tute</strong></span> <span class='ocrx_word' id='word_1_59' title='bbox 344 523 579 575; x_wconf 88' lang='lat' dir='ltr'><strong>jampridem</strong></span> <span class='ocrx_word' id='word_1_60' title='bbox 599 525 744 563; x_wconf 87' lang='lat' dir='ltr'><strong>vidisti.</strong></span> <span class='ocrx_word' id='word_1_61' title='bbox 802 525 850 563; x_wconf 88' lang='lat' dir='ltr'><strong>Id</strong></span> <span class='ocrx_word' id='word_1_62' title='bbox 869 525 1059 563; x_wconf 88' lang='lat' dir='ltr'><strong>Horatius</strong></span> <span class='ocrx_word' id='word_1_63' title='bbox 1082 526 1135 563; x_wconf 91' lang='lat' dir='ltr'><strong>ita</strong></span> <span class='ocrx_word' id='word_1_64' title='bbox 1153 526 1305 571; x_wconf 87' lang='lat' dir='ltr'><strong>cecinit,</strong></span> 
     </span>
     <span class='ocr_line' id='line_1_9' title="bbox 608 585 1148 632; baseline 0 -12"><span class='ocrx_word' id='word_1_65' title='bbox 608 586 666 620; x_wconf 81' lang='lat' dir='ltr'><strong>lex</strong></span> <span class='ocrx_word' id='word_1_66' title='bbox 682 591 735 621; x_wconf 76' lang='lat' dir='ltr'><strong>est</strong></span> <span class='ocrx_word' id='word_1_67' title='bbox 751 591 913 632; x_wconf 87' lang='lat' dir='ltr'><strong>accepta:</strong></span> <span class='ocrx_word' id='word_1_68' title='bbox 945 585 1148 631; x_wconf 88' lang='lat' dir='ltr'><strong>chorusque</strong></span> 
     </span>
     <span class='ocr_line' id='line_1_10' title="bbox 422 631 1205 678; baseline 0.001 -12"><span class='ocrx_word' id='word_1_69' title='bbox 422 631 591 678; x_wconf 88' lang='lat' dir='ltr'><strong>Turpiter</strong></span> <span class='ocrx_word' id='word_1_70' title='bbox 607 633 772 675; x_wconf 84' lang='lat' dir='ltr'><strong>obticuit,</strong></span> <span class='ocrx_word' id='word_1_71' title='bbox 791 633 932 669; x_wconf 85' lang='lat' dir='ltr'><strong>sublato</strong></span> <span class='ocrx_word' id='word_1_72' title='bbox 942 633 1025 678; x_wconf 89' lang='lat' dir='ltr'><strong>jure</strong></span> <span class='ocrx_word' id='word_1_73' title='bbox 1041 631 1205 668; x_wconf 87' lang='lat' dir='ltr'><strong>nocendi.</strong></span> 
     </span>
    </p>

    <p class='ocr_par' dir='ltr' id='par_1_3' title="bbox 97 687 1629 1169">
     <span class='ocr_line' id='line_1_11' title="bbox 99 687 1627 741; baseline 0.003 -16"><span class='ocrx_word' id='word_1_74' title='bbox 99 687 226 726; x_wconf 89' lang='lat' dir='ltr'><strong>Miror</strong></span> <span class='ocrx_word' id='word_1_75' title='bbox 255 696 385 726; x_wconf 89' lang='lat' dir='ltr'><strong>autem</strong></span> <span class='ocrx_word' id='word_1_76' title='bbox 415 689 527 738; x_wconf 82' lang='lat' dir='ltr'><strong>quasi</strong></span> <span class='ocrx_word' id='word_1_77' title='bbox 557 698 775 727; x_wconf 88' lang='lat' dir='ltr'><strong>monstrum</strong></span> <span class='ocrx_word' id='word_1_78' title='bbox 805 689 1063 740; x_wconf 88' lang='lat' dir='ltr'><strong>conspicatus,</strong></span> <span class='ocrx_word' id='word_1_79' title='bbox 1093 689 1201 727; x_wconf 90' lang='lat' dir='ltr'><strong>illum</strong></span> <span class='ocrx_word' id='word_1_80' title='bbox 1233 688 1345 740; x_wconf 91' lang='lat' dir='ltr'><strong>cujus</strong></span> <span class='ocrx_word' id='word_1_81' title='bbox 1376 690 1521 741; x_wconf 90' lang='lat' dir='ltr'><strong>scripta</strong></span> <span class='ocrx_word' id='word_1_82' title='bbox 1554 692 1627 729; x_wconf 90' lang='lat' dir='ltr'><strong>sub</strong></span> 
     </span>
     <span class='ocr_line' id='line_1_12' title="bbox 99 741 1628 796; baseline 0.003 -17"><span class='ocrx_word' id='word_1_83' title='bbox 99 741 264 780; x_wconf 86' lang='lat' dir='ltr'><strong>Acronis</strong></span> <span class='ocrx_word' id='word_1_84' title='bbox 295 742 450 780; x_wconf 89' lang='lat' dir='ltr'><strong>nomine</strong></span> <span class='ocrx_word' id='word_1_85' title='bbox 481 742 820 787; x_wconf 87' lang='lat' dir='ltr'><strong>circumferuntur,</strong></span> <span class='ocrx_word' id='word_1_86' title='bbox 850 743 912 781; x_wconf 89' lang='lat' dir='ltr'><strong>vel</strong></span> <span class='ocrx_word' id='word_1_87' title='bbox 940 744 973 780; x_wconf 92' lang='lat' dir='ltr'><strong>si</strong></span> <span class='ocrx_word' id='word_1_88' title='bbox 999 753 1058 781; x_wconf 92' lang='lat' dir='ltr'><strong>est</strong></span> <span class='ocrx_word' id='word_1_89' title='bbox 1077 743 1159 794; x_wconf 92' lang='lat' dir='ltr'><strong>ipse</strong></span> <span class='ocrx_word' id='word_1_90' title='bbox 1179 744 1299 787; x_wconf 89' lang='lat' dir='ltr'><strong>Acro,</strong></span> <span class='ocrx_word' id='word_1_91' title='bbox 1318 743 1464 782; x_wconf 83' lang='lat' dir='ltr'><strong>dixisse</strong></span> <span class='ocrx_word' id='word_1_92' title='bbox 1483 744 1524 782; x_wconf 90' lang='lat' dir='ltr'><strong>id</strong></span> <span class='ocrx_word' id='word_1_93' title='bbox 1541 744 1628 796; x_wconf 89' lang='lat' dir='ltr'><strong>lege</strong></span> 
     </span>
     <span class='ocr_line' id='line_1_13' title="bbox 97 796 1628 848; baseline 0.003 -15"><span class='ocrx_word' id='word_1_94' title='bbox 97 805 254 834; x_wconf 74' lang='lat' dir='ltr'><strong>cautum</strong></span> <span class='ocrx_word' id='word_1_95' title='bbox 273 797 347 834; x_wconf 89' lang='lat' dir='ltr'><strong>sub</strong></span> <span class='ocrx_word' id='word_1_96' title='bbox 367 796 562 846; x_wconf 85' lang='lat' dir='ltr'><strong>Augusto.</strong></span> <span class='ocrx_word' id='word_1_97' title='bbox 610 796 769 835; x_wconf 82' lang='lat' dir='ltr'><strong>Poterat</strong></span> <span class='ocrx_word' id='word_1_98' title='bbox 788 797 1055 835; x_wconf 86' lang='lat' dir='ltr'><strong>mediusfidius</strong></span> <span class='ocrx_word' id='word_1_99' title='bbox 1075 798 1322 848; x_wconf 83' lang='lat' dir='ltr'><strong>perspexisse</strong></span> <span class='ocrx_word' id='word_1_100' title='bbox 1347 797 1483 847; x_wconf 89' lang='lat' dir='ltr'><strong>(modo</strong></span> <span class='ocrx_word' id='word_1_101' title='bbox 1510 798 1628 837; x_wconf 93' lang='lat' dir='ltr'><strong>Plau-</strong></span> 
     </span>
     <span class='ocr_line' id='line_1_14' title="bbox 101 849 1628 903; baseline 0.002 -16"><span class='ocrx_word' id='word_1_102' title='bbox 101 857 184 887; x_wconf 89' lang='lat' dir='ltr'><strong>tum</strong></span> <span class='ocrx_word' id='word_1_103' title='bbox 203 859 270 887; x_wconf 90' lang='lat' dir='ltr'><strong>aut</strong></span> <span class='ocrx_word' id='word_1_104' title='bbox 289 849 515 887; x_wconf 90' lang='lat' dir='ltr'><strong>Terentium</strong></span> <span class='ocrx_word' id='word_1_105' title='bbox 534 849 690 901; x_wconf 86' lang='lat' dir='ltr'><strong>legerit)</strong></span> <span class='ocrx_word' id='word_1_106' title='bbox 705 865 753 889; x_wconf 87' lang='lat' dir='ltr'><strong>an</strong></span> <span class='ocrx_word' id='word_1_107' title='bbox 770 860 860 889; x_wconf 89' lang='lat' dir='ltr'><strong>ante</strong></span> <span class='ocrx_word' id='word_1_108' title='bbox 880 851 1103 902; x_wconf 86' lang='lat' dir='ltr'><strong>Augustum</strong></span> <span class='ocrx_word' id='word_1_109' title='bbox 1118 860 1216 889; x_wconf 90' lang='lat' dir='ltr'><strong>actae</strong></span> <span class='ocrx_word' id='word_1_110' title='bbox 1232 850 1376 889; x_wconf 83' lang='lat' dir='ltr'><strong>fabulae</strong></span> <span class='ocrx_word' id='word_1_111' title='bbox 1392 865 1628 903; x_wconf 88' lang='lat' dir='ltr'><strong>quemquam</strong></span> 
     </span>
     <span class='ocr_line' id='line_1_15' title="bbox 99 903 1629 955; baseline 0.003 -15"><span class='ocrx_word' id='word_1_112' title='bbox 99 903 409 941; x_wconf 88' lang='lat' dir='ltr'><strong>momordissent.</strong></span> <span class='ocrx_word' id='word_1_113' title='bbox 457 903 493 941; x_wconf 93' lang='lat' dir='ltr'>O</span> <span class='ocrx_word' id='word_1_114' title='bbox 514 917 630 954; x_wconf 90' lang='lat' dir='ltr'><strong>quam</strong></span> <span class='ocrx_word' id='word_1_115' title='bbox 650 905 804 955; x_wconf 84' lang='lat' dir='ltr'><strong>egregie</strong></span> <span class='ocrx_word' id='word_1_116' title='bbox 823 913 979 942; x_wconf 87' lang='lat' dir='ltr'><strong>vetusta</strong></span> <span class='ocrx_word' id='word_1_117' title='bbox 997 905 1121 950; x_wconf 88' lang='lat' dir='ltr'><strong>novis,</strong></span> <span class='ocrx_word' id='word_1_118' title='bbox 1142 904 1356 955; x_wconf 90' lang='lat' dir='ltr'><strong>Latinaque</strong></span> <span class='ocrx_word' id='word_1_119' title='bbox 1377 905 1530 944; x_wconf 88' lang='lat' dir='ltr'><strong>Graecis</strong></span> <span class='ocrx_word' id='word_1_120' title='bbox 1551 920 1629 945; x_wconf 87' lang='lat' dir='ltr'><strong>non</strong></span> 
     </span>
     <span class='ocr_line' id='line_1_16' title="bbox 99 956 1628 1010; baseline 0.003 -16"><span class='ocrx_word' id='word_1_121' title='bbox 99 956 163 994; x_wconf 92' lang='lat' dir='ltr'><strong>hic</strong></span> <span class='ocrx_word' id='word_1_122' title='bbox 191 957 319 1001; x_wconf 92' lang='lat' dir='ltr'><strong>modo,</strong></span> <span class='ocrx_word' id='word_1_123' title='bbox 350 971 484 995; x_wconf 87' lang='lat' dir='ltr'><strong>verum</strong></span> <span class='ocrx_word' id='word_1_124' title='bbox 514 966 554 995; x_wconf 92' lang='lat' dir='ltr'><strong>et</strong></span> <span class='ocrx_word' id='word_1_125' title='bbox 581 957 646 995; x_wconf 87' lang='lat' dir='ltr'><strong>alii</strong></span> <span class='ocrx_word' id='word_1_126' title='bbox 675 959 830 996; x_wconf 82' lang='lat' dir='ltr'><strong>fortuna</strong></span> <span class='ocrx_word' id='word_1_127' title='bbox 861 958 1005 996; x_wconf 90' lang='lat' dir='ltr'><strong>similes</strong></span> <span class='ocrx_word' id='word_1_128' title='bbox 1034 959 1306 996; x_wconf 88' lang='lat' dir='ltr'><strong>confuderunt.</strong></span> <span class='ocrx_word' id='word_1_129' title='bbox 1361 958 1520 1010; x_wconf 85' lang='lat' dir='ltr'><strong>Quippe</strong></span> <span class='ocrx_word' id='word_1_130' title='bbox 1552 961 1628 999; x_wconf 91' lang='lat' dir='ltr'><strong>hoc</strong></span> 
     </span>
     <span class='ocr_line' id='line_1_17' title="bbox 100 1010 1627 1064; baseline 0.003 -16"><span class='ocrx_word' id='word_1_131' title='bbox 100 1010 265 1048; x_wconf 86' lang='lat' dir='ltr'><strong>Athenis</strong></span> <span class='ocrx_word' id='word_1_132' title='bbox 288 1011 489 1049; x_wconf 90' lang='lat' dir='ltr'><strong>decretum</strong></span> <span class='ocrx_word' id='word_1_133' title='bbox 512 1012 664 1062; x_wconf 90' lang='lat' dir='ltr'><strong>patricii</strong></span> <span class='ocrx_word' id='word_1_134' title='bbox 681 1012 977 1063; x_wconf 89' lang='lat' dir='ltr'><strong>promulgavere</strong></span> <span class='ocrx_word' id='word_1_135' title='bbox 1002 1013 1070 1050; x_wconf 86' lang='lat' dir='ltr'><strong>vix</strong></span> <span class='ocrx_word' id='word_1_136' title='bbox 1098 1026 1198 1050; x_wconf 92' lang='lat' dir='ltr'><strong>anno</strong></span> <span class='ocrx_word' id='word_1_137' title='bbox 1226 1012 1334 1050; x_wconf 87' lang='lat' dir='ltr'><strong>urbis</strong></span> <span class='ocrx_word' id='word_1_138' title='bbox 1364 1012 1503 1051; x_wconf 90' lang='lat' dir='ltr'><strong>Romae</strong></span> <span class='ocrx_word' id='word_1_139' title='bbox 1531 1027 1627 1064; x_wconf 89' lang='lat' dir='ltr'><strong>qua-</strong></span> 
     </span>
     <span class='ocr_line' id='line_1_18' title="bbox 98 1063 1628 1117; baseline 0.003 -15"><span class='ocrx_word' id='word_1_140' title='bbox 98 1063 318 1115; x_wconf 89' lang='lat' dir='ltr'><strong>dragesimo</strong></span> <span class='ocrx_word' id='word_1_141' title='bbox 336 1065 502 1116; x_wconf 89' lang='lat' dir='ltr'><strong>septimo</strong></span> <span class='ocrx_word' id='word_1_142' title='bbox 520 1079 639 1116; x_wconf 87' lang='lat' dir='ltr'><strong>supra</strong></span> <span class='ocrx_word' id='word_1_143' title='bbox 656 1074 716 1104; x_wconf 90' lang='lat' dir='ltr'><strong>ter</strong></span> <span class='ocrx_word' id='word_1_144' title='bbox 734 1075 903 1111; x_wconf 89' lang='lat' dir='ltr'><strong>centum,</strong></span> <span class='ocrx_word' id='word_1_145' title='bbox 924 1066 1107 1105; x_wconf 84' lang='lat' dir='ltr'><strong>videlicet</strong></span> <span class='ocrx_word' id='word_1_146' title='bbox 1123 1080 1243 1117; x_wconf 89' lang='lat' dir='ltr'><strong>quum</strong></span> <span class='ocrx_word' id='word_1_147' title='bbox 1268 1066 1413 1104; x_wconf 90' lang='lat' dir='ltr'><strong>tribuni</strong></span> <span class='ocrx_word' id='word_1_148' title='bbox 1441 1067 1628 1106; x_wconf 89' lang='lat' dir='ltr'><strong>militares</strong></span> 
     </span>
     <span class='ocr_line' id='line_1_19' title="bbox 100 1119 727 1169; baseline 0.003 -13"><span class='ocrx_word' id='word_1_149' title='bbox 100 1119 264 1169; x_wconf 88' lang='lat' dir='ltr'><strong>imperio</strong></span> <span class='ocrx_word' id='word_1_150' title='bbox 283 1119 474 1157; x_wconf 87' lang='lat' dir='ltr'><strong>consulari</strong></span> <span class='ocrx_word' id='word_1_151' title='bbox 494 1130 727 1158; x_wconf 88' lang='lat' dir='ltr'><strong>crearentur.</strong></span> 
     </span>
    </p>

    <p class='ocr_par' dir='ltr' id='par_1_4' title="bbox 99 1171 1630 1548">
     <span class='ocr_line' id='line_1_20' title="bbox 153 1171 1628 1227; baseline 0.003 -17"><span class='ocrx_word' id='word_1_152' title='bbox 153 1171 394 1211; x_wconf 90' lang='lat' dir='ltr'><strong>Comoediam</strong></span> <span class='ocrx_word' id='word_1_153' title='bbox 424 1173 552 1223; x_wconf 90' lang='lat' dir='ltr'><strong>itaque</strong></span> <span class='ocrx_word' id='word_1_154' title='bbox 581 1182 733 1225; x_wconf 87' lang='lat' dir='ltr'><strong>tempus</strong></span> <span class='ocrx_word' id='word_1_155' title='bbox 757 1182 798 1211; x_wconf 89' lang='lat' dir='ltr'><strong>et</strong></span> <span class='ocrx_word' id='word_1_156' title='bbox 815 1174 988 1218; x_wconf 87' lang='lat' dir='ltr'><strong>materia,</strong></span> <span class='ocrx_word' id='word_1_157' title='bbox 1011 1174 1111 1212; x_wconf 90' lang='lat' dir='ltr'><strong>sicut</strong></span> <span class='ocrx_word' id='word_1_158' title='bbox 1128 1173 1312 1218; x_wconf 73' lang='lat' dir='ltr'><strong>diximus,</strong></span> <span class='ocrx_word' id='word_1_159' title='bbox 1333 1174 1372 1212; x_wconf 92' lang='lat' dir='ltr'><strong>in</strong></span> <span class='ocrx_word' id='word_1_160' title='bbox 1390 1175 1464 1213; x_wconf 90' lang='lat' dir='ltr'><strong>tria</strong></span> <span class='ocrx_word' id='word_1_161' title='bbox 1483 1189 1628 1227; x_wconf 89' lang='lat' dir='ltr'><strong>genera</strong></span> 
     </span>
     <span class='ocr_line' id='line_1_21' title="bbox 99 1225 1626 1277; baseline 0.003 -13"><span class='ocrx_word' id='word_1_162' title='bbox 99 1225 290 1271; x_wconf 88' lang='lat' dir='ltr'><strong>dividunt,</strong></span> <span class='ocrx_word' id='word_1_163' title='bbox 318 1227 519 1277; x_wconf 90' lang='lat' dir='ltr'><strong>antiquum</strong></span> <span class='ocrx_word' id='word_1_164' title='bbox 543 1227 701 1272; x_wconf 90' lang='lat' dir='ltr'><strong>scilicet,</strong></span> <span class='ocrx_word' id='word_1_165' title='bbox 721 1237 761 1265; x_wconf 90' lang='lat' dir='ltr'><strong>et</strong></span> <span class='ocrx_word' id='word_1_166' title='bbox 781 1241 938 1272; x_wconf 88' lang='lat' dir='ltr'><strong>novum,</strong></span> <span class='ocrx_word' id='word_1_167' title='bbox 963 1236 1002 1265; x_wconf 92' lang='lat' dir='ltr'><strong>et</strong></span> <span class='ocrx_word' id='word_1_168' title='bbox 1028 1228 1213 1266; x_wconf 89' lang='lat' dir='ltr'><strong>medium.</strong></span> <span class='ocrx_word' id='word_1_169' title='bbox 1271 1228 1391 1267; x_wconf 89' lang='lat' dir='ltr'><strong>Stilus</strong></span> <span class='ocrx_word' id='word_1_170' title='bbox 1418 1242 1526 1275; x_wconf 83' lang='lat' dir='ltr'><strong>vero,</strong></span> <span class='ocrx_word' id='word_1_171' title='bbox 1555 1244 1626 1268; x_wconf 91' lang='lat' dir='ltr'><strong>nu·</strong></span> 
     </span>
     <span class='ocr_line' id='line_1_22' title="bbox 100 1281 1628 1333; baseline 0.003 -15"><span class='ocrx_word' id='word_1_172' title='bbox 100 1281 209 1325; x_wconf 88' lang='lat' dir='ltr'><strong>meri,</strong></span> <span class='ocrx_word' id='word_1_173' title='bbox 229 1289 269 1318; x_wconf 90' lang='lat' dir='ltr'><strong>et</strong></span> <span class='ocrx_word' id='word_1_174' title='bbox 284 1290 492 1331; x_wconf 88' lang='lat' dir='ltr'><strong>apparatus</strong></span> <span class='ocrx_word' id='word_1_175' title='bbox 511 1281 657 1332; x_wconf 89' lang='lat' dir='ltr'><strong>duplici</strong></span> <span class='ocrx_word' id='word_1_176' title='bbox 686 1290 834 1319; x_wconf 92' lang='lat' dir='ltr'><strong>tantum</strong></span> <span class='ocrx_word' id='word_1_177' title='bbox 861 1282 1031 1320; x_wconf 88' lang='lat' dir='ltr'><strong>sectione</strong></span> <span class='ocrx_word' id='word_1_178' title='bbox 1050 1283 1270 1333; x_wconf 89' lang='lat' dir='ltr'><strong>partiuntur</strong></span> <span class='ocrx_word' id='word_1_179' title='bbox 1286 1295 1296 1319; x_wconf 74' lang='grc' dir='ltr'><strong><em>ι</em></strong></span> <span class='ocrx_word' id='word_1_180' title='bbox 1325 1282 1480 1321; x_wconf 84' lang='lat' dir='ltr'><strong>diversa</strong></span> <span class='ocrx_word' id='word_1_181' title='bbox 1498 1292 1628 1322; x_wconf 87' lang='lat' dir='ltr'><strong>tamen</strong></span> 
     </span>
     <span class='ocr_line' id='line_1_23' title="bbox 101 1334 1627 1388; baseline 0.003 -17"><span class='ocrx_word' id='word_1_182' title='bbox 101 1334 277 1372; x_wconf 88' lang='lat' dir='ltr'><strong>ratione:</strong></span> <span class='ocrx_word' id='word_1_183' title='bbox 306 1335 487 1385; x_wconf 88' lang='lat' dir='ltr'><strong>quoniam</strong></span> <span class='ocrx_word' id='word_1_184' title='bbox 511 1335 623 1373; x_wconf 89' lang='lat' dir='ltr'><strong>stilus</strong></span> <span class='ocrx_word' id='word_1_185' title='bbox 646 1344 687 1373; x_wconf 90' lang='lat' dir='ltr'><strong>et</strong></span> <span class='ocrx_word' id='word_1_186' title='bbox 709 1335 861 1373; x_wconf 88' lang='lat' dir='ltr'><strong>numeri</strong></span> <span class='ocrx_word' id='word_1_187' title='bbox 888 1337 1102 1374; x_wconf 88' lang='lat' dir='ltr'><strong>vetustiora</strong></span> <span class='ocrx_word' id='word_1_188' title='bbox 1128 1336 1207 1374; x_wconf 90' lang='lat' dir='ltr'><strong>duo</strong></span> <span class='ocrx_word' id='word_1_189' title='bbox 1234 1336 1350 1374; x_wconf 79' lang='lat' dir='ltr'><strong>simul</strong></span> <span class='ocrx_word' id='word_1_190' title='bbox 1377 1347 1627 1388; x_wconf 89' lang='lat' dir='ltr'><strong>componunt,</strong></span> 
     </span>
     <span class='ocr_line' id='line_1_24' title="bbox 100 1387 1629 1441; baseline 0.003 -16"><span class='ocrx_word' id='word_1_191' title='bbox 100 1401 189 1437; x_wconf 81' lang='lat' dir='ltr'><strong>quae</strong></span> <span class='ocrx_word' id='word_1_192' title='bbox 217 1387 267 1426; x_wconf 93' lang='lat' dir='ltr'><strong>ad</strong></span> <span class='ocrx_word' id='word_1_193' title='bbox 295 1388 563 1426; x_wconf 81' lang='lat' dir='ltr'><strong>Alexandrum</strong></span> <span class='ocrx_word' id='word_1_194' title='bbox 587 1402 709 1439; x_wconf 88' lang='lat' dir='ltr'><strong>usque</strong></span> <span class='ocrx_word' id='word_1_195' title='bbox 734 1403 971 1440; x_wconf 89' lang='lat' dir='ltr'><strong>pervenere:</strong></span> <span class='ocrx_word' id='word_1_196' title='bbox 1010 1389 1080 1427; x_wconf 90' lang='lat' dir='ltr'><strong>sed</strong></span> <span class='ocrx_word' id='word_1_197' title='bbox 1103 1398 1311 1441; x_wconf 88' lang='lat' dir='ltr'><strong>apparatus</strong></span> <span class='ocrx_word' id='word_1_198' title='bbox 1336 1390 1509 1428; x_wconf 89' lang='lat' dir='ltr'><strong>medium</strong></span> <span class='ocrx_word' id='word_1_199' title='bbox 1531 1391 1629 1430; x_wconf 90' lang='lat' dir='ltr'><strong>illud</strong></span> 
     </span>
     <span class='ocr_line' id='line_1_25' title="bbox 103 1442 1630 1496; baseline 0.003 -17"><span class='ocrx_word' id='word_1_200' title='bbox 103 1442 271 1480; x_wconf 88' lang='lat' dir='ltr'><strong>annectit</strong></span> <span class='ocrx_word' id='word_1_201' title='bbox 291 1443 507 1480; x_wconf 86' lang='lat' dir='ltr'><strong>recentiori.</strong></span> <span class='ocrx_word' id='word_1_202' title='bbox 555 1442 655 1480; x_wconf 92' lang='lat' dir='ltr'><strong>Nam</strong></span> <span class='ocrx_word' id='word_1_203' title='bbox 675 1443 715 1481; x_wconf 93' lang='lat' dir='ltr'><strong>in</strong></span> <span class='ocrx_word' id='word_1_204' title='bbox 735 1452 899 1493; x_wconf 90' lang='lat' dir='ltr'><strong>utroque</strong></span> <span class='ocrx_word' id='word_1_205' title='bbox 923 1443 975 1495; x_wconf 92' lang='lat' dir='ltr'><strong>(si</strong></span> <span class='ocrx_word' id='word_1_206' title='bbox 997 1444 1258 1495; x_wconf 87' lang='lat' dir='ltr'><strong>grammaticis</strong></span> <span class='ocrx_word' id='word_1_207' title='bbox 1286 1443 1523 1483; x_wconf 88' lang='lat' dir='ltr'><strong>credendum</strong></span> <span class='ocrx_word' id='word_1_208' title='bbox 1550 1445 1630 1496; x_wconf 89' lang='lat' dir='ltr'><strong>est)</strong></span> 
     </span>
     <span class='ocr_line' id='line_1_26' title="bbox 104 1495 913 1548; baseline 0.002 -15"><span class='ocrx_word' id='word_1_209' title='bbox 104 1495 210 1533; x_wconf 91' lang='lat' dir='ltr'><strong>nulla</strong></span> <span class='ocrx_word' id='word_1_210' title='bbox 227 1495 333 1533; x_wconf 92' lang='lat' dir='ltr'><strong>chori</strong></span> <span class='ocrx_word' id='word_1_211' title='bbox 352 1496 640 1534; x_wconf 90' lang='lat' dir='ltr'><strong>modulamenta</strong></span> <span class='ocrx_word' id='word_1_212' title='bbox 656 1497 913 1548; x_wconf 87' lang='lat' dir='ltr'><strong>reperiuntur.</strong></span> 
     </span>
    </p>

    <p class='ocr_par' dir='ltr' id='par_1_5' title="bbox 101 1548 1632 3004">
     <span class='ocr_line' id='line_1_27' title="bbox 157 1548 1628 1603; baseline 0.002 -16"><span class='ocrx_word' id='word_1_213' title='bbox 157 1548 248 1587; x_wconf 90' lang='lat' dir='ltr'><strong>Non</strong></span> <span class='ocrx_word' id='word_1_214' title='bbox 267 1558 395 1587; x_wconf 76' lang='lat' dir='ltr'><strong>autem</strong></span> <span class='ocrx_word' id='word_1_215' title='bbox 414 1563 499 1588; x_wconf 91' lang='lat' dir='ltr'><strong>esse</strong></span> <span class='ocrx_word' id='word_1_216' title='bbox 514 1551 681 1588; x_wconf 87' lang='lat' dir='ltr'><strong>arbitror</strong></span> <span class='ocrx_word' id='word_1_217' title='bbox 698 1550 866 1589; x_wconf 91' lang='lat' dir='ltr'><strong>alienum</strong></span> <span class='ocrx_word' id='word_1_218' title='bbox 888 1551 927 1589; x_wconf 91' lang='lat' dir='ltr'><strong>in</strong></span> <span class='ocrx_word' id='word_1_219' title='bbox 949 1552 1157 1602; x_wconf 87' lang='lat' dir='ltr'><strong>praesentia</strong></span> <span class='ocrx_word' id='word_1_220' title='bbox 1180 1551 1359 1602; x_wconf 89' lang='lat' dir='ltr'><strong>quaedam</strong></span> <span class='ocrx_word' id='word_1_221' title='bbox 1383 1551 1628 1603; x_wconf 88' lang='lat' dir='ltr'><strong>particulari-</strong></span> 
     </span>
     <span class='ocr_line' id='line_1_28' title="bbox 103 1603 1628 1655; baseline 0.002 -14"><span class='ocrx_word' id='word_1_222' title='bbox 103 1611 163 1641; x_wconf 86' lang='lat' dir='ltr'><strong>ter</strong></span> <span class='ocrx_word' id='word_1_223' title='bbox 190 1603 445 1648; x_wconf 86' lang='lat' dir='ltr'><strong>considerare,</strong></span> <span class='ocrx_word' id='word_1_224' title='bbox 470 1618 558 1654; x_wconf 89' lang='lat' dir='ltr'><strong>quae</strong></span> <span class='ocrx_word' id='word_1_225' title='bbox 582 1604 759 1655; x_wconf 86' lang='lat' dir='ltr'><strong>profecto</strong></span> <span class='ocrx_word' id='word_1_226' title='bbox 781 1604 903 1643; x_wconf 83' lang='lat' dir='ltr'><strong>multa</strong></span> <span class='ocrx_word' id='word_1_227' title='bbox 921 1618 998 1643; x_wconf 89' lang='lat' dir='ltr'><strong>non</strong></span> <span class='ocrx_word' id='word_1_228' title='bbox 1017 1614 1158 1643; x_wconf 88' lang='lat' dir='ltr'><strong>erunt:</strong></span> <span class='ocrx_word' id='word_1_229' title='bbox 1186 1606 1369 1655; x_wconf 90' lang='lat' dir='ltr'><strong>quoniam</strong></span> <span class='ocrx_word' id='word_1_230' title='bbox 1387 1605 1499 1644; x_wconf 85' lang='lat' dir='ltr'><strong>facile</strong></span> <span class='ocrx_word' id='word_1_231' title='bbox 1518 1606 1628 1644; x_wconf 87' lang='lat' dir='ltr'><strong>vide-</strong></span> 
     </span>
     <span class='ocr_line' id='line_1_29' title="bbox 104 1657 1629 1705; baseline 0.003 -11"><span class='ocrx_word' id='word_1_232' title='bbox 104 1665 169 1694; x_wconf 90' lang='lat' dir='ltr'><strong>tur</strong></span> <span class='ocrx_word' id='word_1_233' title='bbox 196 1670 246 1695; x_wconf 85' lang='lat' dir='ltr'><strong>ex</strong></span> <span class='ocrx_word' id='word_1_234' title='bbox 272 1657 458 1696; x_wconf 91' lang='lat' dir='ltr'><strong>hactenus</strong></span> <span class='ocrx_word' id='word_1_235' title='bbox 484 1658 598 1696; x_wconf 91' lang='lat' dir='ltr'><strong>dictis</strong></span> <span class='ocrx_word' id='word_1_236' title='bbox 622 1658 704 1696; x_wconf 88' lang='lat' dir='ltr'><strong>fere</strong></span> <span class='ocrx_word' id='word_1_237' title='bbox 732 1672 866 1697; x_wconf 88' lang='lat' dir='ltr'><strong>omnes</strong></span> <span class='ocrx_word' id='word_1_238' title='bbox 891 1667 975 1697; x_wconf 90' lang='lat' dir='ltr'><strong>tum</strong></span> <span class='ocrx_word' id='word_1_239' title='bbox 1005 1658 1178 1705; x_wconf 86' lang='lat' dir='ltr'><strong>Graecas,</strong></span> <span class='ocrx_word' id='word_1_240' title='bbox 1207 1669 1289 1697; x_wconf 91' lang='lat' dir='ltr'><strong>tum</strong></span> <span class='ocrx_word' id='word_1_241' title='bbox 1311 1659 1471 1698; x_wconf 86' lang='lat' dir='ltr'><strong>Latinas</strong></span> <span class='ocrx_word' id='word_1_242' title='bbox 1499 1660 1629 1698; x_wconf 91' lang='lat' dir='ltr'><strong>metiri</strong></span> 
     </span>
     <span class='ocr_line' id='line_1_30' title="bbox 104 1710 1626 1762; baseline 0.003 -14"><span class='ocrx_word' id='word_1_243' title='bbox 104 1710 327 1755; x_wconf 88' lang='lat' dir='ltr'><strong>comoedias,</strong></span> <span class='ocrx_word' id='word_1_244' title='bbox 351 1711 384 1749; x_wconf 90' lang='lat' dir='ltr'><strong>si</strong></span> <span class='ocrx_word' id='word_1_245' title='bbox 406 1720 625 1762; x_wconf 87' lang='lat' dir='ltr'><strong>temporum</strong></span> <span class='ocrx_word' id='word_1_246' title='bbox 652 1713 869 1762; x_wconf 84' lang='lat' dir='ltr'><strong>praesertim</strong></span> <span class='ocrx_word' id='word_1_247' title='bbox 896 1712 1015 1751; x_wconf 92' lang='lat' dir='ltr'><strong>ullam</strong></span> <span class='ocrx_word' id='word_1_248' title='bbox 1041 1713 1184 1751; x_wconf 87' lang='lat' dir='ltr'><strong>habere</strong></span> <span class='ocrx_word' id='word_1_249' title='bbox 1212 1712 1382 1752; x_wconf 87' lang='lat' dir='ltr'><strong>volueris</strong></span> <span class='ocrx_word' id='word_1_250' title='bbox 1409 1714 1626 1761; x_wconf 77' lang='lat' dir='ltr'><strong>rationem3</strong></span> 
     </span>
     <span class='ocr_line' id='line_1_31' title="bbox 104 1764 1629 1818; baseline 0.003 -16"><span class='ocrx_word' id='word_1_251' title='bbox 104 1764 258 1814; x_wconf 89' lang='lat' dir='ltr'><strong>quando</strong></span> <span class='ocrx_word' id='word_1_252' title='bbox 276 1764 422 1803; x_wconf 88' lang='lat' dir='ltr'><strong>scilicet</strong></span> <span class='ocrx_word' id='word_1_253' title='bbox 439 1765 478 1803; x_wconf 92' lang='lat' dir='ltr'><strong>in</strong></span> <span class='ocrx_word' id='word_1_254' title='bbox 497 1779 612 1803; x_wconf 89' lang='lat' dir='ltr'><strong>scena</strong></span> <span class='ocrx_word' id='word_1_255' title='bbox 630 1765 804 1804; x_wconf 87' lang='lat' dir='ltr'><strong>floruerit</strong></span> <span class='ocrx_word' id='word_1_256' title='bbox 821 1767 1087 1818; x_wconf 89' lang='lat' dir='ltr'><strong>unusquisque</strong></span> <span class='ocrx_word' id='word_1_257' title='bbox 1111 1767 1329 1806; x_wconf 84' lang='lat' dir='ltr'><strong>fabularum</strong></span> <span class='ocrx_word' id='word_1_258' title='bbox 1356 1776 1485 1818; x_wconf 89' lang='lat' dir='ltr'><strong>poeta.</strong></span> <span class='ocrx_word' id='word_1_259' title='bbox 1542 1767 1629 1806; x_wconf 90' lang='lat' dir='ltr'><strong>Pri-</strong></span> 
     </span>
     <span class='ocr_line' id='line_1_32' title="bbox 103 1818 1631 1873; baseline 0.003 -18"><span class='ocrx_word' id='word_1_260' title='bbox 103 1831 207 1856; x_wconf 87' lang='lat' dir='ltr'><strong>mam</strong></span> <span class='ocrx_word' id='word_1_261' title='bbox 227 1818 343 1869; x_wconf 84' lang='lat' dir='ltr'><strong>igitur</strong></span> <span class='ocrx_word' id='word_1_262' title='bbox 364 1819 500 1856; x_wconf 87' lang='lat' dir='ltr'><strong>Romae</strong></span> <span class='ocrx_word' id='word_1_263' title='bbox 521 1819 691 1857; x_wconf 86' lang='lat' dir='ltr'><strong>fabulam</strong></span> <span class='ocrx_word' id='word_1_264' title='bbox 710 1819 803 1858; x_wconf 91' lang='lat' dir='ltr'><strong>dare</strong></span> <span class='ocrx_word' id='word_1_265' title='bbox 824 1820 969 1858; x_wconf 90' lang='lat' dir='ltr'><strong>Lucius</strong></span> <span class='ocrx_word' id='word_1_266' title='bbox 992 1820 1127 1859; x_wconf 89' lang='lat' dir='ltr'><strong>Livius</strong></span> <span class='ocrx_word' id='word_1_267' title='bbox 1155 1821 1307 1872; x_wconf 87' lang='lat' dir='ltr'><strong>occepit</strong></span> <span class='ocrx_word' id='word_1_268' title='bbox 1332 1820 1484 1859; x_wconf 90' lang='lat' dir='ltr'><strong>decimo</strong></span> <span class='ocrx_word' id='word_1_269' title='bbox 1512 1835 1631 1873; x_wconf 83' lang='lat' dir='ltr'><strong>supra</strong></span> 
     </span>
     <span class='ocr_line' id='line_1_33' title="bbox 103 1872 1630 1926; baseline 0.003 -17"><span class='ocrx_word' id='word_1_270' title='bbox 103 1872 456 1922; x_wconf 87' lang='lat' dir='ltr'><strong>quingentesimum</strong></span> <span class='ocrx_word' id='word_1_271' title='bbox 472 1873 580 1910; x_wconf 85' lang='lat' dir='ltr'><strong>urbis</strong></span> <span class='ocrx_word' id='word_1_272' title='bbox 595 1886 719 1911; x_wconf 90' lang='lat' dir='ltr'><strong>anno:</strong></span> <span class='ocrx_word' id='word_1_273' title='bbox 753 1874 1003 1925; x_wconf 91' lang='lat' dir='ltr'><strong>quiquidem,</strong></span> <span class='ocrx_word' id='word_1_274' title='bbox 1020 1874 1149 1912; x_wconf 88' lang='lat' dir='ltr'><strong>Gellio</strong></span> <span class='ocrx_word' id='word_1_275' title='bbox 1164 1883 1275 1919; x_wconf 89' lang='lat' dir='ltr'><strong>teste,</strong></span> <span class='ocrx_word' id='word_1_276' title='bbox 1289 1875 1630 1926; x_wconf 88' lang='lat' dir='ltr'><strong>quinquagesimus</strong></span> 
     </span>
     <span class='ocr_line' id='line_1_34' title="bbox 103 1925 1631 1980; baseline 0.003 -17"><span class='ocrx_word' id='word_1_277' title='bbox 103 1926 294 1964; x_wconf 90' lang='lat' dir='ltr'><strong>secundus</strong></span> <span class='ocrx_word' id='word_1_278' title='bbox 311 1927 360 1964; x_wconf 91' lang='lat' dir='ltr'><strong>ab</strong></span> <span class='ocrx_word' id='word_1_279' title='bbox 375 1927 484 1964; x_wconf 90' lang='lat' dir='ltr'><strong>obitu</strong></span> <span class='ocrx_word' id='word_1_280' title='bbox 503 1925 712 1965; x_wconf 86' lang='lat' dir='ltr'><strong>Menandri</strong></span> <span class='ocrx_word' id='word_1_281' title='bbox 730 1929 1026 1966; x_wconf 90' lang='lat' dir='ltr'><strong>numerabatur:</strong></span> <span class='ocrx_word' id='word_1_282' title='bbox 1057 1928 1245 1979; x_wconf 84' lang='lat' dir='ltr'><strong>vigesimo</strong></span> <span class='ocrx_word' id='word_1_283' title='bbox 1260 1928 1340 1966; x_wconf 86' lang='lat' dir='ltr'><strong>fere</strong></span> <span class='ocrx_word' id='word_1_284' title='bbox 1358 1937 1495 1980; x_wconf 89' lang='lat' dir='ltr'><strong>postea</strong></span> <span class='ocrx_word' id='word_1_285' title='bbox 1513 1943 1631 1980; x_wconf 87' lang='lat' dir='ltr'><strong>quam</strong></span> 
     </span>
     <span class='ocr_line' id='line_1_35' title="bbox 103 1978 1630 2034; baseline 0.003 -18"><span class='ocrx_word' id='word_1_286' title='bbox 103 1978 268 2018; x_wconf 90' lang='lat' dir='ltr'><strong>Romani</strong></span> <span class='ocrx_word' id='word_1_287' title='bbox 282 1980 450 2031; x_wconf 91' lang='lat' dir='ltr'><strong>primum</strong></span> <span class='ocrx_word' id='word_1_288' title='bbox 470 1980 849 2031; x_wconf 85' lang='lat' dir='ltr'><strong>Carthaginiensibus</strong></span> <span class='ocrx_word' id='word_1_289' title='bbox 865 1981 1011 2020; x_wconf 89' lang='lat' dir='ltr'><strong>bellum</strong></span> <span class='ocrx_word' id='word_1_290' title='bbox 1025 1981 1275 2020; x_wconf 79' lang='lat' dir='ltr'><strong>indixissent:</strong></span> <span class='ocrx_word' id='word_1_291' title='bbox 1305 1990 1398 2021; x_wconf 88' lang='lat' dir='ltr'><strong>tunc</strong></span> <span class='ocrx_word' id='word_1_292' title='bbox 1416 1983 1521 2021; x_wconf 90' lang='lat' dir='ltr'><strong>enim</strong></span> <span class='ocrx_word' id='word_1_293' title='bbox 1533 1996 1630 2034; x_wconf 91' lang='lat' dir='ltr'><strong>pace</strong></span> 
     </span>
     <span class='ocr_line' id='line_1_36' title="bbox 101 2034 1630 2087; baseline 0.004 -17"><span class='ocrx_word' id='word_1_294' title='bbox 101 2034 328 2084; x_wconf 86' lang='lat' dir='ltr'><strong>composita,</strong></span> <span class='ocrx_word' id='word_1_295' title='bbox 349 2048 437 2084; x_wconf 88' lang='lat' dir='ltr'><strong>quae</strong></span> <span class='ocrx_word' id='word_1_296' title='bbox 457 2034 602 2085; x_wconf 92' lang='lat' dir='ltr'><strong>populo</strong></span> <span class='ocrx_word' id='word_1_297' title='bbox 621 2044 727 2072; x_wconf 89' lang='lat' dir='ltr'><strong>tanto</strong></span> <span class='ocrx_word' id='word_1_298' title='bbox 743 2049 859 2086; x_wconf 88' lang='lat' dir='ltr'><strong>opere</strong></span> <span class='ocrx_word' id='word_1_299' title='bbox 879 2037 1147 2086; x_wconf 87' lang='lat' dir='ltr'><strong>expetebatur,</strong></span> <span class='ocrx_word' id='word_1_300' title='bbox 1164 2035 1204 2073; x_wconf 92' lang='lat' dir='ltr'><strong>id</strong></span> <span class='ocrx_word' id='word_1_301' title='bbox 1219 2050 1340 2087; x_wconf 91' lang='lat' dir='ltr'><strong>genus</strong></span> <span class='ocrx_word' id='word_1_302' title='bbox 1356 2036 1630 2076; x_wconf 86' lang='lat' dir='ltr'><strong>oblectamenti</strong></span> 
     </span>
     <span class='ocr_line' id='line_1_37' title="bbox 103 2086 1631 2141; baseline 0.003 -17"><span class='ocrx_word' id='word_1_303' title='bbox 103 2086 302 2125; x_wconf 80' lang='lat' dir='ltr'><strong>relaxandi</strong></span> <span class='ocrx_word' id='word_1_304' title='bbox 321 2088 437 2125; x_wconf 88' lang='lat' dir='ltr'><strong>animi</strong></span> <span class='ocrx_word' id='word_1_305' title='bbox 457 2089 581 2139; x_wconf 83' lang='lat' dir='ltr'><strong>gratia</strong></span> <span class='ocrx_word' id='word_1_306' title='bbox 604 2098 803 2139; x_wconf 89' lang='lat' dir='ltr'><strong>receptum</strong></span> <span class='ocrx_word' id='word_1_307' title='bbox 826 2097 898 2127; x_wconf 91' lang='lat' dir='ltr'><strong>est.</strong></span> <span class='ocrx_word' id='word_1_308' title='bbox 947 2089 1101 2127; x_wconf 86' lang='lat' dir='ltr'><strong>Deinde</strong></span> <span class='ocrx_word' id='word_1_309' title='bbox 1120 2090 1246 2141; x_wconf 87' lang='lat' dir='ltr'><strong>spatio</strong></span> <span class='ocrx_word' id='word_1_310' title='bbox 1272 2103 1413 2128; x_wconf 89' lang='lat' dir='ltr'><strong>novem</strong></span> <span class='ocrx_word' id='word_1_311' title='bbox 1441 2104 1631 2129; x_wconf 90' lang='lat' dir='ltr'><strong>annorum</strong></span> 
     </span>
     <span class='ocr_line' id='line_1_38' title="bbox 104 2140 1630 2194; baseline 0.003 -16"><span class='ocrx_word' id='word_1_312' title='bbox 104 2140 321 2192; x_wconf 89' lang='lat' dir='ltr'><strong>interjecto,</strong></span> <span class='ocrx_word' id='word_1_313' title='bbox 341 2140 386 2179; x_wconf 90' lang='lat' dir='ltr'><strong>C.</strong></span> <span class='ocrx_word' id='word_1_314' title='bbox 410 2141 572 2180; x_wconf 86' lang='lat' dir='ltr'><strong>Naevius</strong></span> <span class='ocrx_word' id='word_1_315' title='bbox 601 2142 693 2180; x_wconf 88' lang='lat' dir='ltr'><strong>data</strong></span> <span class='ocrx_word' id='word_1_316' title='bbox 715 2143 846 2181; x_wconf 90' lang='lat' dir='ltr'><strong>fabula</strong></span> <span class='ocrx_word' id='word_1_317' title='bbox 864 2143 1065 2194; x_wconf 86' lang='lat' dir='ltr'><strong>spectandi</strong></span> <span class='ocrx_word' id='word_1_318' title='bbox 1083 2144 1234 2194; x_wconf 89' lang='lat' dir='ltr'><strong>copiam</strong></span> <span class='ocrx_word' id='word_1_319' title='bbox 1256 2143 1360 2182; x_wconf 85' lang='lat' dir='ltr'><strong>fecit.</strong></span> <span class='ocrx_word' id='word_1_320' title='bbox 1417 2144 1513 2183; x_wconf 91' lang='lat' dir='ltr'><strong>Post</strong></span> <span class='ocrx_word' id='word_1_321' title='bbox 1540 2158 1630 2183; x_wconf 89' lang='lat' dir='ltr'><strong>eum</strong></span> 
     </span>
     <span class='ocr_line' id='line_1_39' title="bbox 104 2191 1630 2247; baseline 0.003 -15"><span class='ocrx_word' id='word_1_322' title='bbox 104 2191 279 2241; x_wconf 83' lang='lat' dir='ltr'><strong>Plautus,</strong></span> <span class='ocrx_word' id='word_1_323' title='bbox 300 2209 399 2233; x_wconf 91' lang='lat' dir='ltr'><strong>anno</strong></span> <span class='ocrx_word' id='word_1_324' title='bbox 419 2195 500 2234; x_wconf 88' lang='lat' dir='ltr'><strong>fere</strong></span> <span class='ocrx_word' id='word_1_325' title='bbox 520 2196 671 2234; x_wconf 90' lang='lat' dir='ltr'><strong>decimo</strong></span> <span class='ocrx_word' id='word_1_326' title='bbox 689 2197 845 2247; x_wconf 92' lang='lat' dir='ltr'><strong>quinto:</strong></span> <span class='ocrx_word' id='word_1_327' title='bbox 875 2197 1038 2235; x_wconf 90' lang='lat' dir='ltr'><strong>subinde</strong></span> <span class='ocrx_word' id='word_1_328' title='bbox 1058 2197 1227 2235; x_wconf 89' lang='lat' dir='ltr'><strong>seriatim</strong></span> <span class='ocrx_word' id='word_1_329' title='bbox 1246 2196 1299 2240; x_wconf 85' lang='lat' dir='ltr'><strong>Q.</strong></span> <span class='ocrx_word' id='word_1_330' title='bbox 1320 2197 1482 2244; x_wconf 88' lang='lat' dir='ltr'><strong>Ennius,</strong></span> <span class='ocrx_word' id='word_1_331' title='bbox 1502 2197 1630 2238; x_wconf 84' lang='lat' dir='ltr'><strong>Caeci-</strong></span> 
     </span>
     <span class='ocr_line' id='line_1_40' title="bbox 103 2246 1632 2302; baseline 0.003 -16"><span class='ocrx_word' id='word_1_332' title='bbox 103 2246 191 2294; x_wconf 88' lang='lat' dir='ltr'><strong>lius,</strong></span> <span class='ocrx_word' id='word_1_333' title='bbox 211 2257 250 2286; x_wconf 91' lang='lat' dir='ltr'><strong>et</strong></span> <span class='ocrx_word' id='word_1_334' title='bbox 269 2249 475 2287; x_wconf 89' lang='lat' dir='ltr'><strong>Terentius</strong></span> <span class='ocrx_word' id='word_1_335' title='bbox 496 2249 685 2288; x_wconf 87' lang='lat' dir='ltr'><strong>floruere:</strong></span> <span class='ocrx_word' id='word_1_336' title='bbox 715 2259 850 2302; x_wconf 90' lang='lat' dir='ltr'><strong>postea</strong></span> <span class='ocrx_word' id='word_1_337' title='bbox 867 2264 944 2289; x_wconf 92' lang='lat' dir='ltr'><strong>non</strong></span> <span class='ocrx_word' id='word_1_338' title='bbox 961 2251 1085 2289; x_wconf 90' lang='lat' dir='ltr'><strong>multo</strong></span> <span class='ocrx_word' id='word_1_339' title='bbox 1104 2251 1310 2295; x_wconf 88' lang='lat' dir='ltr'><strong>Pacuvius,</strong></span> <span class='ocrx_word' id='word_1_340' title='bbox 1327 2252 1392 2301; x_wconf 92' lang='lat' dir='ltr'><strong>qui</strong></span> <span class='ocrx_word' id='word_1_341' title='bbox 1405 2252 1489 2302; x_wconf 90' lang='lat' dir='ltr'><strong>jam</strong></span> <span class='ocrx_word' id='word_1_342' title='bbox 1508 2266 1632 2291; x_wconf 84' lang='lat' dir='ltr'><strong>senex</strong></span> 
     </span>
     <span class='ocr_line' id='line_1_41' title="bbox 106 2301 1629 2356; baseline 0.003 -16"><span class='ocrx_word' id='word_1_343' title='bbox 106 2301 228 2340; x_wconf 85' lang='lat' dir='ltr'><strong>Accio</strong></span> <span class='ocrx_word' id='word_1_344' title='bbox 247 2304 375 2341; x_wconf 89' lang='lat' dir='ltr'><strong>cessit.</strong></span> <span class='ocrx_word' id='word_1_345' title='bbox 422 2303 625 2342; x_wconf 88' lang='lat' dir='ltr'><strong>Postremo</strong></span> <span class='ocrx_word' id='word_1_346' title='bbox 643 2304 817 2343; x_wconf 89' lang='lat' dir='ltr'><strong>Lucilius</strong></span> <span class='ocrx_word' id='word_1_347' title='bbox 836 2305 921 2350; x_wconf 83' lang='lat' dir='ltr'><strong>fuit,</strong></span> <span class='ocrx_word' id='word_1_348' title='bbox 942 2305 1008 2355; x_wconf 92' lang='lat' dir='ltr'><strong>qui</strong></span> <span class='ocrx_word' id='word_1_349' title='bbox 1027 2305 1197 2343; x_wconf 87' lang='lat' dir='ltr'><strong>medium</strong></span> <span class='ocrx_word' id='word_1_350' title='bbox 1223 2305 1319 2343; x_wconf 88' lang='lat' dir='ltr'><strong>illud</strong></span> <span class='ocrx_word' id='word_1_351' title='bbox 1346 2314 1629 2356; x_wconf 88' lang='lat' dir='ltr'><strong>argumentum,</strong></span> 
     </span>
     <span class='ocr_line' id='line_1_42' title="bbox 105 2354 1632 2410; baseline 0.002 -16"><span class='ocrx_word' id='word_1_352' title='bbox 105 2354 299 2395; x_wconf 89' lang='lat' dir='ltr'><strong>lacerandi</strong></span> <span class='ocrx_word' id='word_1_353' title='bbox 318 2357 466 2395; x_wconf 88' lang='lat' dir='ltr'><strong>scilicet</strong></span> <span class='ocrx_word' id='word_1_354' title='bbox 484 2357 646 2396; x_wconf 91' lang='lat' dir='ltr'><strong>aliorum</strong></span> <span class='ocrx_word' id='word_1_355' title='bbox 664 2369 855 2410; x_wconf 87' lang='lat' dir='ltr'><strong>poemata,</strong></span> <span class='ocrx_word' id='word_1_356' title='bbox 877 2360 1109 2397; x_wconf 89' lang='lat' dir='ltr'><strong>sectabatur.</strong></span> <span class='ocrx_word' id='word_1_357' title='bbox 1160 2358 1279 2397; x_wconf 89' lang='lat' dir='ltr'><strong>Hunc</strong></span> <span class='ocrx_word' id='word_1_358' title='bbox 1300 2359 1401 2397; x_wconf 91' lang='lat' dir='ltr'><strong>enim</strong></span> <span class='ocrx_word' id='word_1_359' title='bbox 1421 2359 1573 2398; x_wconf 90' lang='lat' dir='ltr'><strong>Gellius</strong></span> <span class='ocrx_word' id='word_1_360' title='bbox 1591 2361 1632 2398; x_wconf 89' lang='lat' dir='ltr'><strong>in</strong></span> 
     </span>
     <span class='ocr_line' id='line_1_43' title="bbox 106 2408 1631 2463; baseline 0.003 -16"><span class='ocrx_word' id='word_1_361' title='bbox 106 2408 282 2455; x_wconf 89' lang='lat' dir='ltr'><strong>Accium,</strong></span> <span class='ocrx_word' id='word_1_362' title='bbox 303 2419 342 2449; x_wconf 92' lang='lat' dir='ltr'><strong>et</strong></span> <span class='ocrx_word' id='word_1_363' title='bbox 361 2410 574 2450; x_wconf 85' lang='lat' dir='ltr'><strong>Pacuvium</strong></span> <span class='ocrx_word' id='word_1_364' title='bbox 593 2426 733 2463; x_wconf 89' lang='lat' dir='ltr'><strong>magna</strong></span> <span class='ocrx_word' id='word_1_365' title='bbox 750 2412 866 2451; x_wconf 92' lang='lat' dir='ltr'><strong>laude</strong></span> <span class='ocrx_word' id='word_1_366' title='bbox 885 2412 1016 2451; x_wconf 92' lang='lat' dir='ltr'><strong>stilum</strong></span> <span class='ocrx_word' id='word_1_367' title='bbox 1036 2413 1258 2451; x_wconf 86' lang='lat' dir='ltr'><strong>exercuisse</strong></span> <span class='ocrx_word' id='word_1_368' title='bbox 1278 2422 1454 2451; x_wconf 87' lang='lat' dir='ltr'><strong>testatur.</strong></span> <span class='ocrx_word' id='word_1_369' title='bbox 1501 2413 1631 2453; x_wconf 89' lang='lat' dir='ltr'><strong>Fabu-</strong></span> 
     </span>
     <span class='ocr_line' id='line_1_44' title="bbox 106 2462 1631 2518; baseline 0.003 -17"><span class='ocrx_word' id='word_1_370' title='bbox 106 2462 163 2501; x_wconf 88' lang='lat' dir='ltr'><strong>las</strong></span> <span class='ocrx_word' id='word_1_371' title='bbox 183 2464 298 2515; x_wconf 87' lang='lat' dir='ltr'><strong>igitur</strong></span> <span class='ocrx_word' id='word_1_372' title='bbox 318 2465 381 2502; x_wconf 91' lang='lat' dir='ltr'><strong>isti</strong></span> <span class='ocrx_word' id='word_1_373' title='bbox 399 2465 448 2503; x_wconf 90' lang='lat' dir='ltr'><strong>de</strong></span> <span class='ocrx_word' id='word_1_374' title='bbox 467 2465 610 2504; x_wconf 84' lang='lat' dir='ltr'><strong>Graeco</strong></span> <span class='ocrx_word' id='word_1_375' title='bbox 629 2467 770 2517; x_wconf 89' lang='lat' dir='ltr'><strong>petitas</strong></span> <span class='ocrx_word' id='word_1_376' title='bbox 788 2476 1027 2518; x_wconf 88' lang='lat' dir='ltr'><strong>argumento,</strong></span> <span class='ocrx_word' id='word_1_377' title='bbox 1043 2466 1191 2505; x_wconf 86' lang='lat' dir='ltr'><strong>Latinis</strong></span> <span class='ocrx_word' id='word_1_378' title='bbox 1210 2466 1354 2505; x_wconf 89' lang='lat' dir='ltr'><strong>salibus</strong></span> <span class='ocrx_word' id='word_1_379' title='bbox 1374 2467 1532 2506; x_wconf 90' lang='lat' dir='ltr'><strong>condire</strong></span> <span class='ocrx_word' id='word_1_380' title='bbox 1551 2476 1631 2506; x_wconf 90' lang='lat' dir='ltr'><strong>sta-</strong></span> 
     </span>
     <span class='ocr_line' id='line_1_45' title="bbox 107 2518 1630 2571; baseline 0.003 -16"><span class='ocrx_word' id='word_1_381' title='bbox 107 2525 290 2556; x_wconf 83' lang='lat' dir='ltr'><strong>tuerunt:</strong></span> <span class='ocrx_word' id='word_1_382' title='bbox 318 2518 642 2569; x_wconf 88' lang='lat' dir='ltr'><strong>quemadmodum</strong></span> <span class='ocrx_word' id='word_1_383' title='bbox 663 2521 702 2558; x_wconf 92' lang='lat' dir='ltr'><strong>in</strong></span> <span class='ocrx_word' id='word_1_384' title='bbox 721 2520 908 2565; x_wconf 90' lang='lat' dir='ltr'><strong>Terentii,</strong></span> <span class='ocrx_word' id='word_1_385' title='bbox 929 2520 989 2558; x_wconf 89' lang='lat' dir='ltr'><strong>vel</strong></span> <span class='ocrx_word' id='word_1_386' title='bbox 1010 2520 1152 2565; x_wconf 91' lang='lat' dir='ltr'><strong>Plauti,</strong></span> <span class='ocrx_word' id='word_1_387' title='bbox 1178 2535 1265 2571; x_wconf 87' lang='lat' dir='ltr'><strong>quae</strong></span> <span class='ocrx_word' id='word_1_388' title='bbox 1293 2521 1630 2568; x_wconf 82' lang='lat' dir='ltr'><strong>circumferuntur,</strong></span> 
     </span>
     <span class='ocr_line' id='line_1_46' title="bbox 106 2570 1632 2625; baseline 0.003 -17"><span class='ocrx_word' id='word_1_389' title='bbox 106 2570 247 2609; x_wconf 77' lang='lat' dir='ltr'><strong>fabulis</strong></span> <span class='ocrx_word' id='word_1_390' title='bbox 266 2580 326 2610; x_wconf 82' lang='lat' dir='ltr'><strong>est</strong></span> <span class='ocrx_word' id='word_1_391' title='bbox 345 2573 478 2611; x_wconf 88' lang='lat' dir='ltr'><strong>videre</strong></span> <span class='ocrx_word' id='word_1_392' title='bbox 496 2587 505 2610; x_wconf 76' lang='grc' dir='ltr'>ε</span> <span class='ocrx_word' id='word_1_393' title='bbox 534 2587 751 2624; x_wconf 85' lang='lat' dir='ltr'><strong>novamque</strong></span> <span class='ocrx_word' id='word_1_394' title='bbox 770 2575 925 2625; x_wconf 89' lang='lat' dir='ltr'><strong>penitus</strong></span> <span class='ocrx_word' id='word_1_395' title='bbox 944 2575 1175 2613; x_wconf 88' lang='lat' dir='ltr'><strong>comoediam</strong></span> <span class='ocrx_word' id='word_1_396' title='bbox 1203 2583 1296 2612; x_wconf 89' lang='lat' dir='ltr'><strong>sunt</strong></span> <span class='ocrx_word' id='word_1_397' title='bbox 1314 2575 1466 2620; x_wconf 82' lang='lat' dir='ltr'><strong>imitati,</strong></span> <span class='ocrx_word' id='word_1_398' title='bbox 1485 2575 1632 2614; x_wconf 89' lang='lat' dir='ltr'><strong>nullam</strong></span> 
     </span>
     <span class='ocr_line' id='line_1_47' title="bbox 109 2624 1631 2679; baseline 0.004 -17"><span class='ocrx_word' id='word_1_399' title='bbox 109 2624 216 2662; x_wconf 89' lang='lat' dir='ltr'><strong>chori</strong></span> <span class='ocrx_word' id='word_1_400' title='bbox 243 2624 484 2665; x_wconf 90' lang='lat' dir='ltr'><strong>modulantes</strong></span> <span class='ocrx_word' id='word_1_401' title='bbox 511 2627 765 2666; x_wconf 79' lang='lat' dir='ltr'><strong>cantilenam:</strong></span> <span class='ocrx_word' id='word_1_402' title='bbox 803 2628 873 2667; x_wconf 90' lang='lat' dir='ltr'><strong>sed</strong></span> <span class='ocrx_word' id='word_1_403' title='bbox 896 2637 1006 2667; x_wconf 90' lang='lat' dir='ltr'><strong>actus</strong></span> <span class='ocrx_word' id='word_1_404' title='bbox 1030 2628 1092 2679; x_wconf 88' lang='lat' dir='ltr'><strong>(ut</strong></span> <span class='ocrx_word' id='word_1_405' title='bbox 1115 2629 1169 2667; x_wconf 91' lang='lat' dir='ltr'><strong>ait</strong></span> <span class='ocrx_word' id='word_1_406' title='bbox 1193 2627 1430 2679; x_wconf 87' lang='lat' dir='ltr'><strong>Porphyrio)</strong></span> <span class='ocrx_word' id='word_1_407' title='bbox 1449 2629 1631 2668; x_wconf 89' lang='lat' dir='ltr'><strong>tibiarum</strong></span> 
     </span>
     <span class='ocr_line' id='line_1_48' title="bbox 109 2679 1631 2734; baseline 0.005 -19"><span class='ocrx_word' id='word_1_408' title='bbox 109 2687 300 2717; x_wconf 88' lang='lat' dir='ltr'><strong>concentu</strong></span> <span class='ocrx_word' id='word_1_409' title='bbox 330 2679 567 2719; x_wconf 90' lang='lat' dir='ltr'><strong>dirimentes.</strong></span> <span class='ocrx_word' id='word_1_410' title='bbox 624 2681 705 2720; x_wconf 91' lang='lat' dir='ltr'><strong>Ubi</strong></span> <span class='ocrx_word' id='word_1_411' title='bbox 733 2696 864 2732; x_wconf 86' lang='lat' dir='ltr'><strong>operae</strong></span> <span class='ocrx_word' id='word_1_412' title='bbox 894 2682 1061 2734; x_wconf 90' lang='lat' dir='ltr'><strong>pretium</strong></span> <span class='ocrx_word' id='word_1_413' title='bbox 1092 2691 1153 2720; x_wconf 89' lang='lat' dir='ltr'><strong>est</strong></span> <span class='ocrx_word' id='word_1_414' title='bbox 1182 2682 1490 2721; x_wconf 83' lang='lat' dir='ltr'><strong>animadvertere</strong></span> <span class='ocrx_word' id='word_1_415' title='bbox 1516 2684 1631 2722; x_wconf 85' lang='lat' dir='ltr'><strong>tibias</strong></span> 
     </span>
     <span class='ocr_line' id='line_1_49' title="bbox 109 2731 1631 2787; baseline 0.005 -18"><span class='ocrx_word' id='word_1_416' title='bbox 109 2731 217 2770; x_wconf 87' lang='lat' dir='ltr'><strong>chori</strong></span> <span class='ocrx_word' id='word_1_417' title='bbox 231 2733 502 2784; x_wconf 87' lang='lat' dir='ltr'><strong>proprietatem</strong></span> <span class='ocrx_word' id='word_1_418' title='bbox 516 2735 704 2774; x_wconf 89' lang='lat' dir='ltr'><strong>aemulari.</strong></span> <span class='ocrx_word' id='word_1_419' title='bbox 743 2735 846 2774; x_wconf 86' lang='lat' dir='ltr'><strong>Nam</strong></span> <span class='ocrx_word' id='word_1_420' title='bbox 860 2735 923 2786; x_wconf 93' lang='lat' dir='ltr'><strong>(ut</strong></span> <span class='ocrx_word' id='word_1_421' title='bbox 937 2745 1071 2774; x_wconf 90' lang='lat' dir='ltr'><strong>auctor</strong></span> <span class='ocrx_word' id='word_1_422' title='bbox 1089 2745 1150 2774; x_wconf 92' lang='lat' dir='ltr'><strong>est</strong></span> <span class='ocrx_word' id='word_1_423' title='bbox 1167 2735 1367 2786; x_wconf 88' lang='lat' dir='ltr'><strong>Donatus)</strong></span> <span class='ocrx_word' id='word_1_424' title='bbox 1380 2750 1469 2787; x_wconf 83' lang='lat' dir='ltr'><strong>quae</strong></span> <span class='ocrx_word' id='word_1_425' title='bbox 1486 2737 1631 2777; x_wconf 79' lang='lat' dir='ltr'><strong>sabulae</strong></span> 
     </span>
     <span class='ocr_line' id='line_1_50' title="bbox 108 2786 1629 2842; baseline 0.005 -20"><span class='ocrx_word' id='word_1_426' title='bbox 108 2799 247 2836; x_wconf 85' lang='lat' dir='ltr'><strong>graves</strong></span> <span class='ocrx_word' id='word_1_427' title='bbox 278 2786 511 2826; x_wconf 90' lang='lat' dir='ltr'><strong>haberentur</strong></span> <span class='ocrx_word' id='word_1_428' title='bbox 538 2798 576 2826; x_wconf 93' lang='lat' dir='ltr'><strong>et</strong></span> <span class='ocrx_word' id='word_1_429' title='bbox 604 2803 764 2834; x_wconf 83' lang='lat' dir='ltr'><strong>severae,</strong></span> <span class='ocrx_word' id='word_1_430' title='bbox 794 2790 899 2828; x_wconf 89' lang='lat' dir='ltr'><strong>tibiis</strong></span> <span class='ocrx_word' id='word_1_431' title='bbox 927 2790 1077 2828; x_wconf 85' lang='lat' dir='ltr'><strong>dextris</strong></span> <span class='ocrx_word' id='word_1_432' title='bbox 1105 2790 1167 2841; x_wconf 86' lang='lat' dir='ltr'><strong>agi</strong></span> <span class='ocrx_word' id='word_1_433' title='bbox 1193 2799 1500 2829; x_wconf 87' lang='lat' dir='ltr'><strong>consueverunt:</strong></span> <span class='ocrx_word' id='word_1_434' title='bbox 1539 2805 1629 2842; x_wconf 85' lang='lat' dir='ltr'><strong>quae</strong></span> 
     </span>
     <span class='ocr_line' id='line_1_51' title="bbox 109 2839 1628 2893; baseline 0.005 -17"><span class='ocrx_word' id='word_1_435' title='bbox 109 2851 203 2877; x_wconf 78' lang='lat' dir='ltr'><strong>vero</strong></span> <span class='ocrx_word' id='word_1_436' title='bbox 218 2839 319 2890; x_wconf 88' lang='lat' dir='ltr'><strong>jocis</strong></span> <span class='ocrx_word' id='word_1_437' title='bbox 338 2849 379 2878; x_wconf 88' lang='lat' dir='ltr'><strong>et</strong></span> <span class='ocrx_word' id='word_1_438' title='bbox 396 2841 542 2880; x_wconf 86' lang='lat' dir='ltr'><strong>urbane</strong></span> <span class='ocrx_word' id='word_1_439' title='bbox 561 2842 676 2881; x_wconf 90' lang='lat' dir='ltr'><strong>dictis</strong></span> <span class='ocrx_word' id='word_1_440' title='bbox 693 2844 864 2893; x_wconf 90' lang='lat' dir='ltr'><strong>undique</strong></span> <span class='ocrx_word' id='word_1_441' title='bbox 884 2852 1088 2888; x_wconf 89' lang='lat' dir='ltr'><strong>scaterent,</strong></span> <span class='ocrx_word' id='word_1_442' title='bbox 1108 2843 1291 2882; x_wconf 88' lang='lat' dir='ltr'><strong>continuo</strong></span> <span class='ocrx_word' id='word_1_443' title='bbox 1309 2845 1486 2883; x_wconf 85' lang='lat' dir='ltr'><strong>sinistris.</strong></span> <span class='ocrx_word' id='word_1_444' title='bbox 1535 2845 1628 2884; x_wconf 92' lang='lat' dir='ltr'><strong>Pol-</strong></span> 
     </span>
     <span class='ocr_line' id='line_1_52' title="bbox 109 2891 1630 2949; baseline 0.005 -19"><span class='ocrx_word' id='word_1_445' title='bbox 109 2891 180 2930; x_wconf 87' lang='lat' dir='ltr'><strong>lux</strong></span> <span class='ocrx_word' id='word_1_446' title='bbox 206 2894 309 2932; x_wconf 89' lang='lat' dir='ltr'><strong>enim</strong></span> <span class='ocrx_word' id='word_1_447' title='bbox 337 2903 472 2933; x_wconf 87' lang='lat' dir='ltr'><strong>auctor</strong></span> <span class='ocrx_word' id='word_1_448' title='bbox 497 2903 559 2934; x_wconf 88' lang='lat' dir='ltr'><strong>est</strong></span> <span class='ocrx_word' id='word_1_449' title='bbox 580 2897 750 2948; x_wconf 88' lang='lat' dir='ltr'><strong>quinque</strong></span> <span class='ocrx_word' id='word_1_450' title='bbox 770 2897 862 2936; x_wconf 90' lang='lat' dir='ltr'><strong>olim</strong></span> <span class='ocrx_word' id='word_1_451' title='bbox 878 2898 918 2936; x_wconf 91' lang='lat' dir='ltr'><strong>in</strong></span> <span class='ocrx_word' id='word_1_452' title='bbox 937 2911 1051 2936; x_wconf 91' lang='lat' dir='ltr'><strong>scena</strong></span> <span class='ocrx_word' id='word_1_453' title='bbox 1071 2897 1212 2948; x_wconf 77' lang='lat' dir='ltr'><strong>januas</strong></span> <span class='ocrx_word' id='word_1_454' title='bbox 1234 2898 1436 2944; x_wconf 82' lang='lat' dir='ltr'><strong>extitisse;</strong></span> <span class='ocrx_word' id='word_1_455' title='bbox 1466 2911 1630 2949; x_wconf 89' lang='lat' dir='ltr'><strong>quarum</strong></span> 
     </span>
     <span class='ocr_line' id='line_1_53' title="bbox 109 2946 1629 3004; baseline 0.004 -19"><span class='ocrx_word' id='word_1_456' title='bbox 109 2946 238 2986; x_wconf 88' lang='lat' dir='ltr'><strong>media</strong></span> <span class='ocrx_word' id='word_1_457' title='bbox 256 2947 359 2987; x_wconf 90' lang='lat' dir='ltr'><strong>illius</strong></span> <span class='ocrx_word' id='word_1_458' title='bbox 377 2949 533 2988; x_wconf 90' lang='lat' dir='ltr'><strong>omuino</strong></span> <span class='ocrx_word' id='word_1_459' title='bbox 550 2949 787 2991; x_wconf 87' lang='lat' dir='ltr'><strong>domicilium</strong></span> <span class='ocrx_word' id='word_1_460' title='bbox 805 2961 920 2998; x_wconf 88' lang='lat' dir='ltr'><strong>esset,</strong></span> <span class='ocrx_word' id='word_1_461' title='bbox 940 2952 1007 3002; x_wconf 91' lang='lat' dir='ltr'><strong>qui</strong></span> <span class='ocrx_word' id='word_1_462' title='bbox 1025 2951 1170 3003; x_wconf 84' lang='lat' dir='ltr'><strong>primas</strong></span> <span class='ocrx_word' id='word_1_463' title='bbox 1186 2952 1227 2991; x_wconf 86' lang='lat' dir='ltr'><strong>in</strong></span> <span class='ocrx_word' id='word_1_464' title='bbox 1246 2952 1377 2991; x_wconf 83' lang='lat' dir='ltr'><strong>sabula</strong></span> <span class='ocrx_word' id='word_1_465' title='bbox 1402 2962 1533 3004; x_wconf 87' lang='lat' dir='ltr'><strong>partes</strong></span> <span class='ocrx_word' id='word_1_466' title='bbox 1559 2953 1629 2991; x_wconf 87' lang='lat' dir='ltr'><strong>ha—</strong></span> 
     </span>
    </p>
   </div>
  </div>
 </body>
</html>
