1852 3216
107 147 247 178 senna
268 134 337 191 u.]

695 136 1054 182 PHORMIO.

1537 143 1626 187 571.

163 225 243 267 Eis
262 225 448 268 nubant:
479 224 813 271 etillosdncere
832 228 983 271 eadem
1002 224 1102 273 haec'
1114 228 1185 273 lex
1197 230 1337 287 jubet.

162 290 263 347 Ego
281 299 325 333 te
344 299 575 348 cognatum
591 293 745 345 dicam,
765 301 810 336 et
826 294 905 336 tibi
925 295 1108 338 scribam
1126 295 1292 339 dicam:

162 355 394 399 Paternum
414 358 592 400 amicum
610 373 678 401 me
698 358 954 403 assimulabo
974 361 1171 417 virginis:

160 421 234 464 Ad
249 423 418 478 judices
438 425 652 466 veniemus
669 441 679 466 :
710 425 784 480 qui
802 424 935 468 fuerit
952 434 1092 482 pater,

104 495 147 526 80
162 487 275 536 Quae
292 497 441 540 mater,
462 491 536 545 q'ui
553 498 735 545 cognata
754 491 831 532 tibi
852 491 920 541 sit,
941 493 1079 534 omnia
1097 491 1191 535 haec

160 553 440 610 Confingam:
470 555 588 610 quod
608 556 689 598 erit
707 556 808 598 mihi
827 557 986 599 bonum
1005 565 1134 613 atque
1155 558 1435 609 commodum,

160 619 308 667 Quum
327 628 373 661 tu
394 620 546 662 horum
565 620 670 662 nihil
690 621 872 672 refelles,
894 623 1058 665 vincam
1077 623 1252 666 scilicet.

158 684 290 727 Pater
309 685 470 728 aderit:
501 686 604 728 mihi
621 695 783 743 paratae
801 686 921 730 lites:
951 689 1056 744 quid
1075 690 1199 731 mea?

103 866 185 896 Orba
202 867 336 904 pro-rimo
354 867 458 902 nnbat,
473 867 520 896 vel
538 867 567 896 si
581 876 645 896 eam
659 867 789 896 noluerit
808 866 841 896 in

99 910 320 939 matrimonium
348 910 465 944 ducere,
495 910 547 939 det
574 919 606 939 x.
638 910 743 939 millia.
788 908 840 939 De

98 951 211 982 decem
238 951 350 982 millib.
381 958 467 982 recte
490 951 587 982 etiam
614 950 838 993 Eugraphius3

99 1001 328 1068 2⁰:2¹2ssssssssss
343 994 836 1079 ffimrmmgmdffisgffiffldffi

98 1080 133 1111 ii.
149 1080 189 1111 de
204 1080 346 1111 statutib.
369 1083 431 1112 Sub
442 1083 499 1111 hac
509 1083 674 1112 conditione
684 1082 761 1111 liber
774 1091 837 1112 esse

88 1123 206 1163 jussus,
221 1125 248 1154 n*
268 1126 367 1155 decen
388 1126 484 1154 millia
504 1126 607 1155 heredi
621 1126 747 1155 dederit.
793 1124 837 1154 Et

96 1166 173 1197 alibi
188 1167 273 1209 apud
288 1167 375 1198 alios.
412 1167 492 1198 Inde
509 1167 704 1209 Papinianus
715 1168 835 1202 Quaest.

95 1209 177 1241 lib.
168 1210 201 1241 1i.
218 1210 338 1247 scribit,
362 1211 442 1252 Imp.
466 1211 619 1241 Severum
636 1210 710 1241 filiae
733 1210 836 1241 Flavii

95 1253 311 1294 Athenagorae
331 1253 401 1284 dari
419 1254 552 1294 jussisse
574 1253 680 1284 decies
701 1261 837 1284 centena

96 1296 181 1328 dotis
200 1297 350 1327 nomine:
373 1297 428 1328 lib.
452 1297 492 1327 vi.
509 1298 534 1335 §-
562 1298 588 1327 l.
604 1296 636 1327 fl:
659 1297 699 1327 de
721 1297 836 1328 usuris.

97 1339 142 1370 Et
150 1340 290 1371 Martisl.
300 1339 355 1371 lib.
363 1339 395 1370 ii.
407 1340 519 1381 Epigr.
535 1340 586 1370 65.
598 1340 632 1370 in
643 1339 837 1377 Saleianum,

94 1383 166 1420 lua,
182 1385 238 1414 illa
252 1385 334 1414 dives
355 1389 471 1414 mortua
492 1389 537 1414 est
558 1385 739 1420 Secundilla,
757 1385 833 1414 Cen-

96 1431 165 1457 rena
179 1428 276 1457 decies
291 1437 357 1467 quae
375 1428 432 1457 tibi
445 1428 530 1457 dedit
543 1428 622 1457 dotis
634 1429 650 1456 2
686 1426 833 1457 Juvenal.

97 1469 199 1511 Satyr.
215 1480 247 1500 x.
264 1471 445 1500 aaa-rien
466 1471 564 1500 decies
580 1474 703 1500 centena
717 1471 834 1500 dabun-

95 1518 147 1543 tur
165 1515 308 1553 Antiqua.
354 1513 427 1543 Nou
444 1513 528 1553 quod
549 1513 654 1543 omnis
668 1513 726 1543 dos
747 1512 835 1543 bisce

94 1555 241 1587 terminis
262 1556 503 1597 circumscripta
527 1555 625 1597 (ratio
651 1556 736 1586 enim
763 1556 833 1597 ipsa

93 1598 282 1640 diversaque
306 1599 454 1640 exempla
479 1599 642 1630 diversum
669 1598 831 1630 indicant:

91 1641 147 1673 lib.
163 1642 197 1673 ii.
213 1642 234 1673 1.
253 1643 301 1673 ll.
317 1642 349 1673 st:
361 1642 402 1673 de
417 1642 491 1673 dote
512 1642 600 1684 prael.
624 1642 737 1673 Novel.
753 1642 832 1674 xxii.

92 1695 164 1727 cap.
188 1687 237 1716 18.
260 1685 361 1717 Tacit.
384 1692 528 1716 extremo
550 1685 668 1716 Annal.
691 1685 754 1726 xi.)
776 1685 832 1717 sed

92 1728 177 1768 quod
192 1738 251 1770 pro
265 1739 382 1770 magna
394 1728 532 1771 pecunia
545 1728 613 1759 haec
628 1738 752 1759 summa
766 1728 829 1759 sal-

92 1771 151 1802 tim
172 1771 286 1813 posita.
324 1772 475 1803 Viderint
490 1782 566 1812 ergo
580 1772 635 1813 qui
657 1772 725 1803 baec
737 1771 831 1803 aliter

91 1814 353 1856 interpretantur.
386 1815 422 1846 1..

135 1858 187 1890 76.
199 1860 243 1889 Et
253 1860 321 1889 illos
332 1856 455 1899 ducere]
468 1858 556 1889 Bene
568 1857 730 1889 additum:
747 1857 829 1889 nihil

21 1905 26 1911 ’
93 1901 180 1932 enim
200 1901 242 1932 ad
262 1912 341 1938 rem,
362 1901 390 1932 si
411 1901 549 1932 ducendi
570 1901 744 1932 necessitas
765 1911 830 1933 non

92 1944 214 1975 suisset.
252 1946 368 1976 Eadem
382 1946 445 1975 ἧσο
465 1946 512 1975 Iex
526 1943 635 1985 jubet]
660 1944 736 1975 Non
750 1944 830 1976 duas

89 1997 142 2018 res
159 1988 253 2028 jubet
275 1988 342 2019 haee
366 1998 431 2019 una
445 1987 516 2018 lex:
540 1987 597 2019 sed
618 1987 735 2029 puellis
754 1997 828 2029 per·

89 2031 191 2062 mittit
218 2031 339 2062 nubere
357 2043 364 2062 :
400 2037 553 2071 cognatos
581 2031 668 2072 cogit
700 2030 827 2062 ducere.

89 2075 204 2105 Eade-
219 2076 283 2105 haee
297 2077 344 2105 Iex
356 2073 464 2114 jubet]
483 2074 572 2105 Bene
585 2074 699 2114 jubet.-
721 2074 825 2105 mino-

87 2127 157 2148 rem
172 2117 258 2148 enim
274 2118 340 2148 vim
361 2118 457 2148 habet
472 2127 511 2148 ea
529 2117 592 2154 lex,
614 2127 685 2157 quae
705 2117 826 2158 aliquid

88 2161 255 2202 permittit,
270 2171 365 2201 quam
380 2160 436 2191 illa
447 2170 519 2201 quae
532 2160 653 2200 aliquid
662 2161 764 2200 jubet.
782 2161 824 2191 D.

132 2204 182 2236 77.
195 2206 583 2245 Egotecognanmdim,
590 2205 824 2235 ettibioeriban

89 2246 204 2288 dican]
231 2248 262 2278 A
286 2257 423 2289 persona
441 2248 509 2287 ejus
529 2257 602 2278 cum
626 2257 689 2288 quo
708 2247 823 2288 agitur.

89 2289 200 2321 Potuit
219 2290 305 2321 enim
324 2290 398 2328 dici,
428 2292 510 2324 Quid
534 2301 646 2322 mecu-
670 2296 716 2321 αἱ
740 2293 824 2322 tibi?

89 2333 160 2373 Bgo
185 2338 214 2364 te
238 2339 395 2374 cognatum
423 2335 531 2371 dicam,
557 2339 589 2364 et
614 2335 671 2364 tibi
695 2335 824 2364 scribant

87 2375 203 2417 diem]
216 2376 419 2416 Ἀποστροφὴ
430 2384 462 2407 et
475 2375 626 2414 henoch
655 2377 737 2408 Haec
749 2387 823 2408 nar-

86 2418 169 2450 ratio
181 2426 240 2456 est,
252 2429 347 2460 qnam
361 2420 440 2451 dicit
454 2419 579 2451 Tullius
594 2419 817 2451 constitutam.

86 2468 119 2492 et
130 2461 210 2503 ipse,
224 2464 281 2493 tibi
291 2465 344 2494 nni
351 2474 484 2503 parcan,
495 2463 601 2504 inquit
608 2463 644 2494 in
654 2463 818 2494 Verrinis.

86 2511 221 2546 repente
235 2505 322 2536 enim
337 2506 491 2538 transitur
501 2506 542 2537 ad
558 2507 653 2537 verba
669 2516 820 2548 persona-

85 2557 157 2578 rum
172 2548 213 2579 ab
232 2558 342 2580 eamm
354 2549 586 2591 descriptione:
609 2549 666 2580 sed
686 2549 746 2581 hoc
767 2549 818 2591 ip-

85 2601 157 2621 sum
169 2591 210 2622 ad
220 2592 465 2624 commovendos
476 2592 638 2624 auditores
649 2592 733 2624 valet
747 2593 819 2634 plu-

84 2634 212 2665 rimum.
251 2636 293 2665 Ee
306 2636 364 2665 tibi
376 2637 505 2666 aen’boe-
519 2635 635 2676 dican]
651 2636 682 2667 A
694 2635 820 2667 denun-

84 2677 222 2708 ciatione
248 2677 283 2707 in
307 2687 494 2718 personam:
522 2688 564 2709 ne
588 2678 719 2716 diceret,
744 2679 820 2710 Non

83 2720 165 2751 mihi
179 2720 388 2751 denunciasti.
425 2722 470 2752 Ee
483 2723 542 2752 tibi
554 2723 685 2752 ter-ibant
701 2721 818 2763 dicam]

84 2763 151 2795 Cic.
170 2763 261 2794 Verr.
277 2763 310 2793 ii.
330 2764 378 2794 15.
417 2765 568 2795 Scn’bitur
580 2765 725 2795 Heraclio
737 2766 816 2796 dica.

83 2805 209 2847 Dicam]
227 2807 340 2847 Supra,
356 2807 507 2838 verbum:
529 2806 621 2844 infra,
636 2817 754 2838 nomen
769 2814 819 2839 est

83 2850 217 2881 totidem
246 2849 357 2886 literis,
387 2849 514 2881 diverso
546 2856 688 2881 accentu.
732 2851 817 2882 D.—

86 2893 158 2924 rabi
171 2895 300 2924 scribam
323 2892 439 2934 dim]
461 2892 535 2924 Tibi
553 2892 746 2925 calumniam
764 2893 815 2925 in·

83 2935 188 2968 diam
203 2942 237 2968 et
248 2946 377 2967 causam
392 2935 578 2988 impingam.
608 2936 648 2967 Ε.

128 2979 178 3013 78.
194 2981 358 3012 Paternum
369 2982 496 3012 niem
507 2991 552 3013 ne
560 2981 745 3012 adamlabo
754 2981 817 3012 vir-

862 911 966 950 '⁰PP0

880 864 980 906 ginis]
1006 865 1036 896 A
1058 876 1195 907 persona
1215 865 1389 907 litigantis.
1413 867 1519 908 potnit
1532 868 1620 901 enim

968 908 1011 945 ni,
1028 909 1201 940 Personam
1218 920 1281 940 non
1297 909 1404 941 babes.
1434 911 1476 941 D.

926 953 976 984 79.
996 951 1162 992 Quifioent
1173 951 1279 993 pater]
1299 955 1358 986 Qui
1372 952 1425 984 hic
1439 964 1620 995 pronomen

882 1001 948 1025 est:
972 994 1064 1030 infra,
1080 995 1239 1035 quomodo
1252 996 1420 1036 significat.
1455 997 1496 1028 D.

922 1039 972 1068 80.
993 1040 1067 1071 Quae
1087 1038 1200 1079 mater]
1222 1038 1366 1080 Virginis
1386 1039 1517 1071 scilicet.
1557 1040 1619 1076 Qui

878 1086 1005 1122 cognata
1030 1083 1088 1112 tibi
1113 1081 1171 1122 sit]
1204 1081 1274 1118 Qui,
1301 1083 1468 1122 quomodo,
1495 1090 1530 1114 et
1555 1095 1620 1125 qua

878 1125 1011 1155 ratione.
1044 1126 1150 1155 Omnia
1158 1127 1221 1156 haec
1232 1125 1412 1166 confingam]
1427 1128 1534 1157 Omnia
1544 1129 1617 1165 haec,

879 1177 943 1198 non
967 1178 1009 1198 ex
1034 1168 1209 1199 abundanti
1232 1169 1357 1210 posuit:
1386 1169 1443 1200 sed
1469 1171 1617 1208 oratorie,

879 1210 969 1251 quasi
985 1218 1050 1242 tam
1066 1211 1175 1242 multa.
1199 1211 1243 1242 Et
1254 1219 1304 1242 est
1317 1211 1500 1253 ἀρχαῖσμός.
1530 1214 1617 1246 Nam

879 1261 952 1295 post
964 1254 1239 1285 enumerationem
1251 1262 1375 1286 veteres
1386 1256 1446 1286 hoc
1457 1256 1615 1289 dicebant.

882 1297 1051 1328 Sallustius
1073 1298 1108 1328 in
1132 1298 1292 1339 Jugurtha
1306 1298 1391 1339 (85.)
1414 1300 1494 1331 Haee
1518 1303 1617 1332 οιυιία

877 1342 1023 1380 praesidio
1036 1342 1156 1371 adsunt.
1189 1341 1231 1371 D.

920 1384 971 1414 81.
991 1383 1078 1417 Quod
1096 1383 1173 1424 erit]
1197 1383 1284 1415 Tuto
1300 1383 1424 1424 (Totum
1446 1385 1510 1416 Ms-
1526 1385 1566 1417 B.
1581 1392 1616 1418 et

878 1426 949 1457 edd.
979 1425 1074 1468 vett.)
1100 1427 1292 1468 confingam.
1336 1429 1423 1461 Quod
1450 1431 1511 1460 erit
1538 1432 1614 1461 nihi

879 1471 982 1500 bonum
993 1475 1098 1519 ‘atque
1123 1469 1316 1511 commodum]
1343 1470 1496 1510 Εὐφημία.
1518 1472 1615 1508 Quod

877 1513 968 1550 mihi,
991 1512 1106 1554 inquit,
1129 1513 1270 1544 faustum
1294 1524 1331 1544 ac
1347 1514 1425 1545 felix
1446 1514 1529 1546 erit.
1552 1515 1614 1548 hoc

875 1563 926 1587 est
955 1555 1025 1605 (thoe
1053 1558 1168 1588 scilicet
1199 1557 1264 1596 Z.‚)
1297 1557 1481 1599 confingere
1515 1564 1612 1600 atque

875 1599 1014 1630 mentiri.
1048 1598 1135 1634 Quod
1146 1602 1206 1631 erit
1216 1602 1290 1630 mihi
1305 1602 1419 1639 bonnm,
1422 1607 1521 1650 ‘atque
1534 1613 1614 1633 eom-

874 1642 1006 1683 modun]
1015 1642 1131 1674 Totum
1135 1643 1321 1683 joculariter
1327 1644 1500 1685 parasitus.
1517 1645 1612 1687 qnip-

875 1695 917 1727 pe
935 1685 989 1726 qui
1009 1688 1171 1727 confingam
1193 1686 1314 1724 dicens,
1334 1697 1401 1718 non
1422 1687 1526 1719 solum
1545 1699 1612 1721 non

874 1729 1040 1760 erubuerit
1061 1729 1101 1760 de
1122 1729 1311 1778 falsiloquio,
1335 1731 1393 1761 sed
1413 1731 1503 1771 quasi
1525 1741 1611 1773 pre-

872 1771 950 1803 clari
965 1772 1115 1803 facinoris
1134 1773 1351 1815 inceptionem
1376 1773 1474 1804 etiam
1500 1775 1611 1817 auspi-

872 1821 962 1846 catus
987 1815 1040 1852 sit,
1066 1826 1223 1857 omenque
1248 1817 1436 1858 susceperit,
1462 1817 1610 1856 dicendo,

876 1860 962 1892 Quod
986 1861 1046 1890 erit
1071 1861 1146 1889 mihi
1176 1861 1280 1890 bonum
1303 1864 1393 1900 atque
1420 1863 1610 1894 modu..

873 1901 926 1932 Sic
941 1901 1028 1932 enim
1042 1908 1176 1939 veteres,
1193 1911 1289 1934 ouon
1305 1911 1471 1934 unsrun
1483 1912 1609 1935 nux-

873 1953 943 1977 Qun
961 1953 1028 1982 sir,
1042 1945 1199 1982 dicebant,
1214 1945 1334 1986 aliquid
1563 1948 1609 1980 D.

870 1990 1005 2021 —Quod
1017 1991 1077 2019 erit
1096 1990 1170 2019 wilti
1191 1990 1304 2025 δοκηιι,
1319 1989 1394 2030 αα]
1420 1989 1555 2021 Facile
1543 1997 1609 2023 m

871 2041 943 2071 quae
967 2038 1044 2062 sunt
1067 2031 1242 2068 mendacia,
1263 2042 1335 2072 qnae
1358 2032 1445 2071 (dele
1460 2044 1529 2074 que
1550 2033 1610 2076 Ζ.)

869 2084 929 2115 ego
1064 2082 1122 2110 ,et
1134 2075 1347 2116 comprobabo
1364 2075 1546 2115 judicibus·
1570 2084 1608 2109 tu

868 2117 949 2148 nibil
956 2117 1110 2158 relinquis
1119 2116 1205 2159 (qnia
1215 2124 1249 2149 tu
1257 2120 1335 2149 nim
1341 2118 1467 2159 refelles.
1482 2120 1547 2161 2.).
1564 2120 1606 2152 B.

911 2162 961 2191 82.
981 2162 1078 2194 Quum
1098 2167 1131 2191 tu
1154 2163 1257 2192 hortm
1271 2163 1350 2192 nihil
1371 2161 1506 2204 refelles]
1529 2163 1606 2195 Hoc

866 2203 1094 2244 interrogative
1103 2203 1252 2244 (nume
1265 2204 1318 2244 Z.)
1328 2205 1606 2246 pronunciandum

867 2253 925 2278 est.
959 2246 1106 2287 Reselles]
1120 2246 1296 2284 Βεῆιιεδὶδ,
1312 2247 1494 2289 redargues.
1517 2249 1606 2282 Nam

866 2300 998 2332 prorsus
1020 2289 1166 2331 refluere,
1189 2298 1240 2322 est
1263 2290 1455 2332 redarguere
1478 2292 1601 2325 falsita-

867 2334 1085 2408 mgb-133⁶&
1109 2378 1338 2408 adnm-211⁸·
1359 2384 1480 2417 parata
1505 2380 1599 2412 lites.-

862 2421 1012 2461 quid-:ea
1021 2419 1055 2461 ?]
1072 2420 1159 2451 Mire
1170 2418 1405 2460 ‹scm-panus,
1414 2421 1599 2462 quodmax-

862 2463 927 2494 ime
953 2463 1034 2494 alter
1056 2470 1223 2500 metueret,
1246 2463 1306 2494 hoc
1327 2474 1387 2505 pro
1407 2464 1542 2496 ridicula
1561 2476 1600 2498 re

862 2507 1043 2543 contemsit,
1055 2508 1151 2538 Pater
1160 2508 1281 2538 aderit.-
1301 2509 1376 2537 nihi
1387 2513 1506 2547 parm
1520 2510 1600 2542 lim.

863 2549 1033 2590 Exquisite
1061 2556 1169 2580 autem
1203 2550 1381 2590 subjectum
1410 2557 1471 2588 est.
1499 2562 1600 2593 quum

863 2592 1095 2634 supradixerit,
1104 2594 1186 2624 mhi
1193 2598 1310 2634 parate
1323 2595 1412 2625 lites.-
1508 2598 1599 2628 m!

862 2637 958 2667 Pater
978 2638 1101 2667 aderie:
1122 2638 1196 2667 milei
1213 2642 1333 2676 parate
1354 2638 1424 2668 lius
1466 2637 1510 2669 Ut
1524 2639 1598 2671 An-

861 2678 988 2720 tiphoni
1002 2678 1223 2710 formidanda·
1214 2686 1277 2710 ista
1289 2685 1375 2716 sunt,
1394 2679 1442 2712 ita
1460 2680 1599 2714 ridicula

861 2721 1011 2763 parasito.
1050 2721 1235 2753 D.-Paoer
1258 2722 1377 2763 ader-it]
1406 2723 1480 2755 Hoc
1505 2725 1599 2766 quasi

860 2764 1045 2813 quaestionis
1064 2764 1135 2796 loco
1156 2775 1286 2807 proposi
1181 2773 1356 2806 repositum
1376 2773 1427 2798 est
1447 2776 1469 2799 a
1490 2767 1594 2800 Phor-

860 2807 976 2839 mione.
1021 2807 1085 2839 Sed
1099 2818 1173 2839 cum
1183 2808 1315 2839 duxeris
1329 2819 1472 2849 ιιιοιοιιι,
1486 2811 1596 2844 veniet

859 2858 952 2892 pater
965 2857 999 2882 et
1011 2850 1091 2882 mihi
1102 2850 1193 2882 litem
1205 2851 1360 2883 intendet.
1389 2852 1452 2885 Cu

858 2894 1043 2943 responsio:
1059 2893 1137 2935 quid
1149 2894 1306 2927 intereat?
1321 2895 1594 2946 qnidfflijam

861 2937 948 2968 enim
975 2936 1042 2976 ina,
1070 2947 1166 2979 qnam
1195 2944 1233 2970 tu
1255 2937 1359 2981 cupis,
1383 2938 1434 2973 in
1448 2945 1506 2973 tm
1529 2941 1594 2974 erit

859 2986 1027 3022 potante.
1058 2980 1098 3013 Ε.
