1852 3216
608 121 689 163 DE
727 119 1079 160 TERENTIO.
1498 136 1609 161 xxxv

85 210 330 251 simulacrum
356 207 552 259 quoddam
578 221 623 246 ac
650 208 869 259 imaginem,
895 207 934 244 in
961 218 1077 245 scena
1102 214 1368 257 repraesentat.
1424 206 1543 245 Plane
1561 216 1606 246 ut

85 266 236 317 pictura
262 277 351 314 quae
379 276 403 301 a
428 275 522 300 vero
548 262 642 307 abit,
671 270 711 300 et
737 261 800 299 vel
827 259 1034 299 cubitalem
1061 273 1211 305 nasum,
1237 259 1299 298 vel
1327 260 1534 299 distortum
1561 274 1606 299 os

84 319 208 357 facete
239 325 502 369 repraesentat,
535 316 656 354 risum
686 323 842 353 movet:
871 313 1006 352 similis
1035 313 1215 352 delectat.
1273 313 1403 364 Atque
1428 314 1504 352 hoc
1533 323 1605 361 est,

84 372 189 423 quod
205 385 337 410 omnes
357 371 530 408 tribuunt
549 369 781 413 Menandro,
800 382 916 419 quem
935 367 1142 406 Terentius
1160 368 1365 419 expressit.
1421 366 1478 405 Ut
1498 367 1603 406 Her-

83 439 288 477 mogenes:
326 428 425 474 Παρό
452 441 491 462 τε
518 426 609 475 mirq‘»
641 427 823 474 Μενάνδρῳ
851 424 893 460 ἂν
920 425 1023 472 μυρία
1055 423 1165 472 εὕροις
1195 427 1333 460 τοιαῦτα
1362 425 1418 460 καὶ
1447 426 1607 472 γυναῖκας

81 482 264 530 λεγούσας,
293 482 347 516 καὶ
373 482 566 517 νεανίσκους
595 481 750 527 ἐρῶντας,
779 480 833 515 καὶ
858 479 1050 526 μαγείρους,
1069 479 1123 513 καὶ
1147 478 1335 525 παρθένους
1361 478 1604 526 omnm-opime,

80 537 135 572 καί
146 551 239 573 τινας
256 536 397 572 move·
425 535 514 571 ὅλως
531 550 568 570 τε
594 535 649 570 δαὶ
672 535 713 570 τὸ
737 534 939 569 ὑποπίπτειν
962 535 1010 581 τῷ
1035 531 1138 582 ἠθικῷ
1164 534 1260 581 λόγῳ
1288 533 1342 567 καὶ
1371 535 1439 568 τῶν
1468 533 1604 578 ὁμοίων,

79 591 185 627 ταῦτ-ά
203 605 243 638 γε
259 590 368 625 πάντα
386 588 405 634 ἦ
423 590 506 636 τάγε
521 590 670 624 πλεῖστα
686 589 807 630 αὐτῶν,
827 587 1025 623 ὑποκεῖσθαι
1051 589 1093 631 τῇ
1117 586 1262 633 ἀφελείᾳ
1284 587 1347 622 δεῖ.
1404 583 1604 627 Quemad-

80 642 239 680 modum
260 640 523 691 Hieronymus
546 639 803 678 Menandrum
828 648 868 676 et
892 638 1117 676 Terentium
1145 651 1234 676 cum
1261 637 1432 676 maximo
1454 637 1605 689 judicio

82 695 293 747 conjungit.
341 694 405 732 Ad
427 693 629 732 Paulinum
650 694 772 731 enim:
790 699 914 744 poetae
931 691 1149 730 aemulentur
1163 691 1377 737 Homerum,
1394 690 1605 743 Virgilium,

81 749 345 793 Menandrum,
373 747 593 786 Terentium.
650 747 756 785 Audi
774 746 987 785 orationem
1005 746 1125 797 patris
1144 745 1243 784 irati.
1301 745 1447 784 Heaut.
1468 754 1544 784 act.
1564 759 1603 783 v.
1625 784 1627 786 .

84 817 199 842 scena
219 807 256 841 4.

962 864 1051 894 non,
1069 852 1100 887 si
1113 864 1156 887 ex
1172 852 1287 898 capite
1303 852 1352 887 sis
1367 863 1447 887 meo

176 901 305 943 Natus,
323 900 447 936 itidem
462 906 503 935 ut
518 900 618 935 aiunt
634 899 835 935 Minervam
852 910 927 934 esse
944 911 988 934 ex
1003 899 1110 941 Jove,
1129 911 1170 934 ea
1185 911 1291 935 causa
1305 900 1420 946 magis

177 949 307 991 Patiar,
326 947 499 994 Clitipho,
517 947 659 993 flagitiis
675 947 747 982 tuis
763 958 821 981 me
836 946 1005 981 infamem
1022 946 1108 981 fieri.

85 1010 139 1048 Et
157 1023 244 1059 quae
264 1016 491 1058 sequuntur.
548 1006 655 1045 Audi
674 1006 777 1044 mitis
797 1005 871 1043 viri
890 1006 1021 1056 potius
1040 1019 1156 1055 quam
1174 1005 1290 1044 boni:

175 1071 362 1112 Ausculta,
380 1082 425 1105 ne
442 1081 499 1104 me
516 1069 693 1104 obtundas
711 1068 754 1103 de
770 1068 836 1103 hac
852 1080 891 1103 re
908 1069 1048 1114 saepius.

176 1118 297 1154 Tuum
314 1118 426 1153 filium
441 1116 570 1151 dedisti
586 1115 828 1162 adoptandum
845 1115 944 1150 mihi.

177 1165 214 1201 Is
231 1177 331 1200 meus
348 1170 401 1199 est
417 1164 544 1199 factus.
595 1163 636 1198 Si
652 1162 738 1210 quid
754 1169 889 1208 peccat,
907 1162 1057 1204 Demea,

176 1213 271 1248 Mihi
287 1217 429 1258 peccat:
458 1222 525 1257 ego
541 1210 594 1246 illi
609 1222 812 1245 maxumam
829 1216 963 1255 partem
980 1210 1103 1245 feram.

177 1259 363 1295 Obsonat?
406 1257 535 1293 Potat?
577 1256 661 1293 Olet
676 1259 883 1303 unguenta?
925 1256 983 1292 De
999 1268 1091 1292 meo.

178 1309 311 1342 Amat?
354 1305 509 1340 Dabitur
525 1316 546 1339 a
560 1316 618 1339 me
634 1310 832 1350 argentum,
852 1303 939 1339 dum
954 1304 1021 1340 erit
1037 1302 1288 1339 commodum:

181 1353 254 1389 Ubi
270 1365 344 1388 non
360 1353 439 1394 erit,
457 1352 606 1387 fortasse
622 1350 829 1386 excludetur
844 1351 951 1386 foras.

180 1401 287 1436 Fores
303 1400 465 1444 effregit?
509 1398 767 1434 Restituentur.
815 1397 971 1433 Discidit

178 1447 348 1483 Vestem?
391 1446 627 1481 Resarcietur.
675 1445 741 1480 Est
757 1444 811 1480 dis
826 1445 940 1491 gratia

179 1495 227 1530 Et
241 1494 336 1530 unde
351 1493 428 1529 haec
444 1493 543 1535 fiant,
561 1498 597 1528 et
611 1492 728 1528 adhuc
743 1503 819 1527 non
834 1493 984 1527 molesta
999 1498 1095 1527 sunt.

87 1555 140 1594 Et
159 1554 290 1593 divina
308 1554 394 1592 illa:

363 1605 469 1642 credo
483 1605 622 1641 hercle:
649 1616 733 1639 nam
749 1604 933 1650 ingenim
948 1603 1034 1638 novi
1050 1609 1155 1638 tuum

179 1653 351 1690 Liberale.
401 1652 472 1689 Sed
487 1664 612 1688 vereor
627 1664 673 1687 ne
686 1651 876 1697 indiligens
892 1651 1044 1685 nimium
1060 1651 1140 1686 sies.

179 1701 225 1736 In
241 1713 311 1748 qua
326 1701 469 1736 civitate
483 1699 628 1735 tandem
644 1698 814 1734 arbitrare
829 1704 865 1733 te
881 1698 1023 1733 vivere?

89 1766 143 1804 Et
167 1780 254 1816 quae
281 1766 361 1804 sine
393 1773 503 1803 motu
531 1765 649 1803 animi
680 1772 721 1802 et
750 1763 978 1802 suavissima
1005 1762 1204 1813 voluptate
1236 1761 1314 1813 legi
1343 1775 1420 1800 non
1450 1770 1615 1814 possunt

93 1819 251 1871 Hecyra
264 1849 274 1857 ⁹
553 1869 676 1905 odiosa
690 1870 767 1906 haec
783 1874 837 1905 est
853 1873 939 1904 aetas
954 1867 1247 1903 adolescentulis:

183 1918 214 1953 E
234 1917 350 1954 medio
367 1929 509 1964 aequum
525 1916 693 1952 excedere
709 1924 775 1951 est.
825 1915 1012 1951 Postremo
1023 1915 1099 1961 jam
1117 1926 1183 1950 nos
1199 1914 1320 1950 fabula

185 1964 329 2007 Sumus,
349 1964 545 2011 Pamphile,
564 1976 671 1999 senex
687 1969 794 2011 atque
808 1974 910 1998 anus.

93 2036 146 2075 Et
163 2045 327 2074 caetera:
354 2034 531 2086 pluscula
549 2042 638 2072 sunt
665 2034 779 2072 enim.
837 2032 950 2078 Quis,
971 2045 1059 2070 cum
1078 2030 1144 2069 illa
1160 2031 1394 2071 Phormione
1411 2031 1519 2084 legit,
1536 2045 1614 2071 non

93 2103 256 2129 uxorem
276 2090 475 2128 honestam
493 2088 659 2127 adulteri
676 2087 878 2139 agnoscit?
1515 2090 1520 2093 “

461 2164 506 2186 an
522 2151 711 2198 quicquam
726 2149 834 2185 hodie
849 2154 902 2184 est
918 2148 1053 2183 factum
1068 2146 1275 2192 indignius?

185 2199 258 2243 Qui
273 2199 374 2241 mihi,
392 2199 455 2234 ubi
470 2198 515 2234 ad
532 2210 659 2234 uxores
675 2203 823 2232 ventum
840 2202 906 2238 est,
924 2202 1002 2230 tum
1019 2195 1110 2229 fiunt
1126 2206 1238 2230 senes.

185 2246 353 2283 Haeccine
370 2252 469 2281 erant
485 2246 613 2281 itiouoe
629 2245 761 2280 crebrae
777 2250 811 2279 et
828 2243 1030 2278 mansiones
1046 2241 1193 2277 diutinae

184 2293 333 2329 Lemni?
365 2293 533 2329 Haeccine
549 2298 623 2328 erat
639 2303 719 2339 quae
734 2297 877 2326 nostros
893 2290 1032 2324 fructus
1047 2289 1230 2324 minuebat
1244 2288 1392 2324 vilitas?

185 2340 306 2384 Quid?
334 2352 401 2387 ego
417 2352 520 2386 aequo
537 2340 657 2375 animo
675 2339 781 2384 cupio
796 2338 925 2373 misera
940 2337 978 2371 in
993 2336 1059 2371 hac
1076 2348 1113 2371 re
1122 2336 1325 2381 defungier.

185 2387 255 2424 Sed
271 2388 355 2435 quid
372 2399 508 2433 sperem
522 2389 535 2421 ?
562 2393 664 2422 aetate
681 2397 790 2432 porro
806 2385 925 2420 minus
942 2390 1170 2429 peccaturum
1186 2385 1333 2429 putem?

185 2434 268 2470 Jam
284 2442 361 2470 tum
378 2441 452 2469 erat
468 2446 588 2476 senex,
608 2440 770 2469 senectus
787 2432 817 2467 si
833 2430 1053 2467 verecundos
1071 2431 1167 2466 facit.

186 2481 247 2516 An
261 2493 340 2516 mea
354 2481 468 2516 forma
483 2488 519 2524 at
545 2493 589 2516 ue
605 2487 689 2516 aetas
700 2480 774 2526 jam
792 2480 905 2523 magis
921 2477 1117 2524 expetenda
1132 2482 1198 2519 est,
1216 2476 1422 2522 Demipho?

187 2526 283 2571 Quid
293 2528 380 2564 mihi
388 2540 484 2564 nunc
540 2540 607 2570 ers,
617 2527 848 2575 quamobrem
858 2532 1071 2572 exspectem,
1080 2532 1142 2560 aut
1152 2536 1302 2570 sperem,
1312 2535 1419 2570 porro
1429 2534 1503 2559 non
1511 2523 1609 2559 fore?

97 2597 150 2635 Et
167 2597 472 2648 quandoquidem
498 2598 735 2650 simplicitas,
756 2597 926 2635 maxima
951 2604 1112 2634 moratae
1141 2595 1325 2633 orationis
1345 2594 1480 2639 virtus,
1501 2594 1534 2632 si
1552 2595 1611 2633 in-

98 2651 289 2697 tendatur,
309 2653 534 2690 suavitatem
552 2652 678 2704 parit3
708 2665 823 2690 nemo
842 2651 923 2689 sine
949 2648 1164 2688 incredibili
1182 2662 1228 2686 ac
1246 2662 1396 2687 summa
1413 2648 1612 2701 voluptate

98 2704 194 2743 illud
211 2705 412 2744 Bacchidis
429 2706 554 2758 leget:

463 2773 468 2786 ε
1019 2759 1115 2790 recte
1130 2754 1269 2796 amasti,
1286 2753 1483 2800 Pamphile,

191 2802 349 2839 Uxorem
365 2811 476 2839 tuam.
526 2803 620 2840 Nam
635 2815 820 2852 nunquam
835 2809 918 2839 ante
932 2802 1025 2837 hanc
1047 2801 1142 2836 diem
1162 2801 1251 2836 meis
1272 2801 1386 2837 oculis
1407 2813 1497 2845 eam,
1516 2801 1614 2849 quod

259 2862 414 2893 nossem,
431 2850 599 2887 videram.

190 2895 410 2933 Perliberalis
425 2898 503 2933 visa
516 2904 581 2934 est.

104 2955 275 3007 Ideoque
294 2957 436 2996 fabulae
455 2957 713 3004 Terentianae,
737 2958 949 2997 doctiorem
978 2955 1216 3003 histrionem,
1236 2969 1351 3006 quam
1379 2955 1614 3006 reliquorum
