1852 3216
598 179 675 221 IN
715 178 1154 222 EUNUCHUM.

1572 184 1651 223 129

170 280 207 309 10
226 271 371 326 Atque
393 285 417 311 a
440 269 670 312 Thesauro
693 269 878 324 scripsit,
901 283 1074 310 causam
1096 269 1240 311 dicere

221 335 365 385 Prius,
386 335 502 376 unde
518 335 696 390 petitur,
719 348 870 375 aurum
888 347 1022 388 quare
1044 333 1098 374 sit
1120 348 1259 383 suum,

222 399 364 447 Quam
386 398 455 440 ille
476 399 549 452 qui
570 399 694 453 petit,
718 398 832 439 unde
854 398 890 439 is
912 398 967 438 sit
988 397 1217 439 thesaurus
1239 398 1335 447 sibi,

221 463 315 505 Aut
335 463 450 505 unde
470 463 512 504 in
533 463 719 518 patrium
738 469 1059 504 monumentum
1079 463 1338 517 pervenerit.

107 560 161 589 sed
183 560 231 588 his
253 559 350 597 siguis
377 559 450 588 velit
473 559 637 594 ostendere,
661 567 749 598 quam
774 559 859 588 dicat

107 603 221 638 vitiose,
231 606 287 631 etc.
294 600 321 639 );
343 600 400 631 sed
410 600 461 631 his
472 599 575 640 signis
586 580 664 630 velit
676 600 857 637 ostendere,

108 653 204 684 quem
234 643 320 674 dicat
358 642 474 673 vitiose
508 642 694 673 thesaurum
725 653 857 684 compo-

107 686 230 717 suisse:
255 692 292 716 ut
309 685 344 716 in
367 685 518 716 thesauro
540 685 583 715 sit
605 685 711 726 culpa,
734 695 800 716 non
823 685 857 716 in

108 728 299 776 phasmate?
340 728 430 758 Nunc
445 738 540 767 nuper
555 727 657 768 dedit]
682 729 799 768 Nuper,
816 738 857 759 ex

107 771 173 802 illis
195 771 302 802 verbis
318 777 376 807 est,
400 780 472 810 quae
493 776 619 801 veteres
641 777 774 812 propter
788 780 856 801 am-

108 813 300 862 biguitatem
329 823 403 844 cum
433 812 614 852 adjectione
641 813 856 854 proferebant.

110 856 197 887 Nam
219 855 282 886 nisi
299 856 432 886 adderet
446 866 548 885 nunc·
536 877 545 890 ,
571 855 631 886 hoc
648 866 752 894 nuper,
769 855 856 892 olim,

109 898 246 939 pridem,
270 905 302 929 et
322 899 389 938 jam
413 897 636 938 significasset.
681 899 765 928 Idem
786 899 855 928 Me-

108 943 220 971 nandri
237 942 368 972 Phasma
388 951 466 970 nune
488 951 583 979 nuper
605 940 706 981 dedit]
733 940 858 979 (Verba

107 984 277 1024 sequentia
289 993 354 1014 non
366 989 444 1014 sunt
458 982 594 1022 Donati)
607 982 702 1013 Hanc
715 982 856 1013 fabulam

110 1031 211 1057 totam
226 1026 367 1062 damnat,
384 1032 420 1056 ut
435 1030 580 1066 apparet,
596 1024 743 1056 silentio:
768 1025 855 1056 The-

108 1078 239 1099 sautum
255 1078 341 1104 vero,
359 1077 423 1098 non
440 1074 552 1104 totum,
569 1067 626 1098 sed
638 1077 680 1098 ex
694 1077 760 1098 uno
774 1067 855 1098 loco.

109 1110 169 1150 (In
186 1110 307 1141 Donati
325 1110 413 1141 Msto
428 1110 534 1151 reperi
553 1109 709 1147 additum,
726 1112 807 1147 item,
823 1112 859 1141 id

106 1159 164 1190 est,
194 1155 344 1184 similiter.
377 1152 431 1192 B.)
480 1153 654 1183 D.—Idem
692 1154 857 1184 Menandri

108 1195 242 1227 Phasma
267 1206 346 1226 nunc
375 1206 470 1235 nuper
494 1194 596 1235 dedit]
626 1195 734 1226 Aliter
749 1194 856 1235 fana,-

107 1248 227 1269 nomen
242 1238 358 1269 fabulae
373 1239 462 1269 Pana
477 1244 535 1268 est.
574 1238 619 1268 Et
633 1239 716 1269 bene
731 1238 857 1269 addidit

107 1292 185 1312 nune
201 1292 305 1320 nuper,
322 1287 358 1312 ιιι
373 1280 497 1311 crimen
518 1281 616 1318 istud,
633 1281 718 1321 quod
734 1281 854 1320 objicit,

107 1333 173 1354 non
195 1323 284 1364 longi
300 1323 464 1365 temporis,
481 1324 538 1354 sed
553 1330 590 1354 ut
604 1333 718 1354 recens
732 1334 855 1354 memo-

107 1366 156 1396 ria
177 1366 327 1397 videatur
347 1366 472 1407 peccati
494 1376 574 1397 esse.
608 1366 746 1397 E.—Ne
769 1372 856 1397 totus

108 1418 220 1440 versus
243 1409 346 1439 instar
370 1418 477 1439 arenae
500 1408 571 1439 sine
589 1409 676 1439 calce
698 1408 751 1446 sit,
772 1408 854 1450 lege,

107 1453 179 1482 item
195 1456 240 1487 ue,
256 1457 313 1482 etc.
329 1451 360 1481 h.
372 1460 399 1481 e.
415 1453 558 1481 similiter
572 1462 617 1481 ασ.
651 1451 687 1481 Β.

147 1495 195 1524 10.
212 1496 314 1534 Atque
320 1496 351 1524 in
363 1495 536 1524 ssensasro
544 1495 667 1533 scripsit
674 1505 795 1524 eausam
805 1496 855 1524 di-

107 1535 191 1576 cere]
208 1537 412 1567 Thensaurum
422 1535 531 1566 Latini
540 1542 667 1566 veteres
677 1536 855 1567 secundum

107 1578 248 1615 Graecos,
265 1578 336 1609 sine
351 1589 371 1609 n
386 1578 479 1608 litera
493 1577 709 1619 proferebant.
754 1580 856 1619 Atque

108 1622 140 1651 in
166 1622 338 1651 nen-tauro
359 1623 485 1660 scripsit
506 1632 627 1651 causam
648 1620 766 1661 dicere]
791 1622 855 1652 Ar-

107 1663 179 1703 guit
193 1663 366 1694 Terentius
384 1663 470 1703 quod
493 1663 630 1694 Luscius
651 1669 765 1694 contra
777 1674 855 1694 con-

107 1705 313 1736 suetudinem
325 1705 533 1746 litigantium,
547 1705 768 1737 defensionem
780 1712 856 1736 ante

108 1748 347 1779 accusationem
360 1748 545 1783 induxerim
568 1748 753 1788 hujusmodi
769 1749 857 1780 enim

109 1797 160 1821 est
180 1790 290 1821 Luscii
305 1798 551 1831 argumentum:
578 1789 785 1827 Adolescens,
802 1791 858 1831 qui

109 1843 178 1864 rem
194 1832 385 1863 familiarem
400 1833 441 1863 ad
456 1833 634 1873 nequitiam
654 1833 857 1874 prodegerat,

108 1885 239 1906 servum
268 1875 371 1906 mittit
397 1875 438 1906 ad
473 1875 575 1916 patris
601 1882 857 1913 monumentum,

108 1918 195 1958 quod
213 1927 314 1948 senex
335 1917 398 1949 sibi
413 1917 506 1949 vivus
528 1917 654 1959 magnis
669 1918 785 1959 opibus
799 1928 857 1959 ap·

109 1967 290 2002 paraverat,
313 1967 351 1991 ut
371 1960 405 1991 id
431 1960 581 2001 aperiret,
605 1960 754 1992 illaturus
775 1971 855 2002 epu-

108 2003 168 2040 las,
184 2013 263 2043 quas
278 2009 372 2045 pater
393 2010 468 2044 post
489 2013 609 2034 annum
626 2003 787 2034 decimum
803 2013 856 2034 ca-

109 2052 202 2077 verat
213 2045 275 2076 sibi
291 2045 422 2081 inferri,
446 2045 504 2076 sed
519 2056 593 2077 eum
608 2055 732 2086 agrum,
749 2045 783 2076 in
795 2056 860 2086 quo

109 2095 355 2119 monumentum
371 2094 451 2126 erat,
473 2098 574 2119 senex
597 2089 728 2129 quidam
743 2098 859 2119 avarus

109 2131 151 2162 ab
172 2130 376 2162 adolescente
398 2138 530 2162 emerat-
576 2131 697 2162 Servus
718 2131 759 2162 ad
780 2141 857 2172 ape·

109 2173 260 2204 riendum
274 2180 520 2205 monumentum
532 2173 655 2204 auxilio
668 2184 745 2205 usus
760 2173 857 2211 senis,

110 2216 296 2247 thesaurum
321 2226 396 2247 cum
424 2216 561 2257 epistola
581 2216 702 2247 ibidem
725 2216 857 2258 reperit.

110 2258 220 2290 Senex
228 2259 417 2290 thesaurum
429 2265 581 2299 tanquam
590 2269 611 2290 a
621 2269 656 2290 se
666 2269 726 2300 per
735 2259 855 2290 tumul-

111 2307 179 2332 tum
189 2301 340 2332 hostilem
354 2301 421 2332 illic
434 2301 597 2333 defooeum
608 2301 737 2338 retinet,
748 2308 781 2332 et
795 2301 857 2333 sibi

110 2343 262 2374 vindicat.
285 2343 486 2375 Adolescens
490 2344 634 2384 Judicem
643 2344 746 2393 capit·
771 2345 858 2385 apud

111 2395 207 2426 quem
222 2386 311 2428 prior
325 2396 436 2423 senex,
446 2387 501 2427 qui
510 2397 625 2418 aurum
637 2387 767 2423 retinet,
779 2397 855 2418 cau-

110 2438 182 2459 sam
206 2439 298 2460 suam
320 2429 367 2460 sic
392 2429 480 2470 agit:
513 2432 721 2465 Athenienses,
750 2431 858 2460 bellum

111 2481 179 2501 σαι
195 2471 416 2502 Rhodiensibus
433 2470 636 2512 Quodsuerss,
652 2474 728 2512 quid
740 2483 795 2512 ego
809 2474 859 2502 hic

108 2513 299 2552 practicen?
323 2513 422 2553 (Haec
445 2515 543 2545 verba
563 2521 684 2551 notata,
706 2524 778 2546 esse
793 2514 858 2545 duo

113 2563 227 2585 versus
243 2555 346 2596 ipsius
361 2556 482 2593 Luscii,
504 2556 629 2598 primus
644 2556 858 2598 deprehendit

115 2596 292 2628 Bentleius.
310 2597 365 2636 Z.)
381 2604 414 2629 et
430 2605 556 2635 caetera,
572 2609 645 2639 quae
665 2606 779 2630 contra
800 2609 858 2630 na-

115 2645 221 2669 turam
238 2638 385 2679 jurisque
398 2641 664 2672 consuetudinem
686 2642 792 2683 posita
806 2651 858 2673 ar-

113 2688 268 2729 grumento
283 2688 374 2712 notat
388 2682 578 2714 Terentius.
602 2684 689 2724 quod
709 2684 765 2715 ille
780 2684 860 2715 ordo

114 2723 221 2764 potior
235 2730 314 2760 erat,
329 2730 367 2755 ut
380 2724 567 2756 adolescens
587 2725 677 2767 prior
697 2736 859 2768 propone-

114 2775 166 2796 ret
186 2775 326 2802 causam,
349 2765 404 2806 qui
426 2766 547 2807 petitor
567 2767 740 2799 inducitur.

114 2809 254 2847 Scripsit,
277 2819 399 2839 causam
420 2808 537 2850 dicere]
563 2809 602 2840 In
624 2810 782 2842 comoedia
802 2821 861 2842 sua

114 2850 175 2881 hoc
318 2857 429 2881 entum
459 2858 531 2882 est:
570 2851 710 2887 Quidam
747 2863 861 2902 agrum

114 2892 281 2924 vendidit.
305 2893 371 2924 illic
387 2893 502 2924 habuit
522 2894 663 2935 patrium
678 2895 860 2927 monimen-

114 2940 193 2972 tum,
223 2935 258 2966 in
288 2946 352 2976 quo
382 2935 550 2967 thesauros
579 2944 684 2968 emtor
711 2937 859 2969 invenit.

115 2978 273 3025 comperit
294 2985 397 3009 emtor
421 2978 586 3013 (venditor
610 2979 684 3018 Z.:)
718 2979 753 3011 in
770 2980 859 3020 judi·

115 3019 201 3051 cium
225 3021 361 3052 venitur.
414 3021 533 3062 Utique
556 3031 597 3053 ex
619 3022 743 3052 ratione
765 3029 799 3054 et
820 3033 862 3054 ex

901 555 1136 587 consuetudine
1158 556 1248 598 prior
1273 556 1362 598 loqui
1384 557 1479 588 debet
1506 556 1570 595 ille,
1594 558 1649 598 qui

901 598 992 640 petit.
1038 599 1164 630 Petitor
1189 606 1299 631 autem
1326 599 1379 631 bic
1404 600 1554 631 venditor
1581 609 1648 631 est:

901 647 938 672 ut
952 641 1095 672 secundo
1109 641 1180 673 loco
1194 642 1398 684 respondeat,
1408 652 1427 673 a
1440 653 1504 683 quo
1516 643 1649 684 petitur,

901 683 962 714 hoc
978 691 1036 721 est,
1053 691 1165 715 emtor.
1211 685 1257 716 At
1272 691 1385 717 contra
1407 685 1544 716 Luscius
1561 686 1648 716 Lan·

900 726 996 757 vinus
1011 726 1097 763 fecit,
1114 734 1151 758 ιιι
1172 727 1261 776 prior
1275 727 1470 776 loqueretur,
1486 728 1573 759 unde
1589 738 1647 769 pe-

901 768 991 805 titur,
1007 779 1103 818 quam
1122 769 1188 806 ille,
1204 770 1260 811 qui
1281 770 1374 812 petit.
1419 770 1507 810 Ergo
1529 781 1648 812 propo-

901 811 976 842 sitio
990 812 1137 843 criminis
1151 812 1307 844 collocata
1322 819 1388 844 est.
1422 813 1540 854 incipit
1561 813 1651 844 enim

901 855 980 902 ejus
984 864 1094 885 causae
1108 855 1252 895 quaestio.
1290 856 1341 887 Ac
1357 855 1462 897 primo
1476 855 1649 897 praescrip-

901 896 999 927 tionis
1014 903 1063 927 est
1078 903 1190 934 status,
1207 904 1377 939 potestque
1388 897 1496 929 dicere
1513 898 1651 929 Luscius

901 938 1079 976 Lanvinus,
1095 940 1290 980 reprehendi
1307 950 1373 971 non
1387 950 1530 989 possum.
1574 941 1648 972 Pla-

899 981 966 1012 cuit
978 980 1012 1011 in
1026 981 1086 1012 hac
1101 983 1258 1013 comoedia
1272 983 1355 1013 hanc
1370 982 1648 1024 praescriptionem

900 1023 983 1054 solvi
998 1023 1065 1054 sic:
1091 1025 1141 1055 Ne
1147 1023 1347 1063 frustretur
1336 1037 1399 1064 ipse
1413 1037 1455 1062 se,
1470 1031 1526 1057 aut
1539 1028 1584 1057 eie
1599 1037 1648 1056 σο·-

897 1068 1000 1106 gitet:
1032 1065 1202 1106 Defunctus
1215 1067 1285 1107 jam
1306 1079 1381 1104 sum,
1404 1070 1484 1098 nihil
1503 1073 1549 1099 est
1571 1070 1651 1108 quod

900 1110 985 1139 dieat
999 1111 1082 1139 mihi.
1119 1109 1183 1140 Sed
1199 1110 1282 1140 hanc
1297 1110 1575 1151 praescriptionem
1590 1111 1648 1141 do-

900 1157 966 1187 nat,
991 1158 1025 1182 et
1044 1151 1205 1189 admonet,
1229 1163 1271 1183 ne
1293 1159 1427 1193 peccet,
1419 1165 1427 1172 ·
1460 1163 1557 1193 quam
1579 1163 1649 1184 rem

899 1193 1011 1224 subtili
1037 1194 1241 1226 accusatione
1269 1195 1459 1236 composuit.
1506 1195 1558 1226 Ex
1589 1196 1649 1226 hoc

899 1236 987 1267 enim
1001 1236 1076 1277 plus
1090 1244 1275 1269 accusatur:
1300 1237 1460 1278 siquidem
1473 1238 1513 1269 de
1529 1245 1646 1280 praete-

899 1279 971 1310 ritis
992 1289 1027 1310 se
1050 1280 1171 1311 donare
1193 1280 1355 1321 promittit
1369 1280 1504 1318 crimen,
1523 1287 1557 1312 et
1578 1292 1647 1312 mo-

899 1328 956 1352 net
977 1322 1067 1362 quasi
1090 1322 1209 1354 iterum
1232 1330 1450 1364 peccaturum.
1497 1323 1600 1354 Simul
1616 1331 1650 1355 et

899 1364 962 1394 alia
977 1365 1079 1395 multa
1101 1365 1238 1396 crimina
1257 1376 1292 1396 se
1307 1366 1428 1397 donare
1441 1365 1538 1397 dicit·
1531 1389 1538 1401 ,
1561 1376 1649 1397 nunc

899 1406 994 1443 nolle,
1018 1413 1052 1438 et
1073 1407 1285 1439 nihilominus
1306 1415 1420 1449 postea
1441 1408 1528 1439 nolle
1551 1408 1649 1449 (lege,

898 1450 988 1489 velle)
1005 1449 1208 1487 maledicere,
1224 1451 1252 1481 si
1269 1457 1336 1481 tum
1355 1450 1453 1481 laedat
1473 1451 1625 1482 inimicus
1639 1463 1647 1481 ι

898 1492 1015 1531 quibus
1030 1493 1126 1523 rebus
1142 1499 1175 1523 et
1189 1503 1361 1534 personam
1376 1503 1468 1524 suam
1484 1503 1648 1524 commen·

899 1534 964 1571 dat,
981 1542 1014 1565 et
1029 1535 1250 1566 adversarium
1262 1535 1303 1566 ad
1315 1536 1569 1567 confirmandam
1586 1536 1648 1566 im-

899 1576 1090 1617 pudentiam
1117 1577 1238 1617 injecit.
1284 1578 1472 1617 E.—Atque
1501 1590 1521 1609 a
1549 1580 1649 1609 Then-

898 1618 1007 1659 sauro]
1034 1620 1085 1650 Ita
1106 1620 1238 1661 plurimi
1254 1626 1332 1651 vett.
1354 1620 1389 1651 in
1413 1620 1518 1661 Regio
1540 1627 1650 1652 tamen

901 1661 1088 1703 exemplari,
1111 1668 1202 1703 atque
1219 1674 1240 1693 a
1262 1665 1410 1694 thesauro.
1457 1663 1522 1694 Sed
1549 1665 1649 1694 Then-

899 1715 1020 1741 saurus,
1036 1707 1226 1741 Formmus,
1238 1705 1365 1746 aliaque
1378 1705 1496 1736 similia
1509 1705 1587 1736 olim
1599 1705 1649 1736 di-

900 1747 1027 1783 cebant,
1050 1754 1087 1778 ut
1107 1747 1143 1778 in
1167 1748 1331 1779 Pandecte
1354 1748 1553 1785 Florentino,
1569 1748 1649 1779 eod.

901 1789 1060 1820 Theodos.
1090 1789 1195 1821 Schol.
1221 1791 1338 1821 Juven.
1362 1797 1395 1821 et
1416 1790 1494 1821 alibi
1519 1791 1649 1831 legitur.

906 1833 1091 1862 Tbesaurum
1107 1832 1290 1863 Menander
1304 1833 1478 1873 scripserat
1491 1839 1523 1863 et
1539 1833 1649 1864 Phile-

902 1884 972 1905 mo:
1001 1884 1136 1915 eamque
1159 1875 1294 1906 Plautus
1316 1874 1423 1912 vertit,
1446 1881 1484 1906 ut
1504 1875 1575 1916 ipse
1597 1875 1648 1906 in-

900 1916 980 1956 quit,
1001 1918 1205 1947 Trinummum
1218 1927 1347 1948 vocans.
1387 1917 1579 1959 L—Vulgo
1600 1917 1647 1948 le-

901 1965 992 1999 gunt,
1015 1961 1047 1989 in
1069 1961 1219 1990 thesauro.
1269 1959 1422 1990 Dacieria
1444 1959 1532 1997 dicit,
1556 1960 1650 1991 valde

902 2011 1019 2038 errare,
1045 2001 1101 2042 qui
1126 2003 1310 2033 Thermarum
1332 2012 1451 2033 nomen
1470 2002 1649 2040 comoediae,

902 2054 922 2074 a
947 2044 1175 2075 phantasmate
1199 2045 1336 2075 diversae
1357 2051 1484 2085 putent,
1507 2055 1583 2076 cum
1606 2046 1652 2077 sit

902 2086 993 2118 locus
1008 2087 1153 2126 ejusdem
1169 2087 1293 2124 fabulae,
1310 2087 1366 2118 ubi
1377 2087 1418 2118 de
1434 2088 1586 2119 thesauro
1596 2098 1648 2119 re-

902 2136 996 2171 perto
1011 2136 1134 2170 agatur.
1173 2131 1211 2160 In
1226 2129 1327 2170 igitur
1341 2129 1394 2160 hic
1405 2130 1590 2171 significare
1602 2133 1649 2168 ob,

903 2172 951 2203 uti
975 2172 1010 2203 in
1039 2172 1178 2213 Prologo
1202 2172 1305 2203 Andr.
1334 2173 1382 2204 15.
1420 2175 1454 2203 in
1480 2184 1514 2204 eo
1543 2175 1649 2213 dispu-

902 2220 979 2245 tant.
1013 2215 1049 2246 Ζ.
1663 2228 1666 2229 ’

948 2259 996 2288 ll.
1019 2259 1123 2295 Prius,
1139 2260 1218 2290 unde
1238 2260 1357 2297 petitur
1371 2257 1496 2299 amm]
1519 2260 1614 2296 Unde,
1630 2269 1651 2290 a

901 2310 974 2340 quo.
999 2300 1090 2341 Virg.
1106 2301 1182 2332 AEn.
1200 2301 1220 2332 i.
1237 2301 1267 2332 6.
1287 2303 1389 2332 Germe
1404 2303 1482 2332 unde
1494 2302 1650 2333 Latinum.

902 2343 987 2373 Nam
1019 2353 1238 2384 possessorem
1268 2343 1346 2374 fecit
1375 2343 1516 2384 priorem
1542 2354 1650 2385 agere,

901 2396 996 2425 quam
1010 2385 1201 2426 petitorem:
1226 2386 1312 2426 quod
1321 2386 1473 2417 abhorret
1484 2396 1649 2418 aconsue-

901 2427 1014 2459 tudine
1030 2436 1063 2459 et
1074 2428 1157 2468 juris
1173 2434 1206 2459 et
1221 2428 1336 2459 litium.
1370 2429 1412 2459 D.

947 2472 996 2501 12.
1034 2473 1131 2504 Quam
1157 2473 1209 2502 ille
1233 2473 1286 2511 qui
1308 2470 1403 2511 petit]
1430 2471 1533 2502 Deest
1554 2473 1650 2503 die-08⁴

904 2512 965 2547 Qui
982 2512 1079 2553 petit]
1100 2513 1138 2543 ld
1153 2519 1212 2550 est,
1235 2513 1364 2554 pen'tor.
1412 2513 1509 2547 Quan
1531 2515 1584 2544 ille
1597 2516 1652 2554 qui

898 2555 996 2596 petit]
1015 2556 1112 2586 Esset
1127 2564 1215 2586 recta
1236 2555 1356 2586 locutio
1370 2555 1397 2586 si
1413 2555 1546 2594 diceret,
1561 2567 1652 2597 quan

898 2601 1057 2637 petitorem
1071 2611 1081 2629 .·
1104 2605 1161 2628 aut
1175 2609 1264 2638 quam
1278 2599 1365 2628 illum
1379 2600 1432 2638 qui
1450 2601 1540 2638 petit.
1584 2599 1652 2630 Sed

903 2652 992 2681 quam
1005 2642 1066 2677 ille,
1081 2640 1212 2671 maluit:
1230 2646 1267 2670 ut
1288 2640 1518 2672 subaudiamus
1529 2651 1652 2672 causan

903 2685 997 2720 dieat,
1018 2693 1077 2724 per
1098 2681 1220 2721 ζεῦγμα
1236 2692 1256 2712 a
1277 2682 1444 2723 superiore
1466 2683 1650 2724 figuratum.

906 2725 1093 2756 D.-—Liber
1109 2725 1220 2755 Bemb.
1238 2724 1426 2762 Vaticanus,
1443 2725 1601 2761 Donatus,
1617 2731 1652 2757 et

906 2774 971 2799 tres
986 2778 1004 2798 e
1022 2767 1142 2798 nostris
1164 2769 1225 2803 ille,
1250 2766 1343 2798 multi
1366 2769 1425 2804 3115,
1446 2778 1532 2799 unns
1552 2770 1650 2800 illum.

904 2811 975 2841 Nos
993 2809 1173 2851 recepimus
1196 2811 1261 2840 illie
1282 2819 1301 2840 e
1323 2809 1427 2841 tribus
1439 2809 1532 2841 codd.
1549 2810 1649 2847 Rivii,

906 2852 1056 2889 Fabricii,
1069 2858 1103 2882 et
1118 2851 1361 2892 Lindenbrogii.
1394 2852 1433 2883 B.

951 2896 1061 2926 13.1n
1070 2896 1206 2934 patrium
1215 2894 1450 2942 monumentum]
1465 2895 1540 2926 Mos
1551 2895 1652 2937 prisci

904 2937 1014 2974 seculi,
1032 2936 1223 2968 thesauros'
1213 2946 1249 2967 ιιι
1265 2937 1481 2969 monumentis
1493 2938 1649 2979 sepelire:

905 2982 996 3019 quus
1026 2978 1212 3020 exemplum
1240 2978 1333 3010 nobis
1357 2979 1489 3011 exhibet
1517 2980 1652 3011 historia

906 3022 992 3063 Cyri,
1022 3032 1117 3062 quam
1145 3021 1266 3052 affatim
1293 3021 1466 3063 descripsit
1492 3023 1652 3054 Arrianus

1120 3072 1136 3092 s
