1852 3216
86 179 225 208 seems
246 164 315 221 ιι.]

698 160 1012 206 ANDRIA.

1570 167 1630 210 53

144 254 276 296 Certa
294 269 364 296 res
383 261 474 296 est:
504 254 634 295 etiam
654 266 836 308 puerum
854 252 957 294 inde
976 252 1125 294 abiens
1146 255 1327 295 conveni
1347 254 1560 306 Chremis,

146 318 281 360 Olera
301 326 345 360 et
365 317 594 374 pisciculos
614 318 801 359 minutos
822 317 935 359 serre
955 316 1116 359 obolo
1104 332 1148 359 ιιι
1168 332 1338 360 coenam
1360 320 1467 361 seni.

145 382 231 425 Cn.
255 373 489 425 Liberatus
512 398 606 424 sum
635 382 784 432 hodie,
807 381 949 432 Dave,
972 389 1047 424 tua
1071 397 1217 437 opera.
1258 383 1380 425 Dav.
1402 383 1470 427 Ac
1491 384 1635 427 nullus

232 448 421 503 quidem.

88 570 92 572 ἡ
145 511 231 554 Cn.
254 512 376 560 Quid
396 513 480 554 ita.
466 514 485 540 '²
514 483 669 568 nempe
685 511 786 554 huic
806 526 986 567 prorsus
1001 511 1115 555 illam
1138 527 1223 555 non
1240 513 1331 558 dat.
1365 514 1486 557 DAv.
1508 515 1635 558 Ridi-

230 576 373 619 culum
393 579 549 633 caput!

87 650 128 680 3⁵
146 641 286 690 Quasi
305 656 482 685 necesse
496 643 573 693 sit,
596 643 633 684 si
650 642 752 684 huic
772 657 858 684 non
878 642 968 694 dat,
991 649 1034 685 te
1053 642 1167 686 illam
1186 658 1368 686 uxorem
1388 645 1575 688 ducere:

144 705 244 748 Nisi
263 707 399 758 vides,
420 707 502 749 nisi
523 708 638 750 senis
658 708 817 750 amicos
839 722 951 759 oras,
973 709 1124 751 ambis.
1156 708 1242 751 Cn.
1264 708 1387 753 Bene
1407 725 1572 755 mones,

87 830 100 835 ᾖ
146 772 253 824 Ibo,
243 790 253 799 ·
285 773 367 814 etsi
385 771 532 814 hercle
554 787 672 828 saepe
689 772 779 828 jam
798 787 866 815 me
887 787 989 828 spes
1010 772 1216 817 frustrata
1236 782 1319 817 est.

88 886 215 924 opinor,
241 883 432 957 adJecitqne,
448 894 505 915 non
521 889 600 914 recte
622 885 747 923 accipis,
764 883 840 923 quia

88 934 177 957 certa
193 937 252 958 res.
292 926 368 957 Alia
382 933 573 968 argumenta
596 932 693 966 atque
712 926 777 957 ab
768 936 840 967 ipsa

88 969 248 1000 divisione
263 969 420 1000 sactorum
436 975 532 1010 atque
557 968 728 1006 dictorum,
753 968 839 1019 quod

89 1022 226 1054 puerum
251 1011 415 1043 invenerit
435 1011 630 1049 Chremetis,
659 1014 752 1049 olera,
768 1014 837 1051 pis-

88 1057 199 1086 ciculos
228 1058 356 1086 minutos
374 1054 526 1095 serentem
551 1056 594 1085 ad
622 1066 735 1086 coeuttm
762 1057 837 1085 seni.

90 1098 143 1129 Ne
171 1098 252 1129 forte
277 1097 393 1138 aliquis
418 1108 501 1140 puer
528 1097 627 1129 ferret
649 1097 684 1128 in
712 1108 838 1129 coenam

86 1140 168 1172 seni.
216 1141 268 1172 Ita
286 1143 471 1181 conjectura
493 1141 619 1171 firmata
635 1146 684 1171 est
699 1150 718 1171 a
733 1140 836 1178 factis,

89 1183 140 1215 vel
154 1193 294 1232 persona
315 1183 467 1220 Simonis,
494 1183 545 1214 vel
568 1194 707 1232 persona
733 1183 836 1214 Chre-

89 1234 193 1263 meus,
220 1236 301 1268 quae,
329 1226 415 1258 sicut
436 1226 589 1264 diximus,
615 1226 651 1257 in
677 1226 838 1257 divisione

89 1269 279 1302 consistunt.
310 1269 350 1301 E.

132 1314 184 1344 31.
208 1314 313 1344 Etiam
322 1311 468 1353 puerum]
480 1314 586 1343 Etim-
600 1323 661 1353 pro
673 1318 838 1354 praeterea.

92 1355 228 1396 chre-i]
247 1355 301 1386 Sic
325 1357 454 1392 Chremi,
477 1361 514 1386 ut
535 1356 639 1396 Ulyssi
658 1362 691 1386 et
714 1357 839 1386 Achilli.

89 1399 309 1430 D.—Convem'
325 1397 477 1438 Chr-emis]
503 1398 628 1429 Probus
641 1397 677 1428 in
692 1397 838 1429 Catholi

89 1442 147 1479 cis,
171 1441 327 1472 Priscian.
349 1440 405 1471 lib.
437 1440 479 1471 vi.
510 1451 541 1482 p.
574 1441 625 1471 62.
666 1439 839 1471 L—Illnd

90 1486 211 1515 conveni
231 1483 374 1514 alienum
396 1484 436 1514 ab
458 1483 519 1514 hoc
540 1483 612 1514 loco
627 1489 686 1514 est.
723 1483 838 1523 ltaque

89 1536 212 1567 repone
245 1529 395 1566 conspexi.
442 1526 571 1556 Deinde
604 1526 665 1557 etsi
688 1525 840 1556 Valerius

90 1569 215 1600 Probus
237 1568 294 1606 ait,
316 1568 403 1610 apud
425 1568 616 1599 Terentium
639 1568 789 1599 Chremis
807 1574 841 1599 et

89 1611 272 1644 Chremetis
294 1611 329 1642 in
352 1611 507 1643 Genitivo
530 1611 614 1642 dici:
655 1610 839 1642 auctoritati

91 1661 199 1686 tamen
222 1654 345 1686 Donati
366 1654 547 1696 parendum
568 1661 730 1696 putamus,
757 1654 839 1685 adeo

88 1704 126 1729 ut
140 1697 286 1739 legamus
303 1699 432 1729 Chremi.
464 1698 502 1728 B.

132 1741 183 1771 32.
210 1742 301 1771 Olera
316 1746 347 1771 et
356 1742 516 1779 pisciculos
535 1739 682 1780 minutos]
704 1739 837 1770 Suffice-

89 1790 139 1814 ret
150 1783 344 1814 diminutive
355 1784 517 1822 pisciculos
531 1782 663 1819 dixisse,
680 1781 766 1822 quod
780 1782 837 1819 sic,

88 1829 217 1857 minutos
228 1825 329 1857 dixit:
354 1832 387 1856 et
401 1825 552 1867 pretium,
568 1825 663 1855 obolo
677 1835 749 1856 esse
769 1835 837 1856 em-

89 1876 156 1904 tos,
180 1879 252 1909 quae
274 1875 324 1900 est
346 1868 460 1899 ultima
483 1878 689 1898 nummorum
712 1867 837 1908 signifi-

85 1911 182 1943 catio.
218 1912 302 1942 Sunt
317 1911 404 1942 enim
419 1921 540 1952 genera
555 1910 754 1941 minutorum
769 1910 837 1951 pis·

86 1954 183 1991 cium,
222 1965 294 1995 quae
315 1964 433 1995 magno
471 1960 618 1984 veneant.
666 1953 733 1984 Hic
761 1963 839 1994 ergo

87 1997 185 2028 etiam
201 2008 241 2028 ex
263 1997 369 2038 pretio
391 1996 566 2027 vilissimos
586 1996 693 2038 pisces
714 1996 839 2036 signifi-

86 2040 182 2071 cavit.
219 2040 272 2077 Et,
289 2040 367 2081 quid
382 2039 410 2071 si
426 2039 578 2076 minutos,
595 2040 652 2070 sed
668 2039 838 2070 omnibus?

86 2085 159 2114 Seni
193 2051 309 2120 dixit,q
325 2090 361 2114 ut
395 2082 615 2114 obsonationis
652 2082 837 2113 ostenderet

86 2136 226 2158 musam.
274 2128 365 2157 Olera
380 2131 412 2157 et
430 2124 608 2166 pisciculos]
625 2125 722 2160 Quod
737 2135 836 2166 supra

86 2169 291 2210 generaliter,
298 2171 456 2209 paululum
464 2170 575 2205 obsoni,
588 2168 639 2199 hic
651 2167 836 2209 specialiter

87 2212 180 2244 dixit.
226 2214 264 2243 In
288 2223 402 2243 coenom
423 2211 506 2252 seni]
536 2211 623 2242 Mire
644 2214 718 2248 seni,
745 2212 837 2261 cujus

87 2264 138 2287 eet
159 2256 261 2295 major
275 2265 354 2286 cura
371 2254 467 2286 domi.
501 2255 543 2285 D.
545 2256 685 2285 —Ferre
700 2255 783 2285 obolo
805 2256 837 2284 in

86 2297 219 2339 οαηιαυι]
238 2298 279 2329 Id
302 2305 361 2335 est,
376 2297 494 2346 exiguo
517 2297 642 2339 pretio:
669 2296 766 2337 idque
789 2297 836 2327 sic

86 2341 220 2378 dictum,
251 2347 289 2372 ut
312 2351 333 2372 a
367 2340 492 2372 Graecis
521 2339 642 2376 ὄβόλου
671 2338 835 2388 ἀγοράσαι.

87 2384 295 2426 Antiphanes
320 2383 408 2425 apud
423 2383 545 2415 Athen.
562 2383 689 2424 dipnos.
707 2383 763 2414 lib.
782 2382 835 2413 vii.

86 2428 210 2469 p-309.
243 2427 307 2464 ἥκω
326 2428 514 2459 πολιπελῦς
528 2424 690 2478 ἀγοράσας
705 2425 748 2457 εἷς
762 2425 838 2458 τοὺς

86 2437 209 2509 ’γάμους
229 2469 408 2506 λιβανωτὸν
422 2468 543 2506 ὄβόλον
556 2470 624 2501 τοῖς
645 2470 712 2500 θεοῖ
700 2481 735 2500 ι.ς
781 2469 836 2499 Sic

90 2513 248 2544 Plautus·
239 2523 274 2544 ιιι
288 2512 435 2554 Epidico,
448 2523 482 2554 p.
500 2512 573 2543 236.
596 2524 713 2543 nummo
725 2514 837 2543 condu-

86 2567 164 2587 cere.
211 2555 326 2587 Horat.
343 2556 445 2587 Serm.
463 2557 493 2586 2.
510 2555 577 2587 Sat.
594 2556 625 2585 5.
641 2566 758 2586 nummo
780 2557 838 2586 ad·

88 2601 199 2630 dicere.
244 2598 396 2635 Seaevola,
412 2610 529 2629 nemo
543 2601 724 2639 transigere.
768 2598 835 2629 Cu-

84 2643 140 2681 Jus
165 2641 271 2672 locum
294 2641 342 2672 sic
368 2641 504 2672 restituo
523 2651 566 2672 ex
584 2641 715 2682 scriptis
733 2650 835 2672 mem-

88 2683 199 2715 branis
218 2683 272 2715 lib.
288 2683 334 2715 ιιι.
350 2685 378 2723 §-
395 2685 424 2715 2.
440 2683 472 2714 fl:
489 2684 530 2715 de
545 2683 835 2715 transactionibus:

88 2729 228 2763 Debitor,
240 2726 327 2766 cuj-u
334 2729 447 2767 pig-mu
457 2728 591 2758 creditor
600 2729 757 2764 distraxit,
768 2738 835 2758 cum

89 2771 210 2807 Maem‘o,
226 2773 278 2810 qui
293 2781 324 2800 se
345 2771 511 2810 legitimum
525 2772 685 2800 creditoris
698 2771 836 2801 heredem

88 2814 328 2886 3122533‘3335:‚
344 2817 651 2895 333212'tffin‘c‘13'
619 2818 641 2843 ’
669 2812 835 2886 315.ἳῖἒὲοῖ

87 2897 144 2928 lib.
161 2898 193 2928 ii.
211 2909 243 2939 p.
263 2899 332 2928 131».
358 2898 412 2928 ἐὰν
426 2899 444 2928 ὁ
465 2896 568 2935 λέγων
583 2897 696 2928 ἑαυτὸν
716 2896 831 2937 κληρό-

86 2952 193 2980 ημον,
209 2940 437 2978 διαλυσάμενος
451 2937 539 2980 λάβῃ
561 2940 719 2980 χρήματα.
751 2941 790 2972 1..
791 2959 835 2963 —

93 2982 154 3020 Ne,
175 2986 266 3021 obolo,
282 2984 368 3025 quod
383 2982 435 3015 hic
451 2983 620 3024 emphasin
642 2983 760 3015 habere
775 2984 831 3015 de-

1371 774 1498 818 Vale.

883 884 948 921 bet,
960 889 1062 915 totum
1078 884 1112 915 in
1125 884 1224 916 'l'hesi
1240 885 1360 922 latent·
1383 886 1531 918 ordinem
1544 893 1636 919 muta

883 926 951 957 sic.
966 925 1081 966 serre
1069 939 1100 958 ιιι
1117 939 1231 958 eoenoem
1247 930 1329 959 obolo
1343 931 1418 960 seni.
1444 929 1483 960 B.
1484 930 1634 961 —Athe-

883 979 973 1000 naeus
985 979 1027 1000 ex
1042 970 1231 1011 Trophonio
1248 971 1423 1002 Menandri
1434 972 1502 1003 baec
1515 972 1634 1004 refert.

882 1012 922 1043 A.
940 1010 1038 1044 Ξένον
1050 1012 1089 1043 τὸ
1106 1012 1232 1044 δεῖπνόν
1255 1014 1343 1044 ἐστιν
1365 1015 1525 1054 ὑποδοχῆς
1538 1015 1634 1048 τινός.

882 1055 921 1086 Β.
949 1055 1114 1091 Ποδαποῦς
1150 1055 1289 1095 διαφέρει
1310 1068 1355 1095 rep
1377 1056 1516 1097 μαγείρῳ
1538 1059 1636 1090 τοῦτο

881 1095 953 1138 γάρ.
999 1096 1076 1128 Οἵον
1104 1097 1146 1129 τὰ
1176 1098 1346 1135 νησιωτικὰ
1371 1099 1464 1130 ταυτὶ
1492 1099 1637 1154 ξενύδρια

890 1144 935 1171 Eu
955 1138 1151 1180 προσφάτοις
1155 1140 1323 1192 ἰχθυδίοις
1342 1141 1548 1182 τεθραμμένα,
1572 1143 1635 1175 Καὶ

879 1184 1101 1221 παντοδαποῖς,
1116 1185 1184 1215 τοῖς
1206 1182 1331 1222 ἁλμίοις
1351 1184 1410 1223 μὲν
1424 1186 1462 1216 οὐ
1482 1184 1565 1217 πάνυ
1580 1186 1632 1217 ‘A-

881 1225 1006 1257 λίσκετ’
1008 1249 1016 1263 ,
1033 1226 1109 1257 ἄλλ’
1118 1227 1217 1258 οὕτως
1231 1225 1393 1267 παρέργως
1402 1226 1545 1260 ἅπτεται.
1590 1229 1637 1260 Ει

882 1279 960 1300 mox
983 1269 1098 1300 eodem
1121 1269 1294 1300 locoz—ei
1314 1269 1350 1301 δέ
1371 1283 1421 1302 τις
1450 1271 1636 1303 τούναντίον

882 1311 1065 1351 Ἀρκαδικὸς
1087 1311 1202 1352 ἔρχει),
1218 1312 1240 1349 ἥ
1260 1324 1309 1344 τις
1330 1312 1515 1345 ἆθιίλασσος
1535 1314 1635 1354 ξένος,

884 1356 956 1386 Τοῖς
987 1355 1023 1385 ἐκ
1060 1352 1226 1392 θαλάσσης
1254 1355 1417 1388 λοπαδίοις
1454 1354 1632 1389 ἁλίσκεται.

885 1397 976 1428 Idem
987 1407 1028 1428 ex
1046 1397 1222 1428 Menandri
1239 1398 1399 1439 Ephesio·
1393 1399 1496 1430 .’-ἐπ
1512 1399 1632 1440 ἀρίστῳ

879 1439 940 1479 μέν
953 1440 1065 1476 λαβὼν
1079 1438 1238 1481 ’.Οψάριον
1269 1441 1321 1471 W.

925 1484 976 1514 33.
1001 1482 1132 1523 Nullus]
1162 1483 1235 1521 Pro,
1263 1495 1342 1515 non.-
1371 1491 1408 1516 ut
1422 1484 1511 1521 alibi,
1533 1487 1635 1518 nullus

882 1527 1007 1556 dixeris.
1056 1526 1191 1556 D.-Ac
1215 1528 1317 1557 nullus
1342 1527 1479 1567 quidem]
1508 1529 1634 1566 Nullus,

884 1578 943 1609 pro
959 1578 1024 1599 non
1037 1580 1045 1599 z
1069 1575 1107 1599 ut
1121 1568 1164 1600 sit
1179 1579 1304 1607 sensus,
1321 1580 1387 1601 non
1402 1570 1534 1610 quidem
1549 1570 1632 1602 libe-

883 1618 973 1642 ratus
1000 1621 1046 1642 es.
1095 1611 1158 1642 Cui
1188 1612 1413 1653 subJungitur:
1450 1612 1535 1647 Quid
1561 1615 1634 1644 ita?

881 1665 984 1694 nempe
1005 1656 1077 1685 huie
1098 1656 1183 1685 illam
1201 1666 1328 1694 prorsus
1343 1667 1401 1686 non
1416 1658 1492 1687 dat.-
1515 1658 1633 1687 ridicu-

883 1699 943 1727 lum
973 1696 1083 1738 caput]
1117 1697 1286 1728 Intellexit
1318 1699 1431 1729 Davus
1461 1699 1633 1730 stultitiam

883 1739 1028 1777 Charini,
1051 1739 1106 1780 qui
1123 1740 1216 1778 dixit,
1240 1752 1343 1781 nempe
1355 1744 1426 1773 huic
1441 1744 1526 1772 illam
1542 1753 1633 1782 pror-

881 1794 932 1814 sus
947 1794 1005 1814 nou
1019 1785 1084 1814 dat.
1130 1783 1316 1814 Secundum
1332 1784 1418 1824 quod
1433 1795 1532 1825 supra
1546 1785 1632 1815 dixi-

882 1835 964 1856 mus.
999 1825 1077 1856 Non
1092 1825 1181 1857 enim
1197 1836 1330 1857 necesse
1345 1827 1436 1857 illum
1452 1827 1541 1858 illam
1553 1838 1632 1858 con-

882 1868 975 1899 tinuo
986 1867 1115 1905 ducere,
1128 1868 1157 1899 si
1167 1868 1251 1900 hanc
1261 1879 1327 1900 non
1336 1869 1467 1900 duxerit
1478 1870 1632 1918 Pamphi·

882 1910 942 1941 lus.
989 1910 1034 1941 Et
1049 1921 1068 1941 a
1085 1911 1231 1952 possibili
1247 1911 1355 1942 dicere
1371 1912 1546 1943 debuisse·
1537 1923 1633 1944 inno

884 1953 956 1984 tuit.
1003 1953 1042 1984 E.
1044 1955 1137 1984 —Ac
1172 1956 1274 1985 nullus
1303 1954 1440 1995 quidem]
1474 1955 1631 1987 Priscian.

882 1996 939 2027 lib.
960 1995 993 2027 ii.
1026 1996 1233 2028 L—Omnes
1254 1997 1347 2028 codd.
1371 1998 1490 2029 Faerni
1512 1998 1634 2030 habent

884 2045 981 2075 recte,
997 2041 1085 2070 hodie
1100 2041 1197 2077 Dave,
1210 2050 1275 2071 non
1289 2042 1375 2072 Dave
1389 2042 1487 2079 hodie,
1501 2041 1550 2072 uti
1566 2048 1633 2073 tres

880 2082 1044 2113 enostris:
1069 2089 1221 2123 aqueae,
1232 2089 1350 2120 nonae,
1364 2091 1402 2115 ιιι
1410 2084 1631 2116 Putschiuse-

879 2124 976 2160 didm
994 2127 1109 2161 neceb,
1117 2125 1572 2176 utiquidamperperamlusit.
1589 2127 1629 2158 B.

923 2169 974 2198 34.
1001 2167 1085 2202 Quid
1098 2171 1143 2199 ita
1153 2167 1186 2209 ἲ]
1199 2169 1273 2199 Una
1287 2179 1364 2210 pars
1376 2169 1541 2201 orationis.
1572 2172 1631 2201 Ra·-

881 2213 1014 2242 diculum
1036 2210 1144 2252 caput]
1170 2212 1233 2242 Pro
1256 2218 1324 2243 toto
1345 2212 1497 2248 homine;
1534 2223 1632 2244 nemo

881 2254 968 2284 enim
999 2264 1055 2285 ore
1091 2261 1265 2290 contemto,
1296 2265 1337 2285 ex
1367 2254 1441 2286 aliis
1477 2256 1633 2287 membris

880 2297 1045 2327 hominem
1069 2297 1147 2328 velit
1168 2297 1369 2338 significare:
1403 2303 1437 2328 et
1451 2304 1502 2329 est
1518 2308 1631 2330 συνεκ-

881 2340 964 2380 δοχὴ
978 2339 1103 2380 τρόπος.
1136 2340 1179 2371 D.

924 2384 975 2413 35.
1003 2385 1099 2417 Quasi
1118 2395 1235 2415 necesse
1249 2386 1301 2421 sil,
1316 2386 1345 2415 si
1366 2385 1437 2414 huic
1452 2395 1509 2415 ιιοιι
1523 2386 1584 2422 det,
1601 2390 1633 2416 te

880 2427 965 2457 illam
992 2437 1112 2457 uxorem
1139 2425 1265 2467 ducere]
1292 2407 1446 2458 Ostendit
1472 2426 1634 2467 ἐνθύμημα

882 2469 1035 2500 vitiosum
1057 2469 1118 2500 hoc
1132 2479 1213 2506 esse,
1229 2470 1263 2500 in
1279 2480 1353 2510 qno,
1369 2469 1473 2500 altero
1493 2470 1632 2508 sublato,

882 2523 948 2543 non
964 2512 1146 2543 necessario
1159 2512 1296 2543 alterurn
1311 2512 1523 2553 relinquatur.
1554 2513 1598 2545 D.

926 2556 977 2586 36.
1002 2557 1076 2586 Nisi
1104 2557 1197 2592 vides,
1225 2558 1285 2586 nisi
1313 2558 1393 2586 sem's
1416 2557 1528 2587 amicos
1550 2567 1631 2594 oras,

880 2597 993 2638 ambis]
1009 2598 1082 2630 Hoc
1092 2598 1215 2629 laborat
1227 2599 1349 2635 Davus,
1360 2599 1630 2639 quemadmodum

881 2641 1108 2672 Philumenam
1129 2641 1291 2672 Charinus
1312 2641 1455 2682 propriis
1468 2641 1632 2674 laboribus

880 2691 1104 2726 promereatur
1119 2694 1264 2715 uxorem.
1310 2685 1384 2715 Nisi
1397 2686 1492 2722 vides,
1507 2687 1569 2716 nisa·
1581 2696 1630 2716 se-

878 2729 926 2758 nis
941 2730 1051 2758 amicos
1066 2726 1153 2767 oms]
1177 2726 1364 2758 Artificioee
1384 2727 1496 2759 Davus
1511 2727 1629 2759 Chari-

879 2780 956 2801 num
973 2770 1103 2806 excitan
1120 2776 1165 2806 ut,
1188 2769 1215 2800 si
1233 2769 1305 2801 fieri
1326 2770 1439 2811 possit,
1459 2770 1632 2810 adjuvetur

1275 2812 1354 2843 dum
1382 2812 1439 2844 ille
1461 2813 1525 2845 sibi
1552 2824 1630 2855 pro.-

1272 2854 1438 2889 Provides.
1498 2856 1626 2896 Anubis]

879 2899 1072 2938 Mag-narum
1085 2907 1193 2929 rerum
1201 2897 1398 2930 desiderium
1408 2905 1442 2930 et
1451 2899 1627 2940 appetitus,

878 2943 1005 2972 ambitio
1019 2940 1147 2971 dicitur.
1185 2940 1384 2972 Confirmata
1399 2952 1435 2972 re
1450 2952 1471 2972 a
1486 2941 1579 2974 factis
1594 2948 1627 2973 et

878 2994 897 3015 a
912 2983 1071 3025 personis,
1086 2982 1296 3016 deliberativa
1310 2984 1463 3016 nascitur.
1497 2985 1540 3015 D.

879 2812 1045 2852 negotium
1072 2812 1245 2853 Pamphili,

879 2856 976 2886 videt.
1038 2857 1111 2886 Nisi
1140 2853 1242 2895 vides]
