1852 3216
261 527 629 587 PUBLII
690 526 1204 584 TERENTII
1263 527 1495 583 AFRI

477 661 1075 715 cARTHAGINJENsIs
1107 669 1282 714 VITA.

523 912 738 956 ‘Auctore
768 911 889 955 AElio
919 912 1097 955 Donato
1117 913 1175 956 V.
1195 912 1246 955 C.

115 980 296 1024 Pontius
323 982 529 1027 Terentius
557 982 667 1027 Afer,
697 981 932 1032 Carthagine
957 991 1083 1028 natus,
1111 982 1273 1019 servivit
1299 982 1438 1021 Romae
1461 982 1647 1021 Terentio

114 1038 272 1078 Lucano
292 1038 485 1082 senatori;
516 1034 539 1074 a
558 1050 636 1087 quo
655 1037 706 1075 ob
735 1036 930 1087 ingenium
951 1044 990 1074 et
1009 1036 1185 1081 formam,
1205 1049 1283 1074 non
1308 1036 1507 1074 institutus
1531 1037 1648 1075 modo

113 1092 337 1137 liberaliter,
358 1091 427 1129 sed
445 1100 485 1129 et
502 1100 652 1128 mature
670 1090 930 1128 manumissus
949 1099 1021 1127 est.
1067 1090 1240 1133 Quidam
1262 1099 1418 1141 captum
1438 1105 1522 1129 esse
1542 1092 1647 1129 exis·

114 1148 274 1193 timant;
305 1145 411 1196 quod
430 1145 514 1183 fieri
534 1145 641 1182 nullo
660 1144 776 1182 modo
794 1145 981 1195 potuisse,
1002 1143 1219 1182 Fenestella
1239 1144 1378 1182 docet:
1408 1158 1528 1195 quum
1548 1145 1648 1183 inter

115 1202 232 1240 finem
252 1200 411 1239 secundi
430 1199 521 1238 belli
543 1198 691 1243 Punici,
712 1208 752 1236 et
771 1199 919 1236 initium
940 1198 1044 1236 tertii
1063 1208 1178 1236 natus
1199 1198 1262 1243 sit,
1284 1207 1323 1235 et
1342 1208 1519 1237 mortuus
1536 1214 1545 1237 :
1575 1213 1648 1237 nec

114 1257 147 1294 si
166 1270 190 1294 a
208 1254 390 1293 Numidis
417 1263 484 1292 aut
513 1252 667 1290 Getulis
696 1262 832 1303 captus
860 1253 922 1296 sit,
951 1252 1001 1290 ad
1028 1252 1167 1290 ducem
1197 1252 1416 1290 Romanum
1445 1254 1649 1304 pervenire

114 1310 318 1361 potuisset,
350 1307 457 1346 nullo
483 1307 715 1345 commercio
743 1307 840 1344 inter
869 1306 1025 1344 Italicos
1054 1317 1094 1344 et
1122 1306 1253 1350 Afros,
1277 1306 1349 1344 nisi
1373 1316 1463 1358 post
1480 1307 1649 1345 deletam

115 1363 404 1414 Carthaginem,
424 1370 567 1412 coepto.
616 1360 694 1399 Hic
713 1374 802 1398 cum
821 1360 952 1398 multis
972 1360 1168 1398 nobilibus
1189 1360 1429 1398 familiariter
1449 1362 1560 1405 vixit,
1579 1361 1649 1399 sed

114 1418 284 1456 maxime
310 1430 398 1455 cum
426 1415 606 1467 Scipione
634 1415 833 1458 Africano,
862 1423 902 1452 et
926 1413 973 1452 C.
996 1414 1142 1452 Laelio:
1173 1414 1315 1465 quibus
1333 1415 1453 1453 etiam
1472 1416 1648 1467 corporis

114 1472 239 1523 gratia
258 1470 483 1509 conciliatus
501 1469 760 1507 existimatur.
808 1468 929 1511 Quod
948 1477 989 1506 et
1008 1469 1134 1519 ipsum
1157 1468 1374 1506 Fenestella
1393 1470 1533 1519 arguit,
1555 1483 1649 1507 con-

115 1526 279 1564 tendens
308 1534 473 1574 utroque
501 1523 687 1574 majorem
715 1531 807 1560 natu
832 1523 966 1561 fuisse.
1015 1522 1207 1565 Quamvis
1226 1532 1267 1560 et
1286 1521 1493 1561 Cornelius
1514 1523 1648 1574 Nepos

115 1579 286 1630 oequales
313 1592 448 1617 omnes
476 1578 595 1615 fuisse
620 1577 758 1622 tradat,
779 1585 819 1614 et
839 1576 1000 1615 Porcius
1019 1577 1279 1628 suspicionem
1298 1576 1347 1614 de
1368 1577 1648 1616 consuetudine

116 1646 188 1685 per
205 1634 290 1672 haec
309 1633 426 1671 faciat
443 1646 453 1670 :

302 1695 424 1731 ²Dum
439 1694 622 1730 lasciviam
637 1694 813 1730 nobilium
830 1699 865 1729 et
881 1693 1024 1728 fucosas
1039 1692 1163 1728 laudes
1178 1693 1268 1738 petit
1283 1707 1292 1728 :

301 1742 404 1778 Dum
418 1742 580 1777 Africani
595 1744 705 1776 ⁸voce
721 1741 841 1776 divina
857 1741 971 1776 inhiat
987 1740 1100 1775 avidis
1115 1741 1283 1776 auribus:

301 1789 404 1825 Dum
419 1789 465 1824 ad
481 1789 627 1824 Furium
645 1800 682 1823 se
698 1789 864 1824 coenitare
881 1794 917 1823 et
932 1787 1099 1830 Laelium,
1117 1788 1309 1833 pulchmm
1325 1793 1449 1833 putat:

302 1835 404 1872 Dum
420 1848 458 1871 se
473 1836 584 1871 amari
600 1835 645 1871 ab
660 1835 758 1871 hisce
775 1835 900 1877 credit,
919 1835 1045 1870 crebro
1062 1835 1100 1870 in
1116 1834 1299 1870 Albanum
1316 1836 1412 1880 ⁴rapi

303 1883 383 1919 ⁵Ob
399 1884 522 1919 florem
540 1883 653 1918 aetatis
670 1894 744 1917 suae
758 1897 767 1917 :
794 1883 895 1928 ipsus
911 1882 1062 1917 sublatis
1079 1882 1186 1917 rebus
1202 1881 1247 1916 ad
1264 1893 1442 1917 summam

304 1931 470 1977 Inopiam
485 1929 649 1965 redactus
665 1934 729 1964 est.

304 1978 430 2025 ltaque
447 1990 466 2012 e
482 1982 678 2023 conspectu
693 1976 855 2011 omnium
870 1975 958 2011 abiit
973 1974 1012 2010 in
1029 1973 1218 2017 Graeciam,
1236 1974 1275 2010 in
1289 1980 1422 2011 terram
1437 1975 1613 2013 ultimam.

304 2025 475 2060 Mortuus
491 2030 545 2059 est
560 2025 599 2059 in
616 2023 840 2069 Stymphalo,
858 2022 1022 2058 Arcadiae
1038 2022 1193 2068 oppido:
1220 2022 1311 2057 nihil
1326 2022 1476 2059 Publius

304 2072 425 2118 Scipio
442 2071 590 2118 profuit,
608 2071 698 2118 nihil
714 2071 746 2105 ei
762 2070 906 2112 Laelius,
923 2069 1014 2104 nihil
1031 2069 1158 2104 Furius
1171 2085 1182 2111 ς

301 2119 391 2155 Tres
407 2131 470 2165 per
485 2119 580 2154 idem
595 2124 738 2164 tempus
754 2118 816 2164 qui
831 2117 1012 2163 agitabant
1028 2117 1167 2152 nobiles
1182 2116 1360 2152 facillime.

303 2167 440 2202 Eorum
456 2167 516 2201 ille
532 2177 639 2211 opera
654 2177 700 2200 ne
715 2165 864 2200 domum
881 2164 1025 2211 quidem
1040 2164 1166 2199 habuit
1182 2163 1464 2200 conductitiam:

305 2213 439 2250 Saltem
454 2219 495 2249 ut
511 2219 616 2255 esset,
635 2224 708 2259 quo
724 2212 870 2247 referret
887 2212 1027 2247 obitum
1043 2210 1180 2246 domini
1195 2211 1371 2247 servulus.

117 2274 282 2326 Scripsit
309 2273 520 2312 comoedias
549 2286 619 2311 sex
641 2286 650 2310 ε
692 2285 742 2310 ex
770 2272 913 2323 quibus
940 2271 1103 2322 primam
1133 2269 1323 2308 Andriam
1351 2283 1440 2308 cum
1469 2270 1651 2311 aedilibus

119 2328 242 2372 daret,
256 2328 391 2379 jussus
409 2336 499 2366 ante
518 2326 667 2365 ‘Caerio
686 2326 861 2364 recitare.
904 2325 971 2363 Ad
988 2332 1206 2363 coenantem
1221 2338 1310 2363 cum
1325 2325 1506 2369 venisset,
1523 2325 1651 2364 dictus

119 2391 191 2427 est,
217 2383 368 2420 initium
398 2381 554 2432 quidem
576 2380 732 2422 fabulae,
759 2379 866 2431 quod
893 2388 976 2417 erat
1001 2378 1255 2417 contemtiore
1283 2379 1440 2422 vestitu,
1466 2379 1652 2418 subsellio

114 2436 234 2487 juxta
254 2436 440 2475 lectulum
463 2435 638 2474 residens
655 2435 819 2486 legisse:
847 2443 937 2485 post
954 2447 1099 2485 paucos
1119 2446 1213 2471 vero
1233 2446 1369 2470 versus
1389 2433 1587 2479 invitatus,
1607 2443 1653 2472 ut

170 2543 181 2563 ¹
192 2543 259 2575 Alii
288 2543 370 2574 hanc
399 2543 499 2574 vitam
529 2541 676 2573 tribuunt
708 2540 864 2573 Suetonio
906 2540 1074 2571 ferendum
1090 2550 1161 2571 esse
1177 2539 1314 2570 videtur.
1342 2539 1379 2570 Z.

120 2586 317 2628 Tranquillo.
342 2587 502 2618 Caeterum
518 2596 597 2626 quas
611 2585 664 2616 hic
677 2584 801 2615 additas
815 2584 862 2614 vi·
949 2584 1055 2623 ‘Rapa'
1084 2590 1134 2614 est
1151 2582 1262 2614 rheda
1286 2588 1343 2613 aut
1364 2593 1447 2624 equo
1468 2583 1553 2615 vehi.
1599 2585 1652 2616 Sic

120 2630 188 2666 des,
210 2629 311 2660 lector
331 2629 494 2666 benevole,
514 2628 641 2660 notulas
656 2628 737 2659 Tan.
755 2627 862 2665 Fabri,
908 2626 1024 2658 Horat.
1049 2627 1150 2658 Serm.
1172 2626 1194 2657 i.
1216 2627 1245 2656 5.
1282 2625 1419 2660 Quatuor
1431 2628 1503 2658 Ιιόιι·
1516 2631 1653 2668 rapimur

121 2672 341 2714 excerpsimus
356 2683 398 2703 ex
411 2672 487 2704 edit.
503 2671 730 2703 Westerhovii.
762 2671 799 2701 Z.
906 2672 1018 2711 viginti
1031 2676 1063 2701 et
1076 2671 1175 2700 millia
1189 2671 1301 2700 rhedis.
1335 2669 1419 2700 Fan.

163 2716 327 2747 masc-'via
340 2715 393 2746 hic
407 2715 569 2757 significat
582 2715 672 2746 lusus
686 2714 863 2752 liberiores,
950 2714 963 2733 ⁵
974 2713 1073 2744 Hunc
1088 2721 1121 2743 et
1135 2718 1323 2753 sequentem
1338 2723 1467 2744 versum
1477 2713 1652 2753 Westerh„

117 2760 219 2799 jocos,
240 2758 398 2796 convivia,
420 2765 454 2790 et
474 2758 547 2796 alia,
569 2769 640 2800 quae
663 2757 864 2789 tenuioribus
906 2756 988 2788 duce
1011 2757 1127 2792 Fabro,
1149 2755 1183 2786 in
1206 2765 1307 2786 unum
1328 2763 1527 2788 contractum
1551 2758 1654 2790 edidit

122 2802 306 2834 hominibus
327 2808 405 2832 sunt
424 2801 604 2843 denegata;
642 2801 700 2833 sed
728 2800 864 2832 summis
906 2800 978 2831 sie:
1019 2801 1064 2830 Ob
1077 2801 1184 2838 florem
1205 2801 1308 2830 atatis
1326 2810 1414 2831 ωας
1446 2802 1489 2831 ad
1508 2812 1653 2833 sunnam

122 2846 210 2884 viris,
226 2845 281 2887 qui
296 2844 436 2886 eleganti
449 2844 580 2886 ingenio
596 2844 663 2876 sint
676 2844 814 2888 praediti,
830 2850 865 2875 et
905 2845 1035 2883 inopiam
1051 2843 1193 2873 redactus
1207 2847 1262 2873 est.
1292 2842 1329 2874 Z.

122 2899 275 2921 eonem
289 2895 375 2926 sunt,
391 2893 425 2920 et
439 2888 520 2922 bene
534 2888 720 2919 succedunt.
752 2887 837 2918 Fas.
950 2886 963 2905 ⁶
973 2884 1217 2917 Westerhovius
1231 2892 1319 2917 recte
1337 2885 1440 2918 edidit
1461 2888 1593 2927 Cat-ilio,
1615 2894 1653 2920 ut

165 2930 256 2965 ‘Alii
275 2931 390 2974 leg-unt
408 2942 505 2964 σοοαιι
522 2932 664 2970 divinam,
679 2930 764 2973 quod
779 2941 862 2974 prae·
905 2929 1004 2972 paulo
1018 2935 1094 2971 post
1109 2930 1236 2961 Coeilii.
1268 2928 1306 2961 Ζ.
