1852 3216
447 132 528 170 DE
568 130 808 170 METRIS
847 130 1301 170 TERENTIANIS.
1531 132 1642 171 lxxiii

298 217 369 260 Qui
385 219 506 253 omnia
520 227 559 252 se
574 216 744 252 simulant
759 218 862 257 scire,
880 226 946 251 nec
986 214 1154 261 uinquam
1170 215 1307 251 sciunt:

298 264 406 307 Quod
422 263 572 311 quisque
589 264 625 299 in
641 263 761 298 animo
777 262 885 298 habet
900 267 962 297 aut
1025 261 1209 304 bituni’st,
1227 262 1366 297 sciunt:

296 310 438 353 Sciunt,
458 310 555 358 quod
570 310 609 345 in
626 321 747 346 aurem
763 309 824 345 rex
840 309 972 355 reginae
987 308 1136 344 dixerit:

295 357 434 400 Sciunt,
453 357 549 404 quod
565 357 664 392 «Iuno
681 356 885 392 fabulata’st
902 355 984 391 ct'un
999 355 1114 391 Jove:

294 403 385 449 Quae
400 417 516 452 neque
531 405 572 443 fu
591 404 601 451 ι
619 409 699 439 tura
712 415 818 450 neque
836 402 962 451 {sacta
974 407 1055 438 eunt
1073 402 1081 450 1
1102 408 1222 438 tamen
1238 402 1290 438 illi
1307 402 1435 438 sciunt.

105 477 217 514 Duos
235 475 313 515 illic
331 476 495 515 creticos
515 484 731 527 agnoscunt
744 483 784 512 et
802 474 1009 525 accipiunt,
1026 472 1271 524 dactylorum
1286 472 1435 511 scilicet
1448 472 1612 512 vicarios
1627 487 1636 511 ε

106 544 230 580 neque
258 530 332 568 hoc
358 530 541 574 contenti,
568 529 760 567 innumera
786 527 1009 579 hujusmodi
1036 535 1219 578 portenta
1246 526 1385 565 Plauto
1413 540 1484 565 suo
1511 527 1634 578 assig-

106 594 211 629 nant,
230 597 355 635 parma
373 584 490 622 etiam
514 583 713 622 Terentio.
769 581 855 620 Nos
881 594 1007 632 pauca
1031 580 1096 619 illa
1114 580 1196 632 jam
1218 580 1478 632 ejuravimus3
1511 581 1560 619 de
1580 581 1637 619 in-

106 638 276 676 numeris
298 637 392 676 olim
413 638 577 678 fortasse
597 636 811 676 curabitur.
868 635 1035 682 Interea,
1056 634 1151 685 quid
1177 634 1240 673 hic
1268 634 1396 673 Plauti
1424 633 1533 674 locus
1559 634 1636 673 sibi

106 691 288 743 postulet,
309 691 535 738 videamus3

290 753 383 798 Quae
398 754 514 800 neque
529 753 650 790 futura
665 754 839 798 necsacta
853 756 945 794 sunt,
963 757 1084 788 tamen
1099 751 1149 787 illi
1168 751 1298 788 sciunt.

108 814 186 853 Hic
215 814 304 852 duae
333 814 463 865 longae
492 814 779 864 corripiuntur3
812 812 892 849 duo
922 811 1055 850 cretici
1086 811 1257 856 veniunt,
1288 823 1366 861 quo
1393 823 1442 848 ne
1472 809 1637 861 dactylis

97 868 274 919 quidem.
296 868 328 906 si
351 881 483 906 aurem
512 868 711 912 habemus,
733 866 864 904 venire
886 866 945 903 fas
970 874 1043 903 est.
1100 865 1236 903 Hosne
1255 878 1421 902 numeros
1444 870 1485 902 ut
1502 864 1635 902 lauda-

105 922 222 960 verint
251 922 437 960 Pisonum
464 922 627 972 proavi?
657 921 743 971 quis
767 919 969 958 comoedus
996 928 1116 964 actor,
1136 932 1183 956 ne
1212 919 1295 969 ipse
1322 918 1479 968 quidem
1499 918 1635 963 Pellio,

106 976 168 1014 vel
187 976 313 1027 pretio
331 975 499 1014 voluerit
518 988 670 1020 emere;
701 974 763 1012 vel
786 973 977 1011 blaterare
997 973 1081 1011 hoec
1103 972 1153 1010 ad
1171 972 1307 1011 tibiam
1328 973 1366 1010 in
1383 985 1500 1010 scena
1517 985 1635 1010 ausus

107 1030 250 1068 fuerit?
279 1043 354 1068 non
385 1043 474 1068 suas
503 1029 634 1080 potius
664 1028 737 1066 sibi
767 1040 830 1066 res
862 1036 1017 1078 poetam
1052 1026 1168 1064 talem
1199 1026 1342 1064 habere
1369 1026 1559 1077 jusserit?
1592 1026 1634 1063 Si

104 1083 306 1122 licentiarii
334 1084 457 1122 nostri
485 1083 533 1121 de
553 1082 821 1122 emendatione
840 1081 1120 1132 desperarunt3
1150 1080 1356 1119 humanius
1383 1089 1511 1118 tamen
1537 1089 1632 1126 erat,

106 1138 155 1175 de
184 1138 326 1176 mendo
355 1138 484 1188 potius
512 1137 700 1181 confiteri,
731 1149 846 1186 quam
875 1144 1031 1186 poetam
1062 1135 1189 1185 ipsum
1218 1134 1473 1184 proscribere.
1531 1133 1633 1171 Vide

106 1201 246 1238 tamen,
264 1205 378 1242 quam
399 1191 521 1230 facilis
540 1205 586 1229 ea
602 1204 650 1228 ne
675 1189 942 1241 quaerentibus
961 1188 1116 1239 quidem
1135 1202 1177 1226 se
1197 1187 1349 1226 offerat.
1405 1187 1517 1226 Tolle
1537 1187 1635 1226 illud

93 1246 237 1296 facta‚·
266 1257 305 1284 et
325 1246 555 1290 trimetrum,
575 1244 708 1295 quales
726 1244 789 1281 hic
809 1243 940 1281 caeteri
961 1252 1062 1288 sunt,
1082 1238 1402 1280 rotundissimum
1419 1241 1565 1280 habes:

291 1308 382 1352 Quae
395 1308 512 1356 neque
529 1308 662 1351 futura,
680 1307 795 1354 neque
812 1311 909 1348 sunt,
927 1311 1048 1341 tamen
1063 1304 1117 1341 illi
1132 1305 1261 1340 sciunt.

106 1367 213 1411 Quin
245 1377 285 1406 et
313 1368 386 1406 hoc
414 1381 549 1406 sensus
582 1368 678 1418 ipse,
710 1379 789 1404 non
820 1373 986 1404 metrum
1016 1364 1153 1410 solum,
1184 1364 1399 1416 efflagitat:
1428 1378 1517 1404 nam
1548 1378 1634 1416 quae

92 1422 248 1471 sutura,
277 1431 316 1459 et
343 1435 430 1474 quoe
456 1428 552 1466 sunt,
581 1421 620 1459 in
645 1420 782 1458 eodem
811 1432 952 1470 genere
981 1427 1073 1457 sunt
1100 1419 1303 1469 opposita:
1332 1432 1409 1456 non
1425 1418 1567 1470 sutura
1593 1428 1634 1457 et

93 1475 224 1526 sacta.
280 1476 322 1514 Si
347 1475 443 1513 illud
458 1475 575 1526 facta
595 1481 678 1513 sunt
702 1488 726 1512 a
746 1483 862 1525 poeta
880 1482 1007 1515 esset:
1038 1472 1202 1510 dixisset
1227 1473 1374 1523 utique,
1394 1486 1482 1523 quae
1508 1486 1634 1523 neque

93 1530 190 1582 fient
208 1543 334 1580 neque
340 1529 459 1581 sacta
478 1535 562 1567 sunt
576 1544 589 1574 ;
618 1537 733 1579 atque
753 1528 910 1579 insuper
928 1526 977 1565 de
1001 1526 1155 1565 duobus
1179 1526 1349 1578 peccatis
1369 1540 1487 1565 unum
1505 1526 1633 1566 lucra-

106 1592 168 1621 tus
188 1592 302 1621 esset.

671 1666 761 1710 Ars
788 1667 1064 1709 Terentiana.

158 1748 296 1787 Restat
307 1748 403 1800 jam,
419 1757 463 1786 ut
480 1748 529 1786 de
548 1756 630 1787 arte
649 1747 894 1792 Terentiana,
910 1760 998 1796 quae
1018 1754 1221 1797 tantopere
1235 1745 1327 1784 olim
1347 1745 1541 1784 celebrata
1561 1754 1632 1791 est,

105 1815 228 1853 pauca
247 1802 476 1841 delibemus.
522 1801 711 1840 Horatius
730 1801 857 1852 Epist.
878 1800 918 1838 ii.
943 1804 978 1838 l.
996 1803 1061 1838 55.

290 1864 497 1910 Ambigitur
513 1865 678 1911 quotiens
694 1869 774 1899 uter
789 1869 872 1898 utro
889 1862 935 1897 sit
949 1862 1068 1908 prior:
1097 1862 1213 1897 aufert

291 1911 468 1947 Pacuvius
485 1911 582 1946 docti
597 1911 728 1946 famam
745 1910 851 1952 senis,
870 1910 1003 1944 Accius
1018 1909 1080 1943 alti
1094 1923 1101 1943 :

290 1958 435 1994 Dicitur
450 1958 578 1993 Afrani
593 1964 678 2003 toga
694 1957 902 1992 convenisse
918 1956 1139 1991 Menandro:

292 2005 440 2041 Plautus
456 2005 499 2040 ad
516 2006 718 2051 exemplum
734 2004 845 2039 siculi
884 2014 1048 2049 roperare
1063 2002 1268 2048 Epicharmi
1282 2017 1291 2038 ε

289 2052 441 2088 Vincere
457 2051 622 2088 Caecilius
637 2051 823 2098 gravitate,
875 2062 1070 2086 naum-ms
1087 2062 1199 2085 Auru.

105 2112 184 2151 Ubi
213 2112 375 2151 dubium
404 2121 476 2158 est,
509 2120 680 2150 artemne
711 2110 911 2148 metricam
940 2109 1047 2156 velit,
1079 2122 1127 2147 an
1156 2109 1355 2148 comicam.
1413 2108 1628 2162 Utramque

103 2167 262 2218 opinor;
305 2180 395 2205 nam
426 2167 466 2204 in
494 2175 659 2217 utraque
695 2164 811 2203 laude
844 2172 987 2208 noster,
1020 2172 1099 2201 tam
1133 2176 1315 2201 versuum
1345 2163 1628 2211 concinnitatis,

104 2233 219 2270 quam
236 2220 376 2259 lucidae
395 2234 526 2258 rerum
545 2219 820 2271 dispositionis,
840 2218 985 2269 primas
1004 2218 1175 2255 tenebat.

155 2274 259 2312 Illud
278 2288 368 2313 sane
387 2274 425 2312 in
442 2274 574 2325 lingua
591 2273 730 2311 Latina
743 2271 923 2317 notabile,
935 2285 983 2310 ne
1002 2285 1121 2309 unum
1136 2270 1294 2322 quidem
1307 2271 1470 2309 verbum
1483 2280 1627 2323 praeter

102 2328 366 2379 monosyllaba
397 2337 529 2366 tonum
557 2328 595 2366 in
624 2327 760 2365 ultima
786 2326 978 2364 habuisse.
1035 2324 1158 2363 Deum
1189 2325 1318 2376 igitur,
1342 2325 1471 2370 virum,
1494 2325 1624 2371 πιὲιιπι,

102 2382 202 2420 trium
228 2383 357 2434 priore
382 2381 474 2420 licet
503 2382 612 2421 brevi
641 2380 960 2432 pronunciabant,
990 2392 1184 2430 nunquam
1212 2378 1286 2416 nisi
1313 2378 1352 2416 in
1377 2391 1492 2417 versu
1507 2379 1623 2426 deam,

101 2435 229 2481 viv-tim,
246 2437 375 2482 metim,
395 2436 507 2474 turim.
552 2434 839 2479 Quinctilianus
858 2434 986 2472 Instit.
1006 2433 1031 2471 i.
1055 2436 1092 2470 5.
1139 2432 1215 2470 Est
1231 2438 1353 2470 autem
1370 2431 1408 2469 in
1425 2433 1523 2470 omni
1543 2447 1627 2472 voce

101 2489 225 2541 ntique
250 2496 361 2528 acuta
387 2489 548 2542 syllaba,
577 2503 643 2527 nec
668 2489 801 2526 ultima
826 2501 1011 2540 unquam.-
1039 2486 1191 2538 ideoque
1216 2486 1255 2524 in
1282 2485 1479 2538 disyllabis
1499 2487 1623 2538 prior.

104 2542 336 2588 Priscianus,
364 2557 404 2595 p.
437 2546 553 2586 1287.
582 2543 728 2581 Aeacus
757 2548 932 2580 accentus
962 2540 1065 2593 apud
1096 2540 1252 2578 Latinos
1283 2539 1355 2577 duo
1387 2539 1469 2578 loca
1500 2540 1622 2586 habet,

95 2597 339 2647 penultimum
365 2603 400 2636 et
425 2597 778 2649 antepenultimam:
807 2595 911 2647 apud
939 2594 1095 2633 Graecos
1121 2600 1243 2632 autem
1270 2600 1306 2631 et
1331 2592 1512 2632 ultimum.
1567 2595 1622 2634 Et

103 2650 220 2701 paulo
239 2659 350 2702 post:
369 2650 487 2702 Apud
498 2651 654 2691 Latinos
672 2651 711 2688 in
729 2649 862 2688 ultima
880 2649 1039 2701 syllaba,
1055 2648 1128 2686 nisi
1141 2646 1370 2685 discretionis
1388 2661 1514 2694 causa,
1527 2650 1621 2700 poni

103 2717 174 2741 non
202 2704 295 2742 solet
318 2711 503 2742 accentus.
560 2704 751 2750 Donatus,
776 2717 817 2755 p.
839 2705 954 2745 1740.
998 2702 1121 2740 Tonas
1142 2707 1286 2746 acutus,
1305 2714 1386 2739 eum
1411 2701 1450 2739 in
1470 2702 1620 2742 Grae-is

105 2757 326 2796 dictionibus
352 2759 428 2796 tria
460 2758 542 2796 loca
568 2765 701 2804 teneat,
727 2758 908 2803 ultimum,
930 2756 1183 2808 penultimum,
1206 2761 1243 2793 et
1265 2755 1590 2807 antepenultimam
1601 2772 1617 2803 ‚-

105 2817 201 2849 tenet
226 2811 331 2863 apud
354 2811 509 2850 Latinos
526 2812 770 2864 penultimum
793 2818 829 2849 et
850 2808 1204 2862 antepenultimum;
1232 2808 1400 2847 ultimum
1420 2823 1616 2862 nunquam.

106 2864 306 2904 Maximus
333 2864 570 2911 Victorinus,
595 2879 636 2917 p.
658 2869 774 2904 1942.
810 2865 969 2908 Acutus,
1000 2876 1080 2901 cum
1111 2861 1216 2914 apud
1247 2862 1405 2901 Groecos
1434 2863 1508 2902 tria
1535 2864 1618 2902 loca

105 2924 239 2964 teneat,
258 2918 361 2972 apud
378 2933 444 2958 nos
460 2919 597 2957 ambus
616 2925 758 2958 tantum
770 2920 859 2972 poni
871 2924 993 2970 potest
1006 2933 1020 2962 ;
1048 2922 1113 2954 aut
1132 2917 1170 2954 in
1182 2916 1401 2968 penultima,
1418 2923 1459 2955 ut
1477 2918 1617 2969 praele-

104 2973 227 3022 gistis,
246 2980 311 3011 aut
329 2987 373 3011 ea
398 2987 485 3025 quae
509 2987 534 3011 a
549 2973 632 3023 fine
649 2979 704 3011 est
728 2973 850 3017 tertia,
867 2979 909 3009 ut
934 2970 1190 3023 praeleffl‘mus.
1247 2969 1552 3022 Olympiodorus
1580 2973 1619 3011 iu
