1852 3216
68 192 208 221 scam
230 181 291 236 v.]

683 179 995 223 ANDRIA.

1553 183 1605 225 41

180 270 300 312 Pau.
324 269 495 312 Memor
514 276 686 312 essem?
718 283 744 311 ο
767 269 924 324 Mysis,
947 268 1104 323 Mysis,
1129 269 1258 311 etiam
1278 282 1391 311 nunc
1411 268 1514 311 mihi

180 334 353 390 Scripta
373 333 444 376 illa
461 334 578 377 dicta
596 341 698 376 sunt
716 335 761 375 in
781 334 921 375 animo
941 332 1168 388 Chrysidis

179 398 252 441 De
272 398 493 454 Glycerio.
537 398 636 440 Jam
656 398 790 441 ferme
807 398 993 440 moriens
1011 412 1081 440 me
1101 406 1225 440 vocat
1242 415 1253 439 z

122 472 164 501 ⁵⁰
180 463 387 506 Accessi:
419 477 495 504 vos
517 471 718 514 semotae3
749 478 829 505 nos
850 461 953 504 soli:
985 463 1149 518 incipit,

179 528 246 570 Mi
267 527 508 583 Pamphile,
525 528 657 584 hujus
678 528 856 570 formam
877 536 1007 584 atque
1028 535 1199 570 aetatem
1219 528 1366 579 viden

179 593 277 635 Nec
294 592 403 634 clam
424 600 468 634 te
489 600 572 644 est,
592 609 722 649 quam
742 593 803 635 illi
821 607 936 635 nunc
958 599 1156 648 utraeque
1175 592 1365 643 inutiles,

181 658 242 699 Et
263 658 318 699 ad
339 658 604 713 pudicitiam,
628 666 672 700 et
693 658 748 700 ad
772 673 863 700 rem
882 658 1108 699 tutandam
1130 658 1254 699 sient.

63 745 148 785 quod
172 744 260 775 dicit.
313 745 410 775 Unum
431 746 486 774 hoc
507 743 584 785 seio]
610 744 695 775 Vide
718 755 814 785 quam

63 787 179 818 callida
200 787 275 823 siut,
301 796 373 827 quae
391 796 411 817 a
434 786 563 827 Myside
586 786 814 826 subjiciuntur,

63 830 103 860 ad
134 829 323 861 irritandam
354 828 601 870 promissionem
641 829 813 870 Pamphili.

70 874 168 903 Unam
182 874 237 902 hoc
250 871 328 912 scio]
347 871 485 911 Subjicit
499 871 554 902 illa
566 882 638 911 quae
647 871 814 903 ardentem

65 915 242 946 incendant
256 914 369 955 magis.
414 914 500 944 Nam
516 913 601 944 dixit
621 914 678 945 ille
693 914 811 952 omnia,

64 957 180 998 quibus
195 957 322 998 cogitur
336 966 465 987 servare
481 956 595 987 fidem:
620 956 728 988 sedde
743 967 812 988 me-

65 1000 129 1031 rito
139 1001 209 1040 ejus
217 1006 274 1030 aut
286 999 367 1030 nihil
375 998 469 1035 dixit,
483 1005 539 1029 aut
548 1009 673 1040 parum.
715 1001 814 1030 Unum

64 1044 118 1073 hoe
131 1042 211 1083 seio]
227 1042 329 1077 Quasi
341 1042 401 1072 hoc
412 1042 507 1078 dicat,
521 1041 608 1077 Quid
621 1050 657 1073 tu
670 1042 813 1073 facturus

65 1085 110 1116 sis
135 1084 284 1125 equidem
312 1083 432 1120 nescio,
460 1084 517 1115 sed
536 1094 638 1116 unum
662 1085 739 1121 scio,
772 1086 814 1116 Ut

65 1127 399 1201 :5500'0223520'52301'
403 1126 812 1212 ”fflofiffissussffmfflfflsz

71 1214 114 1244 Ut
126 1224 233 1244 memor
244 1223 322 1244 esses
334 1211 399 1253 nd]
419 1212 510 1243 Bene
524 1213 708 1254 praeterito:
732 1223 812 1253 quo-

66 1255 153 1286 niam
168 1265 239 1296 quae
255 1255 421 1296 preterita
436 1261 521 1293 sunt,
538 1255 573 1286 in
588 1255 813 1287 recordatione

66 1298 168 1339 magis
190 1297 409 1339 lacrymabilia
431 1298 514 1338 (Ms.
539 1298 650 1329 Hulst.
673 1298 764 1329 addit
782 1304 814 1330 et

65 1341 266 1380 miserabilia)
292 1347 386 1376 sunt5
425 1347 461 1371 ut
484 1340 651 1381 Virgilius,
675 1341 752 1372 AEn.
778 1341 813 1372 ii.

67 1383 246 1416 678.——cm·
262 1394 378 1422 parvus
392 1384 489 1420 Iulus,
507 1384 565 1414 Cui
576 1389 677 1423 pater,
694 1388 725 1414 et
743 1394 812 1414 con-

58 1426 813 1509 ᾚθἜῗῖἒὲοῗοἬῖἶῒῷῖῖἷωῇἷῖῗ

63 1521 121 1551 per
131 1513 210 1551 quod
219 1516 311 1551 pater
318 1516 389 1541 ante
403 1512 526 1541 solebat.
552 1511 640 1541 D.—
647 1512 745 1542 Unum
760 1513 814 1542 hoc

66 1556 136 1590 ado,
152 1555 289 1583 meritam
304 1564 367 1584 esse
382 1558 417 1583 ut
437 1563 546 1584 memor
559 1564 638 1584 esset
652 1553 718 1594 mi]
742 1553 811 1584 Ad-

62 1595 143 1635 iecit
175 1605 287 1626 rursus
322 1595 510 1626 adolescens
538 1606 606 1626 suae
630 1596 812 1627 memoriae:

66 1637 225 1678 siquidem
240 1637 329 1675 dicit,
345 1638 380 1669 in
392 1637 501 1669 animo
511 1648 546 1668 se
562 1638 630 1669 haec
647 1638 815 1680 Chrysidis

67 1680 236 1712 morientis
262 1688 296 1712 et
318 1680 600 1712 commemorantis
626 1681 814 1722 Glycerium

66 1723 188 1764 scripta
198 1724 297 1754 verba
306 1723 480 1765 pertinere.
514 1724 555 1754 In
565 1733 629 1764 qua
640 1734 676 1755 re
691 1723 813 1755 allocu-

67 1765 165 1796 tionis
181 1771 259 1796 sunt
282 1773 444 1807 praecepta
465 1772 499 1796 et
521 1772 718 1807 potestates:
751 1766 813 1798 hoc

66 1814 126 1845 est,
142 1807 259 1849 quibus
273 1808 381 1839 verbis
402 1808 517 1850 potuit,
534 1814 571 1839 ut
586 1809 720 1850 Chrysis
742 1819 812 1840 mo-

66 1850 155 1882 riens
182 1850 213 1881 ei
239 1851 480 1881 commendaret
504 1850 702 1892 Glycerium.
747 1851 813 1883 Sed

66 1892 219 1933 quoniam
234 1893 294 1924 hoc
316 1892 453 1934 profecit
467 1892 509 1924 ad
525 1893 685 1930 affectum,
702 1899 739 1924 ut
754 1904 812 1925 ex·

66 1935 143 1967 inde
164 1935 356 1976 profiteatur
367 1935 564 1973 adolescens,
577 1946 612 1967 se
627 1935 815 1976 Glycerium

66 1988 132 2010 non
148 1978 362 2015 deserturum,
378 1978 505 2019 singula
521 1978 715 2009 excutienda
729 1985 815 2010 sunt.

69 2021 154 2052 Nam
166 2020 319 2062 primum,
333 2031 397 2061 quo
410 2027 556 2063 tempore
566 2021 675 2052 locuta
685 2021 737 2058 sit,
751 2031 816 2053 non

69 2063 140 2095 aine
176 2063 292 2094 affectu
329 2070 388 2094 est.
433 2065 569 2095 Moriens
605 2075 659 2101 me,
690 2064 814 2104 inquit:

68 2116 140 2147 quae
161 2116 215 2137 res
236 2106 335 2137 habet
355 2106 530 2137 maximam
554 2106 719 2148 pietatem,
742 2117 815 2138 cum

68 2154 232 2191 postrema
255 2159 319 2179 vox
342 2156 411 2179 est:
442 2149 528 2189 quod
551 2149 612 2180 soli
637 2160 759 2186 sumus,
784 2156 817 2180 et

68 2191 154 2232 quod
174 2191 307 2222 semotis
328 2191 498 2222 omnibus:
534 2191 608 2233 plus
630 2192 718 2223 enim
741 2192 817 2223 fidei

69 2243 150 2265 Μ
164 2233 264 2270 dedit,
279 2234 408 2274 quando
431 2240 547 2265 testem
567 2234 721 2266 adhibere
737 2245 815 2275 neg-

69 2275 158 2308 lexit.
204 2276 334 2307 Deinde
354 2277 500 2317 sequitur
521 2276 593 2318 ipsa
616 2277 729 2315 oratio,
745 2287 817 2317 quae

167 2329 223 2350 um
238 2318 387 2350 affectum
405 2326 504 2350 tenet.
537 2320 713 2350 R—Hanc
725 2322 816 2350 meri-

70 2366 131 2393 ta-
175 2362 215 2393 In
238 2361 328 2403 regio
353 2362 423 2393 cod.
447 2362 487 2393 τὸ
507 2364 585 2393 hane
604 2362 815 2393 desideratur.

70 2403 245 2435 L—Hanc
270 2405 362 2436 abest
384 2414 404 2435 a
428 2404 615 2436 melioribus
638 2404 730 2436 codd.
756 2415 816 2436 nec

69 2446 195 2478 nncinae
229 2447 270 2478 de
304 2447 436 2478 domina
471 2447 616 2488 loquenti
654 2447 816 2478 convenit.

72 2488 200 2520 Deinde
215 2500 278 2521 esre
300 2500 386 2530 pone
400 2496 476 2520 ante
498 2493 646 2526 meritam,
663 2490 717 2530 qui
739 2490 818 2521 ordo

70 2536 120 2562 eet
133 2531 169 2562 in
191 2531 313 2563 Donati
337 2532 436 2564 Msto.
453 2532 645 2570 Oxoniensi,
661 2539 699 2564 ut
719 2532 818 2564 meri·

71 2579 138 2605 tam
150 2573 237 2605 clare
251 2574 355 2616 pondt
368 2574 483 2606 audiri.
515 2575 554 2606 B.

113 2616 167 2648 47.
194 2618 221 2647 0
238 2618 348 2658 Mysis,
363 2617 482 2659 Mysis]
507 2617 653 2649 Primum
669 2618 817 2655 vocandi,

68 2658 210 2690 alterum
223 2658 235 2689 i
379 2660 413 2691 di
427 2667 486 2691 est.
519 2660 562 2691 D.

114 2702 167 2733 48.
190 2703 295 2732 Etia-
306 2713 384 2733 nunc
392 2702 527 2743 scripta]
540 2703 579 2734 Id
591 2709 819 2744 argumentum

72 2750 140 2817 ἃ
146 2753 242 2784 quam
227 2743 337 2817 bgivae
351 2754 475 2794 memor
488 2745 541 2793 sit,
551 2745 607 2786 qui
618 2745 818 2819 etiami-mog·—

169 2796 228 2817 ver
268 2796 342 2817 rum
369 2794 554 2819 meminent
583 2788 699 2829 Chrysi
722 2798 751 2819 is
802 2799 821 2819 e

73 2828 237 2870 Glycerio.
269 2829 311 2860 D.
334 2846 380 2852 —
402 2829 449 2860 Ut
469 2830 663 2870 ambiguitas
684 2830 820 2871 genitivi

71 2870 219 2909 tollatur,
234 2873 320 2903 dicta
335 2881 420 2913 pone
496 2877 509 2903 t
522 2874 631 2904 anino.
664 2873 701 2904 B.

75 2928 79 2931 >
119 2914 173 2949 49.
184 2915 236 2945 50.
253 2914 427 2955 Jamsernte
460 2916 566 2946 Ferme
575 2914 764 2947 adverbium
775 2923 825 2947 est

78 2955 270 2988 festinantis.
303 2958 492 2989 Moriensme
504 2956 608 2998 vocat]
620 2957 672 2989 Ex
678 2964 824 3000 tempore

79 2999 227 3040 probavit
247 2999 386 3031 locutam
411 3010 486 3032 vera
502 3010 583 3038 esse,
606 3010 672 3032 nou
694 3000 770 3032 ficta
792 3008 824 3032 et

859 743 1018 774 simulata.
1058 744 1144 775 Nam
1161 743 1216 784 qui
1231 743 1303 774 sani
1318 750 1404 782 sunt,
1421 744 1484 786 ipsi
1501 744 1612 785 (adde,

858 789 919 817 sibi
948 797 1011 826 spe,
1041 786 1096 826 Z.)
1134 785 1290 827 longioris
1320 786 1396 818 vitae
1425 787 1608 818 adulantur.

859 829 950 869 Virg.
963 829 1039 860 AEn.
1054 839 1084 860 x.
1100 828 1172 861 782.
1205 831 1249 860 Et
1260 831 1363 861 dulces
1374 832 1503 861 moriens
1517 833 1609 861 remi-

858 874 988 902 nise-itur
995 873 1105 912 Argos.
1129 871 1300 911 Jamserme
1309 872 1453 913 moriem]
1463 872 1610 903 Affectus

857 924 875 944 a
886 920 1042 954 tempore,
1052 914 1138 954 quod
1146 922 1311 955 postrema
1318 925 1381 946 vox
1391 922 1471 946 erat.
1494 918 1609 946 Acces-

855 959 884 987 si
891 970 902 987 .·
918 967 967 987 eos
974 962 1093 987 semota
1099 969 1111 992 ‚·
1123 968 1176 987 nos
1181 956 1254 997 soli]
1264 957 1393 998 Figuroe
1398 958 1538 999 propriae
1544 957 1610 988 Te-

855 999 1022 1036 rentianae,
1049 999 1137 1039 (lege
1168 1001 1334 1039 Terentio)
1359 999 1533 1031 ἀσύνδετον
1556 1000 1611 1031 καὶ

857 1040 1008 1081 ἔλλειψις.
1052 1042 1110 1072 Vos
1120 1047 1250 1078 semoeae,
1263 1042 1354 1072 deest
1362 1045 1436 1073 estis
1448 1056 1458 1073 :
1481 1054 1534 1074 nos
1541 1045 1610 1079 soli.

856 1083 947 1115 deest
957 1086 1155 1114 remansimus
1163 1097 1175 1119 ,·
1196 1093 1233 1115 ut
1242 1091 1290 1115 est
1300 1084 1391 1121 illud,
1398 1087 1502 1126 Egone
1512 1087 1609 1121 illam,

856 1138 923 1167 quae
938 1129 1032 1162 illum,
1049 1137 1116 1166 quae
1131 1138 1176 1157 me
1186 1129 1202 1157 ,7
1236 1128 1294 1157 Vos
1305 1133 1424 1158 semotae
1433 1141 1445 1163 ,·
1468 1139 1520 1158 uos
1531 1127 1607 1167 soli]

857 1169 982 1200 Habuit
996 1169 1105 1206 fidem,
1122 1169 1207 1209 quod
1222 1169 1283 1200 soli
1299 1169 1430 1207 suimus,
1446 1170 1532 1211 quod
1548 1180 1608 1201 ne·

857 1222 911 1243 mo
933 1212 1045 1243 testis:
1069 1222 1111 1242 an
1134 1212 1253 1250 timuit,
1276 1222 1318 1243 ne
1340 1213 1401 1244 hoc
1424 1220 1517 1254 pater
1532 1219 1609 1243 ante

856 1254 1019 1286 firmatum
1042 1265 1184 1286 amorem
1207 1257 1441 1296 cognosceret?
1478 1255 1609 1296 Incipit]

858 1297 961 1328 Deest
982 1299 1092 1328 dicere.
1138 1298 1348 1339 Praeparatio,
1372 1304 1405 1329 et
1427 1298 1519 1338 quasi
1534 1308 1607 1329 ves-

858 1339 995 1371 tibulum
1026 1339 1182 1371 orationis
1212 1346 1271 1371 est.
1326 1342 1463 1380 Inceptio
1489 1340 1610 1372 dicitur

857 1381 1022 1419 orationis,
1044 1392 1116 1422 quae
1136 1382 1233 1423 longa
1250 1382 1481 1420 taciturnitate,
1504 1383 1609 1414 medi-

858 1431 924 1455 tate
938 1425 1143 1465 graviterque
1164 1425 1345 1466 profertur;
1368 1432 1405 1456 ut
1419 1425 1511 1466 Virg.
1530 1426 1607 1457 AEn.

856 1477 888 1498 x.
908 1468 979 1498 100.
1027 1469 1102 1498 Tum
1120 1473 1213 1507 pater
1234 1470 1426 1508 omnipotens,
1442 1479 1543 1499 rerum
1557 1470 1609 1499 cui

855 1521 971 1541 ramma
981 1515 1127 1549 potestas,
1145 1512 1225 1549 Infit.
1258 1511 1300 1541 D.

901 1554 952 1583 51.
976 1554 1026 1583 Mi
1034 1552 1211 1593 Pamphile]
1223 1552 1362 1592 Μίμησις
1374 1563 1435 1594 per
1442 1565 1607 1591 προσώπω

858 1594 980 1626 ποιΐανι
1019 1601 1053 1626 et
1110 1595 1286 1636 rincipium
1321 1606 1341 1626 a
1376 1596 1608 1627 blandimento.

858 1639 907 1668 Mi
923 1639 1081 1677 Pamphile
1114 1637 1199 1668 Vide
1210 1637 1371 1669 redditam
1382 1638 1454 1669 voci
1465 1638 1608 1669 morien-

858 1679 901 1711 tis
922 1680 1032 1711 densis
1054 1680 1236 1711 intervallis
1256 1680 1472 1722 interruptam
1488 1681 1608 1712 oratio*

858 1733 943 1759 nem,
960 1729 1074 1763 utpote
1088 1722 1174 1754 lasso
1188 1723 1336 1755 anhelitu
1356 1723 1606 1755 interveniente.

856 1766 962 1806 Hujus
973 1764 1107 1805 sor-mam
1129 1771 1220 1806 atque
1241 1766 1380 1807 atatem]
1404 1767 1504 1798 Amat
1518 1776 1607 1797 coma

857 1807 1013 1849 pendium
1022 1807 1189 1838 lassitudo.
1223 1810 1363 1840 Formam
1374 1809 1461 1840 enim
1471 1809 1610 1840 dicendo

856 1850 1132 1891 pulchritudinem
1154 1850 1338 1891 significat:
1370 1857 1500 1888 atatem,
1521 1852 1609 1892 quod

858 1903 967 1934 parva.
1011 1891 1257 1932 Hajussormam
1272 1899 1363 1933 alque
1380 1893 1517 1934 aetatem]
1535 1894 1608 1925 Du-

858 1935 936 1976 plex
946 1944 1044 1965 causa
1051 1935 1351 1973 commendationis,
1356 1934 1461 1975 sor-ma
1469 1943 1503 1967 et
1510 1941 1587 1968 aetas
1597 1949 1609 1968 .·

859 1984 897 2008 ut
918 1987 1026 2019 supra,
1049 1979 1141 2008 Forte
1161 1989 1251 2008 unam
1272 1981 1387 2018 aspicio
1401 1981 1607 2010 adolescentu-

860 2022 930 2058 lam,
953 2022 1073 2056 Forma,
1091 2026 1147 2051 etc.
1180 2020 1361 2058 D.-—Nam,
1376 2024 1420 2053 mi
1440 2023 1609 2062 Pamphile,

859 2061 976 2103 inquit]
1005 2062 1116 2093 Primo
1137 2063 1223 2103 quod
1245 2063 1449 2096 familiariter
1470 2064 1610 2096 allocuta

860 2112 919 2143 est,
936 2105 1074 2136 dicendo
1088 2107 1131 2136 mi
1138 2119 1151 2141 ,·
1177 2105 1296 2137 deinde
1316 2106 1389 2148 ipsa
1402 2107 1608 2139 commenda-

860 2148 916 2186 tio,
939 2158 1011 2188 quae
1025 2147 1106 2179 duas
1126 2147 1167 2178 ad
1188 2148 1442 2180 misericordiam
1465 2149 1612 2182 continet

860 2201 983 2228 causas,
999 2191 1134 2221 formam
1146 2196 1243 2231 atque
1257 2197 1405 2223 aetatem:
1429 2202 1526 2232 quam
1540 2202 1612 2224 rem

861 2240 894 2264 et
910 2233 1000 2264 Simo
1020 2233 1201 2264 laudaverit
1215 2233 1354 2265 dicendo
1368 2244 1477 2276 supra,
1492 2236 1542 2266 11³2·
1557 2245 1609 2265 as-

856 2278 939 2316 picio
955 2287 1044 2307 unam
1059 2277 1320 2313 adolescentulam,
1329 2275 1444 2316 forma,
1460 2282 1516 2308 etc.
1556 2277 1611 2309 Ex

860 2318 912 2350 his
928 2318 1015 2349 enim
1038 2319 1135 2349 rebus
1156 2318 1263 2349 omnis
1284 2329 1382 2351 causa
1403 2319 1535 2361 pietatis
1549 2325 1610 2358 est,

861 2361 1297 2445 ²²335⁸525522¹5ffi21132
1323 2404 1460 2445 Legitur
1490 2410 1524 2436 et
1547 2407 1612 2436 ...a

862 2449 914 2478 les.
959 2448 1003 2478 Et
1025 2449 1067 2477 ad
1083 2447 1283 2488 pudicitiam]
1310 2447 1449 2488 Propter
1476 2447 1613 2480 sormam

862 2489 956 2520 dixit.
995 2491 1040 2520 Et
1054 2491 1097 2520 ad
1110 2500 1173 2520 rem
1186 2489 1361 2530 tutandam]
1380 2490 1518 2531 Propter
1531 2496 1610 2522 eta-

863 2539 928 2563 tem
939 2544 947 2567 ς
968 2530 1129 2563 ἆτόδοσις.
1155 2532 1297 2563 1).-·11Ιὶ
1306 2543 1385 2563 nune
1394 2537 1530 2574 utraeqae
1542 2535 1612 2564 inu-

864 2574 951 2615 tiles]
975 2574 1030 2605 Sic
1052 2584 1095 2605 ex
1118 2574 1181 2605 Ms.
1201 2574 1240 2604 R.
1265 2575 1398 2612 editum,
1414 2575 1501 2616 quod
1523 2575 1613 2608 Pris-

862 2617 975 2649 cianus
990 2617 1024 2648 in
1039 2622 1133 2658 parte
1147 2617 1304 2658 agnoscit,
1317 2618 1404 2659 apud
1418 2627 1515 2658 quem
1529 2617 1611 2660 legi-

862 2670 935 2691 mus
952 2659 1007 2691 lib.
1024 2659 1090 2690 xiv.
1139 2660 1237 2693 Quam
1258 2661 1307 2690 iun·
1321 2671 1401 2692 nune
1415 2666 1550 2701 utroq-ui
1563 2671 1614 2693 m

863 2704 997 2733 inutiles.
1041 2701 1238 2733 L—Codex
1264 2702 1390 2744 Regius
1415 2702 1477 2734 boc
1489 2703 1615 2735 ordine

863 2745 967 2787 ponit,
989 2746 1057 2776 Nec
1070 2747 1149 2775 clam
1170 2750 1200 2775 te
1221 2749 1277 2781 eet,
1297 2756 1388 2786 qaa-
1407 2747 1458 2778 illa·
1477 2750 1614 2787 utroque

863 2799 913 2819 rer
935 2798 1013 2819 nunc
1035 2788 1168 2818 inutiles.
1308 2797 1351 2820 ne
1371 2789 1472 2825 neus,
1488 2794 1523 2820 et
1540 2798 1614 2820 ver-

864 2841 920 2862 sus
941 2837 990 2861 est
1012 2829 1140 2860 salvus:
1164 2828 1205 2860 cf.
1227 2828 1240 2861 i
1332 2830 1376 2862 iv.
1393 2831 1424 2862 5.
1442 2830 1492 2862 16.
1531 2831 1615 2862 B.—

867 2875 930 2904 Res
945 2883 1023 2903 nunc
1037 2873 1137 2903 utiles.
1168 2871 1221 2903 W.

913 2917 964 2946 53.
988 2916 1244 2954 Adpudicitr'an,
1258 2921 1291 2947 et
1303 2917 1347 2947 ad
1359 2926 1423 2947 ren
1438 2915 1615 2957 tutandam]

869 2958 922 2989 Ad
937 2956 1138 2999 pudicitiam,
1154 2956 1274 2994 sorma3
1295 2958 1337 2989 ad
1352 2968 1421 2990 rem
1437 2958 1616 2996 tutandam,

867 3007 954 3031 aetas.
980 2999 1044 3031 Sed
1055 2998 1172 3031 melius
1182 3006 1356 3041 utrumque
1365 3002 1405 3032 ad
1415 3001 1616 3042 pudicitiam.

1077 3051 1099 3072 a
