1852 3216
615 166 689 209 IN
727 166 1167 210 EUNUCHUM.

1581 173 1655 214 131

178 267 218 296 20
236 256 468 299 Menandri
490 255 768 308 Eunuchum,
790 265 1021 313 postquam
1040 257 1214 300 AEdiles
1234 266 1443 309 emerunt,

234 321 438 372 Perfecit,
461 322 543 363 sibi
563 329 612 364 ut
631 323 890 378 inspiciundi
910 331 1028 365 esset
1048 323 1186 378 copia.

233 386 519 441 Magistratus
540 401 673 442 quum
691 388 752 431 ibi
770 388 960 438 adesset,
975 388 1209 444 occepta'st
1227 389 1311 444 agi.

233 450 476 501 Exclamat,
498 451 651 500 furem,
674 467 761 494 non
780 461 967 508 poetam,
989 453 1179 496 fabulam

234 516 439 566 Dedisse,
461 523 505 558 et
525 516 632 558 nihil
651 517 827 559 dedisse
846 519 1076 561 verborum
1097 526 1263 561 tamen:

176 590 216 619 25
233 580 433 623 Colacem
454 596 550 623 esse
571 581 699 623 Naevi
719 590 765 624 et
785 582 930 625 Plauti
952 591 1141 626 veterem
1162 583 1373 626 fabulam:

232 646 418 687 Parasiti
436 661 664 701 personam
685 648 785 690 inde
805 647 1007 699 ablatam,
1028 656 1073 690 et
1090 648 1249 690 militis.

232 711 280 751 Si
300 711 345 752 id
366 718 433 752 est
453 719 694 766 peccatum,
716 720 941 767 peccatum
961 713 1305 769 imprudentia'st

115 810 187 840 quae
209 799 254 830 sic
273 798 399 840 jungit:
429 801 464 830 Sa·
486 801 520 829 id
539 805 586 830 est
712 812 770 838 uin,
789 813 862 841 pec-

114 848 214 873 catur·
238 844 291 873 hoc
310 841 373 883 est]
397 842 451 872 An
474 842 534 873 hoc
551 849 719 883 peceatum
741 844 783 874 sit
807 854 858 874 ve-

114 895 186 916 rum
209 885 307 915 donat
335 884 435 922 (Haec
457 885 609 915 videntur
634 892 705 916 orta
726 896 797 917 esse
821 897 863 918 ex

113 927 274 968 scriptura
289 939 314 958 vx
333 929 444 958 Donat.
461 927 492 958 h.
510 937 537 958 e.
555 927 640 958 Vide
656 928 860 968 Donatum);

115 970 175 1001 hoc
191 969 232 1001 ad
247 969 434 1010 qualitatem
449 969 552 1010 ipsam
569 970 737 1002 descendit
753 971 864 1002 venia-

113 1012 188 1049 lem,
215 1023 312 1053 quam
341 1012 388 1043 sic
415 1012 585 1054 proponit:
622 1019 780 1052 peccatum
805 1016 863 1044 im-

107 1057 274 1095 prudentia
295 1060 342 1086 est
360 1060 466 1094 poeta.
523 1055 629 1086 Venia
650 1056 738 1086 enim
761 1056 864 1087 tribus

111 1097 217 1128 modis
239 1097 286 1134 fit,
301 1097 344 1134 vi,
359 1107 446 1134 casu,
467 1097 659 1138 ignorantia.
698 1099 782 1130 Cum
805 1109 863 1130 au·

110 1147 176 1170 tem
191 1141 395 1179 imprudentia
411 1140 461 1171 vel
477 1150 543 1171 una
564 1140 605 1171 de
627 1141 731 1172 tribus
752 1141 860 1179 fuerit,

110 1184 295 1222 conjectura
310 1182 382 1219 erit,
398 1193 459 1213 nec
474 1182 596 1223 aliquid
610 1183 739 1215 animus
754 1183 859 1216 faciet.

109 1225 274 1265 Adjunxit
287 1235 365 1265 ergo
379 1225 572 1256 Terentius:
600 1227 672 1257 Nou
691 1229 772 1267 qaod
782 1226 859 1268 sur·

110 1267 287 1308 tunsae-ere
307 1270 469 1299 studuerit.
510 1269 591 1299 Haec
614 1275 740 1300 tantum
763 1270 862 1301 verba

108 1310 392 1352 repromissionem
430 1317 694 1352 arg-umentorum
736 1319 860 1351 tenent,

109 1363 173 1384 non
187 1353 364 1384 veritatem.
388 1353 478 1394 Ergo
486 1354 653 1394 adjungit:
680 1356 719 1385 Id
729 1357 775 1386 ita
785 1366 860 1392 esse,

108 1396 393 1479 ffiffl'fflggz‘
411 1397 861 1472 Zssss'goeoQffl'fifil'fi-ffffnss

109 1481 284 1512 transferre
298 1481 403 1512 liceat.
429 1481 503 1512 Hoc
520 1492 660 1522 namque
674 1483 757 1519 dico,
773 1484 860 1524 quod

109 1525 205 1555 Colax
218 1525 384 1555 Menandri
401 1530 456 1555 est.
499 1524 537 1555 In
558 1535 597 1555 ea
619 1532 669 1556 est
689 1525 797 1557 fiabula
818 1526 860 1557 de

106 1566 248 1607 parasito
265 1566 381 1597 Colace
396 1573 430 1598 et
443 1566 585 1607 glorioso
604 1567 718 1599 milite.
755 1571 856 1600 Para-

106 1611 185 1640 situs
205 1615 314 1640 autem
340 1611 441 1646 Colax,
464 1609 498 1640 id
520 1616 580 1647 est,
602 1610 768 1642 adulator:
797 1611 858 1643 hoc

105 1651 194 1682 enim
223 1651 386 1693 siguificat
416 1658 450 1683 et
476 1654 562 1684 miles
587 1655 747 1694 gloriosus,
772 1655 859 1696 apud

108 1694 251 1732 Latinos,
267 1695 353 1735 quod
370 1696 464 1726 Colax
478 1695 565 1737 apud
585 1697 727 1728 Graecos.
767 1697 859 1729 Sicut

105 1737 208 1778 igitur
221 1747 321 1778 supra
339 1737 492 1774 diximus,
507 1738 586 1770 inde
600 1746 650 1770 est
661 1739 768 1771 ablata
781 1750 857 1781 per-

105 1790 185 1811 sona
196 1780 331 1821 parasiti
346 1787 380 1811 et
391 1780 514 1812 militis.
544 1781 633 1822 Ergo
645 1781 696 1813 hae
710 1792 859 1824 personae

103 1822 140 1853 in
164 1822 340 1854 Menandri
361 1823 520 1854 comoedia
541 1831 636 1855 sunt:
669 1825 755 1864 quod
777 1836 856 1856 con-

103 1865 215 1896 cludit.
254 1865 321 1897 Eas
333 1875 368 1896 se
382 1876 538 1906 personas
554 1876 619 1897 non
637 1873 736 1907 negat
750 1875 856 1899 trans-

104 1908 219 1939 tulisse
246 1908 280 1939 in
312 1908 509 1940 Eunuchum
539 1918 632 1940 suam
661 1919 703 1941 ex
732 1910 856 1942 Graeea.

105 1950 194 1991 Ergo
205 1952 273 1991 jam
287 1961 352 1981 non
365 1958 477 1982 contra
493 1951 599 1992 legem
615 1951 701 1989 fecit,
714 1953 800 1993 quod
815 1963 858 1984 ex

104 1994 219 2024 Graeca
240 1993 414 2030 transtulit,
431 1994 583 2034 quoniam
598 2001 632 2026 et
653 1995 779 2026 Latinae
801 2006 854 2026 co·

103 2036 231 2067 moediae
246 2042 332 2067 sunt.
371 2037 472 2068 Redit
487 2037 528 2067 ad
547 2037 705 2069 venialem
725 2045 856 2076 statum,

104 2084 142 2110 ut
155 2079 298 2110 nescisse
312 2089 348 2110 se
363 2079 469 2115 dicam
499 2082 560 2111 Sed
573 2091 626 2111 eas
641 2080 770 2121 fabulas
781 2080 855 2121 fac-

105 2127 153 2153 tas
164 2124 252 2162 prius
268 2123 400 2153 Latinas
410 2125 501 2153 scisse
516 2134 557 2159 se,
570 2134 639 2154 vero
650 2123 855 2165 idpernegat]

104 2164 159 2195 Sic
170 2165 319 2206 jungitur
333 2165 472 2205 qualitas
485 2165 631 2197 absoluta
647 2166 688 2197 de
698 2167 783 2206 juris
803 2177 855 2198 ra-

105 2207 203 2244 tione,
219 2208 304 2248 quod
323 2207 449 2239 licitum
465 2215 515 2239 est
529 2219 571 2240 ex
592 2210 785 2241 necessitate
803 2220 855 2241 re-

103 2258 187 2287 rnm,
202 2257 240 2281 ut
254 2256 331 2281 nota
346 2250 525 2282 similitudo
539 2262 695 2293 personas
710 2252 857 2293 singulas

104 2299 257 2324 reservet.
286 2293 361 2324 Hoc
376 2301 427 2324 est
441 2294 528 2325 enim
544 2295 631 2335 quod
645 2295 742 2326 dicit:
770 2297 858 2329 Quod

103 2337 400 2374 simnia-'isdem
419 2339 492 2368 aliis
515 2349 573 2368 non
592 2340 664 2369 licet
683 2337 747 2378 uti]
774 2339 856 2370 Haec

106 2377 194 2409 enim
221 2388 351 2420 semper
380 2379 574 2411 necessitate
610 2381 750 2412 naturali
779 2388 856 2413 sunt

105 2426 181 2461 apta
195 2427 230 2452 et
242 2421 378 2462 inligata
396 2422 553 2464 personis.
594 2423 646 2454 Ita
665 2424 703 2455 fit
724 2430 762 2455 ut
783 2424 855 2465 qui-

106 2465 763 2549 demssss‘mssssffzfflfsssstsstzsfflffss
776 2470 855 2541 53:3⁵

106 2547 224 2578 cludit:
421 2552 535 2582 nuan-
563 2554 677 2583 dictant
698 2558 754 2590 est,
777 2555 857 2594 quod

105 2601 162 2620 non
177 2592 291 2622 ἄοικα
308 2591 369 2632 cie]
390 2592 455 2623 Sed
475 2593 529 2624 hic
550 2604 603 2626 res
623 2594 854 2637 intelligamus,

105 2642 172 2662 non
187 2633 303 2669 verbm
325 2634 394 2665 haec
409 2645 481 2676 quae
495 2635 608 2668 dicunt
629 2638 736 2669 Graeci
751 2637 853 2679 πράγ-

105 2686 199 2712 ματα,
222 2677 413 2708 annualiter
440 2685 518 2709 sunt
546 2679 697 2712 omnibns
725 2691 855 2723 semper

105 2717 251 2758 aequalia.
295 2719 343 2750 At
354 2721 448 2756 dieta,
464 2721 563 2753 verba
576 2729 662 2754 nmt.
700 2723 765 2755 Sed
784 2724 854 2755 hec

104 2760 324 2792 controversia
339 2768 397 2793 est.
431 2762 587 2804 Sequitur
596 2765 665 2804 jam
679 2766 763 2797 ratio
777 2777 853 2808 pro·

104 2802 181 2843 logi,
197 2813 292 2844 quam
308 2804 344 2835 in
362 2805 522 2837 Andriam
545 2807 695 2849 proecepi,
710 2815 749 2840 ut
761 2809 854 2841 mndi-

105 2846 227 2877 entiam
243 2856 263 2877 a
280 2847 402 2888 populo
418 2854 519 2888 petat,
540 2848 736 2882 concludens
758 2851 855 2884 simul

105 2898 178 2919 etun
188 2889 308 2920 veniali
317 2896 402 2921 statu
415 2890 599 2932 prologum:
625 2894 728 2926 Quare
737 2905 855 2935 equ-n·

104 2936 160 2968 m,
175 2943 225 2963 oon
242 2942 416 2973 cognoscere
429 2938 521 2974 atque
539 2935 710 2977 ignoscere]
734 2936 781 2968 Ut
801 2937 854 2969 hic

106 2980 155 3005 eut
181 2975 328 3006 absoluta
356 2975 494 3016 qualitas
516 2987 575 3018 per
598 2979 757 3020 exempla,
779 2990 854 3011 cum

907 802 1006 833 tacita
1027 802 1088 833 sit:
1120 802 1238 833 deinde
1259 802 1306 833 sic
1328 801 1495 834 audientia
1515 802 1655 844 petitur:

906 846 951 876 Et
961 856 1027 876 eun
1035 847 1156 876 silentio
1164 847 1407 882 animadvertite,
1416 850 1450 876 ut
1457 847 1656 885 pernoscatis,

905 890 982 928 quid
994 890 1055 918 eibi
1074 887 1165 928 velie]
1191 887 1257 919 uic
1274 889 1343 928 jam
1365 887 1533 919 comoediae
1553 887 1658 930 ipsius

905 939 958 961 res
970 936 1227 971 potestatemque
1241 930 1414 962 noscimus.
1443 930 1483 962 E.

951 974 1002 1003 20.
1037 974 1202 1013 Postquam
1230 975 1336 1004 aediles
1363 972 1517 1014 emerunt]
1549 972 1656 1009 Mirez

907 1025 981 1046 cum
997 1015 1076 1046 ordo
1091 1015 1207 1046 melior
1221 1015 1396 1053 videretur,
1412 1016 1441 1047 si
1455 1015 1502 1047 sic
1514 1015 1655 1047 diceret:

908 1057 1084 1098 Postquam
1115 1058 1226 1089 aediles
1256 1064 1414 1095 emerunt,
1445 1068 1542 1099 quam
1568 1068 1656 1090 nunc

907 1100 1011 1131 acturi
1027 1110 1148 1138 sumus,
1172 1100 1309 1142 perfecit
1323 1100 1386 1132 sibi
1402 1107 1439 1132 ut
1455 1101 1656 1143 inspiciundi

906 1149 992 1174 esset
1021 1143 1124 1184 copia.
1184 1145 1334 1174 Emer-unt
1363 1150 1482 1179 autem,
1514 1143 1656 1174 mediam

903 1185 1049 1227 corripe3
1074 1192 1119 1223 ut,
1133 1185 1224 1227 Virg.
1238 1186 1308 1216 Bel.
1322 1186 1364 1217 iv.
1375 1186 1427 1217 61.
1451 1187 1552 1217 Matri
1568 1189 1657 1227 longa

903 1230 1005 1260 decem
1020 1231 1155 1259 tulerunt
1165 1228 1303 1269 fastidia
1318 1240 1440 1261 menses.
1474 1230 1655 1261 D.-AEd1·-

905 1273 948 1302 les
962 1270 1114 1312 emerunt]
1134 1272 1282 1302 Diomed.
1298 1271 1353 1303 lib.
1371 1271 1392 1302 i.
1424 1272 1461 1303 L.

948 1315 999 1344 21.
1023 1313 1176 1355 Perfecit]
1195 1314 1293 1352 Mire,
1309 1314 1401 1355 quasi
1416 1314 1547 1346 difficile
1562 1321 1596 1346 et
1614 1314 1654 1346 il·

903 1356 1038 1387 licitum.
1072 1357 1113 1387 D.

948 1400 999 1430 22.
1025 1399 1238 1440 Magistratus
1258 1399 1313 1431 hic
1334 1410 1409 1431 cum
1431 1400 1499 1432 sint
1516 1400 1654 1439 AEdiles,

903 1448 992 1473 recte
1007 1448 1075 1474 tres
1089 1442 1181 1473 codd.
1198 1449 1276 1474 vett.
1291 1445 1441 1474 adessent.
1474 1443 1512 1475 B.

948 1486 1000 1515 23.
1026 1487 1196 1522 Exclamas,
1203 1485 1319 1526 furem,
1336 1497 1393 1516 non
1403 1485 1541 1527 poetam]
1565 1485 1655 1518 Mire

902 1527 1112 1568 reprehendit
1126 1536 1203 1559 ante
1224 1528 1350 1566 vitium,
1374 1539 1470 1569 quam
1493 1529 1535 1560 de
1556 1539 1655 1561 causa

902 1570 1067 1601 maledicti
1096 1571 1192 1602 dieat.
1249 1573 1422 1608 Exclamat,
1447 1571 1564 1611 sarem,
1594 1583 1654 1603 non

898 1613 1036 1654 poetam]
1053 1613 1171 1644 Adhuc
1194 1613 1284 1644 nulla
1303 1614 1513 1655 reprehensio
1528 1621 1599 1646 est:
1624 1614 1653 1646 si

902 1655 1032 1696 quidem
1052 1656 1130 1687 licet
1146 1656 1321 1688 transferre
1335 1657 1377 1688 de
1391 1658 1508 1688 Graeco
1529 1657 1565 1689 in
1587 1657 1654 1689 La-

902 1698 1017 1730 tinum.
1053 1699 1204 1731 D.—Est
1223 1699 1335 1731 Luscii
1349 1701 1445 1739 jocus
1468 1699 1504 1731 in
1526 1700 1651 1732 Teren·

903 1741 994 1779 tium,
1016 1741 1114 1783 paulo
1129 1742 1304 1774 obscurior.
1348 1745 1498 1774 Fabulam
1513 1745 1589 1774 dare
1604 1749 1655 1774 est

901 1784 1008 1857 {gf-2¹3⁸
1020 1785 1167 1859 2:¹53?AE
1183 1785 1510 1859 ’ῗέἒὲἲῗὲῗαῖἓῖῗέε
1518 1785 1651 1869 Ἓὲωῗὲ

902 1869 1029 1906 Luscio,
1046 1880 1110 1910 quo
1131 1870 1240 1901 minus
1255 1870 1515 1911 deprehenderet
1528 1871 1652 1903 fm’tum

901 1911 1020 1942 factum
1036 1922 1078 1942 ex
1093 1912 1211 1943 Colace
1227 1912 1346 1943 Plauti.
1378 1913 1416 1944 Β.

945 1955 996 1984 24.
1033 1956 1078 1985 Et
1101 1957 1181 1986 nihil
1206 1957 1325 1987 dedisse
1348 1958 1505 1987 verbor-una
1532 1955 1649 1998 mm]

901 1996 979 2034 Aut,
996 1997 1160 2029 neminem
1175 1997 1344 2029 fefellisse:
1368 2005 1434 2036 aut,
1450 1999 1533 2030 nihil
1547 2009 1650 2041 appo-

900 2040 1003 2071 suisse
1019 2040 1059 2071 de
1078 2051 1146 2071 suo.
1191 2043 1236 2072 Et
1255 2043 1336 2072 nihi!
1354 2044 1474 2074 dodim
1493 2045 1652 2074 verborum

901 2082 1017 2123 tamen]
1031 2084 1101 2114 Aut
1110 2083 1274 2115 neminem
1286 2084 1456 2116 fefellisse:
1475 2087 1550 2117 dare
1562 2085 1651 2117 enim

899 2128 1000 2163 verba,
1013 2126 1164 2167 decipere
1179 2132 1248 2163 est;
1272 2127 1348 2167 quia
1359 2128 1416 2169 qui
1430 2138 1499 2159 rem
1513 2138 1650 2170 exspec-

900 2174 957 2206 tat,
968 2175 1001 2199 et
1013 2168 1094 2199 nihil
1105 2175 1224 2210 praeter
1239 2171 1338 2201 verba
1348 2170 1484 2207 invenit,
1493 2171 1650 2213 deceptus

900 2218 966 2247 esu
984 2211 1071 2242 unde
1080 2211 1167 2249 alibi,
1182 2213 1281 2243 Verba
1290 2215 1463 2244 ismunt.
1486 2213 1648 2246 Eteeon·

900 2254 1010 2291 traria,
1020 2265 1081 2285 rem
1091 2266 1157 2286 cum
1168 2257 1281 2292 videas,
1290 2266 1420 2287 censeat.
1450 2257 1521 2287 Aut
1534 2256 1630 2288 aliter
1638 2268 1648 2287 ε

900 2297 981 2327 nihil
996 2297 1158 2329 addidisse
1170 2298 1211 2328 de
1225 2298 1301 2329 stilo
1312 2309 1372 2329 suo
1386 2299 1587 2331 Terentium.
1602 2300 1648 2331 D.

942 2341 995 2370 25.
1019 2340 1126 2371 Naevii
1141 2340 1245 2372 Colax
1259 2351 1418 2382 nusquam
1440 2348 1648 2374 memoratur.

900 2382 1029 2414 Deinde
1042 2383 1179 2415 Luscius
1185 2383 1231 2415 ita
1237 2394 1302 2415 non
1309 2391 1439 2416 accusat
1447 2385 1648 2423 Terentium,

899 2426 957 2457 sed
972 2433 1115 2464 excusat,
1132 2426 1208 2467 quia
1224 2426 1296 2468 ipse
1320 2427 1454 2458 Plautus
1475 2438 1649 2469 personam

899 2469 1034 2509 parasiti
1065 2475 1098 2500 et
1127 2469 1242 2500 militis
1264 2480 1283 2500 a
1307 2470 1422 2501 Naevio
1445 2470 1489 2502 sit
1511 2470 1646 2504 finam

901 2511 998 2542 Forte
1013 2522 1074 2553 pro
1088 2514 1179 2543 Noevi
1193 2518 1234 2550 et,
1249 2512 1316 2554 legi
1330 2513 1428 2544 debet
1442 2525 1553 2554 nempe.
1586 2515 1625 2546 B.

943 2555 994 2585 26.
1018 2556 1159 2586 Parasiti
1168 2567 1327 2595 personam
1341 2558 1412 2587 inde
1425 2556 1580 2598 ablatam]
1602 2558 1650 2590 Bt

899 2597 960 2628 hoe
976 2597 1076 2629 mire:
1100 2608 1165 2628 non
1182 2608 1294 2630 versus
1304 2599 1421 2637 (immo
1432 2610 1529 2639 quam
1541 2601 1646 2633 maxi-

899 2650 952 2670 me
964 2650 1039 2671 cum
1055 2650 1195 2681 persona
1211 2641 1350 2672 Parasiti
1366 2648 1399 2672 et
1410 2642 1528 2674 Militis
1542 2643 1578 2675 in
1591 2644 1646 2676 in·

899 2689 1007 2724 teg-ros
1022 2693 1133 2714 eorum
1149 2683 1351 2723 loquentium
1366 2695 1488 2717 vernn-
1532 2687 1571 2718 Si
1583 2686 1646 2718 ali-

898 2731 949 2756 ter
972 2725 1122 2767 accipias,
1151 2726 1289 2757 ridicula
1314 2727 1378 2758 erit
1534 2729 1544 2736 ⁹
1601 2740 1646 2762 ne

898 2768 1014 2805 dicam,
1044 2768 1205 2809 pudenda.
1262 2769 1360 2801 Unde
1383 2770 1453 2802 hac
1482 2778 1561 2804 nota
1588 2773 1646 2804 vix

899 2811 1031 2842 Donato
1045 2811 1159 2852 digna)
1175 2811 1296 2852 objicit,
1313 2813 1371 2845 sed
1390 2823 1453 2855 per
1472 2824 1644 2856 personam

898 2864 969 2885 esse
986 2854 1190 2885 translatam:
1213 2854 1292 2896 quid
1303 2856 1444 2895 stultius,
1456 2859 1644 2891 mucelam-

898 2896 1022 2928 niosius
1036 2896 1102 2927 dici
1117 2903 1226 2939 potest
1237 2898 1251 2927 2
1282 2897 1325 2929 D.

942 2939 993 2971 27.
1026 2941 1189 2971 Poemtu
1208 2942 1412 2981 inprudentia
1432 2943 1496 2984 est]
1522 2944 1561 2975 ld
1584 2954 1642 2983 est,

898 2981 1082 3022 ignorantia
1092 2995 1101 3013 :
1136 2990 1182 3021 ut,
1208 2985 1381 3024 inprudens
1409 2988 1516 3017 haran
1542 2999 1644 3021 renem
