1852 3216
106 143 246 173 scum
267 130 347 186 nu]

709 127 1027 172 HECYRA.

1551 129 1635 171 547

125 230 146 260 5
163 220 277 263 Pan.
289 219 465 271 Maneo.
492 219 612 263 ΡΑΜ.
628 219 701 263 Sic
713 226 756 263 te
769 219 930 262 dixisse
942 220 1109 276 opinor,
1122 218 1333 262 invenisse
1347 217 1634 275 Myrrhinam,

107 315 112 318 -
160 285 424 330 Bacchidem
444 285 616 330 anulum
637 300 760 328 suum
780 285 957 328 habere.
1002 285 1116 328 PAR.
1131 284 1326 331 Factum.
1368 283 1488 327 PAM.
1503 283 1634 335 Eum,

245 367 374 408 quem
395 351 494 394 olim
512 353 552 395 ei
574 352 699 404 dedi;

159 418 315 475 anue
330 418 415 461 hoc
434 426 477 461 te
489 418 593 481 mihi
607 419 809 461 nunciare
818 418 972 474 jussit:
993 418 1107 459 itane
1123 416 1390 460 estfactum?
1414 415 1528 458 PAR.
1543 415 1629 466 Ita,

247 486 432 542 inquam.

161 550 280 594 PAM.
303 551 415 601 Quis
435 566 503 594 me
523 558 590 594 est
609 550 880 600 fortunatior,
901 549 1225 604 venustatisque
1246 549 1356 591 adeo
1374 547 1571 604 plenior?

161 617 303 674 Egon'
325 625 367 659 te
388 632 468 673 pro
487 617 570 660 hoc
590 617 747 659 nuncio
766 616 871 671 quid
891 615 1077 658 donem?
1109 615 1242 670 quid?
1273 614 1407 671 quid?
1439 615 1598 657 nescio.

105 691 147 723 10
164 683 278 726 PAR.
299 683 365 725 At
384 697 466 738 ego
486 683 588 726 scio.
641 682 758 724 PAM.
784 681 933 730 Quid?
984 680 1098 723 PAR.
1121 680 1246 723 Nihil
1265 681 1399 724 enim:

162 749 280 792 Nam
295 764 436 805 neque
455 749 499 791 in
515 749 685 799 nuncio,
703 762 842 803 neque
860 748 904 788 in
919 762 986 789 me
1002 747 1097 802 ipso
1117 747 1194 789 tibi
1210 747 1311 788 boni
1327 746 1432 802 quid
1449 746 1518 797 sit,
1533 746 1635 789 seio.

163 815 283 858 PAM.
306 815 476 871 Egone,
486 815 561 870 qui
569 815 624 856 ab
636 813 752 856 Orco
759 820 974 855 mortuum
981 827 1047 854 me
1058 812 1260 854 reducem
1269 813 1311 854 in
1320 811 1459 854 lucem
1468 812 1636 862 feceris,

163 882 309 924 Sinam
323 882 413 923 sine
426 894 601 923 munere
614 895 641 921 a
655 894 722 921 me
735 879 879 921 abire?
901 878 973 928 ah,
989 878 1162 920 nimium
1174 893 1241 920 me
1256 878 1471 934 ingratum
1487 881 1634 934 putas!

163 947 253 989 Sed
273 946 535 989 Bacchidem
554 960 697 988 eccam
717 945 843 987 video
864 950 977 986 stare
997 950 1097 985 ante
1119 944 1297 985 ostium:

108 1021 147 1052 15
164 1013 242 1056 Me
261 1019 501 1068 exspectat,
522 1012 676 1054 credo:
708 1010 852 1053 adibo.

904 1009 988 1051 BA.
1013 1008 1154 1060 Salve,
1177 1008 1418 1064 Pamphile.

162 1079 281 1121 PAM.
304 1078 348 1120 Ο
369 1077 569 1128 Bacchis,
589 1092 615 1119 o
634 1091 728 1118 mea
748 1075 949 1128 Bacchis,
972 1077 1182 1119 servatrix
1202 1092 1311 1119 mea.

162 1145 248 1188 BA.
272 1144 394 1187 Bene
411 1144 586 1195 factum,
601 1150 646 1186 et
658 1142 882 1199 volupe’st.
930 1142 1048 1185 PAM.
1067 1142 1228 1193 Factis,
1245 1149 1294 1184 ut
1306 1142 1493 1194 credam,
1508 1142 1637 1185 facis:

162 1210 485 1266 Antiquamque
506 1210 616 1252 adeo
635 1217 753 1251 tuam
773 1215 1043 1252 venustatem
1061 1209 1246 1260 obtines,

162 1276 227 1319 Ut
235 1276 444 1332 voluptati
453 1276 610 1326 obitus,
622 1290 776 1326 sermo,
786 1275 996 1317 adventus
1006 1281 1123 1325 tuus,
1133 1289 1390 1330 quocunque
1399 1274 1639 1325 adveneris,

106 1352 148 1382 20
165 1343 347 1398 Semper
376 1342 472 1384 siet.
523 1341 608 1383 BA.
630 1339 699 1383 Ac
719 1348 767 1383 tu
786 1348 956 1383 ecastor
984 1355 1146 1382 morem
1175 1340 1394 1395 antiquom
1424 1347 1554 1395 atque
1578 1341 1641 1382 in-

249 1408 422 1463 genium
440 1407 624 1458 obtines,

151 1499 180 1530 5.
198 1501 250 1530 Sic
274 1503 303 1529 te
328 1499 441 1528 dixisse
466 1496 587 1538 opinor]
624 1496 712 1527 Miro
740 1496 855 1527 affectu

106 1542 282 1579 inducitur,
298 1540 354 1573 vix
369 1540 484 1571 adduci
499 1540 539 1571 ad
551 1539 757 1577 credendum,
770 1539 856 1580 quod

105 1585 235 1627 gaudet,
249 1584 448 1627 Pamphilus.
467 1584 606 1614 D.—Ne
618 1593 677 1624 pro
694 1583 855 1614 trochaico

106 1630 166 1661 fiat
194 1628 361 1666 iambicus,
383 1627 435 1659 vel
457 1626 582 1668 corrige
604 1629 684 1663 dire,
707 1626 759 1657 vel
781 1637 855 1657 cum

106 1673 176 1704 cod.
188 1672 297 1703 Mead.
308 1671 380 1713 lege
395 1671 523 1702 inverso
539 1670 661 1707 ordine,
678 1671 729 1701 Sic
744 1671 857 1701 dixisse

107 1718 211 1757 opinor
227 1721 266 1747 te.
302 1715 339 1746 B.

152 1760 183 1790 6.
212 1759 287 1790 Duo
314 1757 406 1789 codd.
437 1756 637 1794 concinnius,
664 1768 750 1787 suum
779 1767 856 1787 anu-

108 1804 179 1834 lum.
203 1802 241 1833 B.

153 1846 183 1879 7.
205 1847 268 1882 Ita,
285 1843 423 1885 inquam]
445 1843 547 1880 Quasi
565 1845 634 1884 jam
649 1851 723 1874 ante
739 1842 851 1880 fassus,

107 1889 180 1921 dico
201 1888 316 1929 (Quasi
323 1888 393 1928 jam
409 1890 540 1918 lassatus
554 1885 655 1926 dicit).
689 1886 853 1917 D.—Duo

108 1943 150 1964 ex
165 1932 284 1964 nostris
304 1931 422 1969 verius,
439 1933 545 1972 anue
560 1932 613 1961 hoc
628 1932 701 1961 milti
723 1935 751 1960 te
775 1941 852 1960 nun-

105 1978 199 2008 ciare.
232 1976 270 2007 B.

151 2021 181 2051 8.
201 2019 277 2054 Quis
298 2030 343 2050 me
359 2023 404 2049 est
416 2016 617 2057 fortunatior,
633 2018 854 2057 venustatisque

108 2065 183 2094 adeo
195 2064 313 2104 plenior
325 2061 358 2102 ἓ]
383 2062 433 2092 Ob
446 2059 604 2092 beneficia
619 2059 757 2091 Veneris
771 2072 778 2095 ;
801 2059 854 2090 cui

107 2106 306 2138 contrarium
322 2108 504 2141 invenustus,
514 2103 567 2135 cui
578 2109 691 2134 contra
703 2102 856 2134 reciderit

107 2148 283 2190 (ceciderit)
314 2148 400 2190 quod
430 2154 525 2178 amat.
573 2146 854 2178 D.-—Venustatis-

107 2192 181 2234 que]
206 2193 246 2228 Q.
264 2196 343 2224 Aur.
363 2191 544 2233 Symmach.
559 2189 613 2221 lib.
630 2190 651 2220 i.
680 2189 784 2231 Epist.
803 2190 853 2222 72.

107 2238 171 2268 Res
186 2238 296 2268 cecidit
310 2247 346 2267 ea:
361 2241 435 2271 voto,
448 2239 516 2265 utor
531 2239 606 2265 teste
621 2245 677 2274 quo
686 2235 776 2269 volui,
783 2232 854 2273 jam

109 2282 184 2311 nihi
209 2281 313 2311 comici
343 2279 539 2310 adolescentis
568 2288 635 2308 voce
665 2278 854 2307 clamandum

107 2328 163 2360 est,
182 2323 258 2358 Quis
273 2333 317 2353 me
333 2324 419 2353 hodie
426 2320 616 2361 fortunatior
631 2322 853 2361 venustatisque

109 2368 184 2398 adeo
199 2367 344 2406 plenior?
370 2365 484 2401 Aliter,
505 2364 562 2395 sed
588 2363 680 2399 male,
708 2363 854 2394 Terentii

109 2409 215 2440 locum
246 2410 332 2440 Non.
366 2407 542 2439 Marcellus
571 2406 682 2438 laudat
711 2406 746 2437 in
777 2416 854 2437 voce

115 2453 266 2483 Vetustas.
298 2452 337 2483 L.

154 2496 184 2527 9.
212 2494 295 2530 Quid
317 2497 448 2526 donem?
478 2496 577 2535 quid?
608 2494 707 2534 quid?
738 2492 852 2534 nescio]

111 2536 334 2577 Μελλησμόςε
374 2545 419 2575 ut,
445 2537 520 2568 AEn.
538 2537 580 2568 vi.
606 2538 678 2567 532.
707 2538 853 2577 Pelagine

110 2583 193 2613 venis
218 2583 369 2612 erroribus
395 2586 481 2612 actus
493 2584 509 2612 ?
531 2582 582 2611 An
597 2582 710 2611 monitu
725 2581 853 2610 divum?

109 2636 150 2656 an
165 2636 231 2666 quae
253 2629 283 2655 te
300 2623 429 2664 fortuna
446 2622 577 2665 fatigat,
601 2625 641 2655 Ut
664 2625 767 2654 tristes
788 2625 852 2654 sine

108 2670 168 2700 sole
190 2670 298 2704 domos,
314 2669 378 2698 loca
400 2669 533 2704 turbida,
548 2668 650 2697 adires
661 2669 677 2697 Ρ
712 2666 852 2697 D.-——Ne

107 2722 220 2743 versus
242 2710 324 2752 pede
339 2710 453 2741 claudo
474 2709 613 2746 incedat,
629 2709 699 2750 lege
715 2719 756 2740 ex
779 2719 854 2739 nos-

108 2754 167 2787 tris
182 2753 352 2790 universis‚
368 2755 472 2794 Egone
483 2763 540 2792 pro
550 2754 605 2783 hoc
619 2757 648 2783 te
661 2754 777 2783 nuncio.
814 2752 852 2782 B.

156 2799 205 2829 11.
222 2799 304 2828 Nam
327 2807 421 2837 neque
436 2798 469 2827 in
491 2794 614 2836 nuncio]
641 2794 750 2836 Magis
771 2794 853 2826 scire

111 2841 189 2879 vult,
208 2851 303 2881 quam
330 2849 448 2871 munus
471 2837 626 2880 accipere.
662 2839 744 2869 Nam
759 2849 852 2879 neque

110 2887 143 2916 in
165 2886 283 2920 nuncio,
298 2894 391 2924 neque
416 2885 447 2913 in
473 2893 517 2913 me
541 2883 606 2922 ipso
622 2883 689 2912 boni
703 2883 779 2922 quid
798 2884 850 2918 sit,

109 2927 187 2969 scio]
214 2927 330 2958 Facete
346 2925 413 2967 agit
428 2924 622 2957 Terentius:
646 2931 767 2965 quanto
782 2934 850 2956 ma-

109 2971 160 3012 gis
187 2971 345 3003 Parmeno
374 2969 520 3001 curiosus
546 2974 604 3007 est,
629 2975 719 3000 tanto
749 2967 850 3008 magis

899 1495 1002 1527 nescit
1025 1496 1090 1534 illa,
1106 1506 1177 1537 quae
1196 1495 1295 1537 eupit.
1330 1496 1523 1537 D.-—Neque
1542 1498 1575 1527 in
1597 1507 1643 1527 me

898 1538 979 1580 ipso]
1015 1539 1078 1571 Ms.
1117 1540 1159 1570 R.
1191 1550 1284 1580 neque
1314 1541 1345 1570 in
1374 1541 1545 1580 memetipso
1574 1542 1642 1578 tibi,

898 1588 953 1614 etc.
993 1583 1030 1613 L.

944 1627 993 1657 12.
1019 1625 1130 1658 Editio
1146 1632 1207 1657 vet.
1225 1631 1258 1656 et
1280 1635 1364 1657 unus
1380 1636 1398 1656 e
1413 1625 1505 1657 codd.
1529 1625 1642 1667 Regiis

899 1669 1060 1701 recentior
1089 1675 1186 1705 recte,
1210 1670 1307 1710 Egon’
1335 1674 1372 1706 te,
1401 1671 1454 1710 qui
1483 1671 1522 1700 ab
1556 1671 1641 1701 Orco.

901 1713 986 1744 Nam
999 1712 1045 1744 ita
1061 1712 1098 1744 fit
1112 1712 1279 1750 iambicus,
1295 1718 1332 1743 ut
1347 1722 1495 1753 sequens.
1529 1713 1567 1744 B.

946 1757 993 1787 16.
1014 1758 1040 1787 Ο
1062 1757 1215 1787 Bacchis!
1238 1767 1254 1786 o
1275 1767 1341 1787 mea
1362 1757 1518 1787 Bacchis!
1539 1767 1641 1788 serva·

899 1802 962 1830 trix
974 1799 1056 1840 mea]
1074 1800 1164 1830 Bene
1177 1798 1322 1830 additum
1334 1805 1392 1837 est,
1402 1802 1553 1830 servatrix
1566 1811 1640 1831 mea.

896 1842 942 1874 Et
959 1844 1022 1881 (Ut
1038 1842 1109 1874 edd.
1127 1841 1222 1883 vett.)
1238 1853 1312 1880 mea,
1330 1842 1415 1883 quod
1435 1852 1534 1884 supra
1548 1842 1642 1881 dixit,

896 1885 1048 1917 amatoris
1064 1892 1122 1917 est.
1155 1886 1196 1916 D.

943 1929 991 1962 17.
1024 1931 1130 1960 Factis
1159 1937 1193 1959 ut
1223 1930 1343 1960 credam
1365 1927 1467 1969 sacis]
1499 1928 1641 1960 Difficile

897 1972 983 2004 enim
1000 1979 1069 2004 erat
1082 1971 1223 2010 credere,
1237 1972 1288 2003 his
1303 1972 1399 2003 rebus
1420 1972 1560 2013 gaudere
1576 1983 1643 2004 me-

896 2015 1056 2047 retricem.
1089 2016 1132 2056 D.

944 2060 992 2090 19.
1017 2061 1058 2090 Ut
1066 2060 1213 2099 voluptati
1222 2057 1337 2099 obitus]
1351 2060 1459 2090 Obitus
1468 2069 1620 2091 occursus
1631 2071 1639 2090 ι

898 2105 934 2133 ob
957 2101 1053 2139 enim,
1077 2101 1239 2143 significat
1260 2107 1381 2133 contra.
1427 2102 1515 2143 Ergo
1532 2104 1640 2140 obitus,

898 2145 1014 2177 aditus.
1047 2145 1182 2187 Legitur
1194 2151 1236 2183 et,
1252 2146 1405 2176 voluntate
1420 2147 1527 2176 obitus.
1566 2147 1641 2177 Obi-

900 2194 958 2226 tus,
985 2200 1090 2227 sermo,
1112 2190 1258 2219 adventus
1291 2187 1377 2229 tuus]
1402 2188 1502 2226 ¹Inter
1518 2190 1639 2228 obitum,

899 2241 931 2263 et
946 2234 1105 2263 adventum
1122 2232 1181 2262 hoc
1197 2231 1351 2263 interest:
1376 2231 1460 2272 quod
1472 2233 1570 2263 obitus
1581 2239 1640 2271 est,

898 2286 993 2317 quem
1008 2286 1102 2307 casus
1114 2274 1226 2306 affert:
1250 2276 1405 2313 adventus,
1419 2285 1514 2316 quem
1526 2275 1640 2308 volun-

898 2327 947 2351 tas
963 2325 995 2350 et
1016 2318 1195 2350 destinatus
1213 2317 1311 2349 locus.
1345 2318 1479 2350 D.—Ut
1494 2320 1642 2359 voluptati

898 2365 1006 2400 obitus,
1022 2373 1126 2399 sermo,
1143 2360 1306 2402 adventus]
1324 2361 1459 2402 Singula
1473 2367 1558 2393 sunt.
1597 2362 1642 2394 Et

898 2412 947 2437 est
970 2416 1103 2437 sensus:
1141 2407 1183 2436 Ut
1206 2406 1353 2445 voluptati
1374 2407 1416 2436 sit
1441 2416 1535 2436 sermo
1561 2410 1639 2438 tuus.

901 2449 1008 2481 Obitus
1027 2455 1137 2480 autem
1153 2449 1320 2479 abscessus
1335 2446 1487 2489 (accessus
1510 2447 1566 2489 Z.)
1580 2455 1640 2488 est,

898 2493 938 2524 ab
964 2503 1003 2523 eo
1026 2492 1111 2533 quod
1135 2497 1185 2523 est
1207 2493 1285 2522 obeo.
1324 2491 1474 2522 E.—Pro
1496 2493 1641 2524 adventus

896 2546 1010 2567 sensus
1033 2536 1147 2567 suadet
1172 2536 1294 2575 affatus.
1341 2535 1426 2566 Nam
1449 2533 1532 2566 male
1555 2535 1636 2578 Syn-

896 2590 1013 2620 onyma
1054 2580 1152 2610 obitus
1190 2585 1223 2609 et
1253 2579 1399 2610 adventus
1435 2585 1639 2620 separantur.

896 2622 1020 2658 Quodsi
1035 2621 1135 2663 igitur
1150 2627 1292 2653 nostram
1311 2620 1468 2652 rationem
1483 2622 1638 2663 sequeris,

894 2664 1053 2707 gradatim
1090 2664 1235 2707 procedit
1271 2664 1442 2696 sententia.
1505 2664 1638 2697 Etenim

897 2720 992 2740 sermo
1015 2708 1056 2739 ad
1071 2718 1192 2746 omnes,
1209 2707 1266 2739 sed
1280 2709 1393 2748 affatus
1415 2707 1457 2739 ad
1479 2708 1566 2740 hunc
1587 2709 1639 2741 vel

897 2751 997 2782 illum.
1031 2751 1067 2782 B.

940 2796 990 2825 20.
1008 2796 1122 2825 Morem
1138 2793 1307 2835 antiquom]
1336 2793 1402 2826 Res
1426 2794 1494 2826 exit
1508 2795 1550 2826 ad
1565 2805 1636 2827 ver-

895 2848 967 2869 sum
991 2837 1092 2868 Ennii
1116 2837 1169 2868 lib.
1187 2847 1217 2868 v.
1235 2837 1354 2868 Annal.
1428 2840 1529 2870 oribus
1553 2842 1635 2870 anti-

893 2883 960 2921 quis
991 2892 1039 2912 res
1067 2885 1131 2911 stat
1161 2882 1306 2918 Romana,
1336 2883 1482 2922 vireisque
1495 2895 1506 2913 .-
1540 2892 1635 2923 quem

894 2924 995 2956 citant
1019 2924 1133 2956 Cicero
1157 2923 1210 2955 lib.
1236 2934 1265 2955 v.
1291 2924 1331 2955 de
1356 2924 1438 2968 Rep.
1462 2925 1634 2967 Augustin.

896 2967 1005 3009 Episc.
1038 2966 1092 3000 lib.
1123 2967 1155 2999 ii.
1187 2977 1255 3010 cap.
1287 2968 1337 2999 21.
1369 2967 1409 3000 de
1436 2968 1532 3000 civit.
1562 2969 1634 3000 Dei.
