1852 3216
606 130 682 174 IN
714 129 1095 175 HECYRAM.

500 250 748 296 ALTER
787 251 1203 297 PROLOGUS.

202 357 398 399 ORATOR
418 353 570 410 advos
590 354 713 396 venio
733 359 886 395 ornatu
907 354 1100 411 prologi:

203 423 337 464 Sinite
357 430 558 464 exorator
578 429 627 463 ut
648 422 739 471 sim,
759 420 911 462 eodem
932 427 980 462 ut
993 422 1093 476 jure
1113 421 1176 462 uti
1197 434 1344 463 senem

204 488 368 539 Liceat,
386 504 472 544 quo
486 489 586 544 jure
607 501 701 528 sum
720 501 825 528 usus
845 484 1181 528 adolescentior:

202 554 350 596 Novas
372 555 446 609 qui
465 560 638 596 exactas
660 552 742 594 feci
761 559 810 594 ut
828 552 1202 603 inveterascerent‚

165 628 183 657 5
202 619 272 661 Ne
295 635 390 662 cum
410 627 538 675 poeta
560 619 772 674 scriptura
789 625 1077 660 evanesceret.

198 685 250 727 In
271 685 353 736 his,
370 700 480 741 quas
500 685 681 741 primum
701 683 845 726 Caecili
864 683 994 725 didici
1014 698 1161 734 novas,

200 751 363 793 Partim
384 766 477 793 sum
496 765 643 793 earum
662 758 855 800 exactus,
876 750 1031 805 partim
1051 750 1122 791 vix
1140 750 1254 791 steti.

130 852 156 882 l.
183 855 294 883 Orator
315 854 358 883 ad
377 863 425 883 vos
446 854 529 883 venio
550 856 658 882 ornatu
684 849 820 892 prologi]

85 895 208 936 Magna
236 902 305 927 arte
332 895 384 926 hic
412 895 566 935 Prologus
595 893 734 935 scriptus
762 901 820 931 est,

83 938 180 969 nimis
204 938 350 970 oratorie.
390 938 474 969 Nam
491 937 609 968 totiens
624 937 759 978 expulsa
774 937 821 968 fa-

83 981 166 1019 bula,
183 981 340 1023 quomodo
355 981 489 1012 honeste
504 980 646 1011 revocari
662 979 768 1021 potuit
786 980 821 1011 in

81 1025 295 1066 proscenium,
320 1024 383 1056 nisi
404 1023 509 1066 primo
528 1023 599 1065 ipsa
620 1022 821 1065 impudentia

80 1077 140 1109 pro
154 1068 270 1099 fiducia
284 1067 502 1117 proferretur?
525 1066 643 1098 deinde
658 1073 747 1098 actor
761 1077 819 1109 pe-

80 1111 252 1143 ritissimus
286 1121 356 1153 ipse
391 1109 571 1147 Ambivius‚
601 1110 752 1152 probaret
788 1116 820 1141 et

79 1161 208 1196 poetam
218 1162 252 1186 et
260 1154 459 1190 comoediam,
466 1155 558 1194 cujus
567 1153 740 1185 auctoritas
749 1153 818 1184 elu-

78 1204 131 1229 cet
146 1208 188 1229 ex
199 1198 305 1230 verbis
316 1199 328 1228 2
353 1202 423 1229 tum
433 1197 550 1229 deinde
562 1196 722 1228 subtiliter
734 1207 818 1228 novo

78 1247 191 1282 poetae,
215 1252 234 1272 a
262 1247 388 1275 vetusto
410 1248 443 1272 et
464 1250 589 1281 magnae
618 1239 818 1272 auctoritatis

77 1284 210 1316 Caecilio
223 1291 388 1327 peteretur
402 1284 596 1325 exemplum,
608 1289 642 1314 et
652 1289 818 1324 peteretur

77 1327 359 1368 ingeniosissime?
386 1328 469 1358 Nam
482 1326 567 1367 quod
578 1326 651 1357 rudi
664 1326 817 1358 Terentio

72 1371 223 1412 contigit,
244 1370 398 1402 accidisse
418 1377 613 1402 memoratur
627 1369 729 1400 veteri
745 1370 815 1401 Cae·

73 1414 171 1445 cilio:
203 1414 288 1455 quod
309 1413 384 1445 huic
405 1413 513 1451 semel,
530 1412 578 1444 illi
599 1422 703 1462 saepe:
732 1413 817 1453 quod

76 1456 152 1488 huic
174 1458 208 1488 in
231 1457 303 1489 aliis
325 1467 498 1498 nunquam,
521 1457 581 1487 hoc
611 1455 659 1487 ilh
688 1455 755 1487 fere
781 1455 817 1488 in

76 1500 249 1533 omnibus:
288 1500 373 1541 quod
394 1500 479 1538 huic,
501 1506 619 1541 praeter
642 1499 815 1540 Hecyram,

75 1552 109 1574 et
135 1550 224 1582 actae,
253 1550 286 1575 et
311 1544 452 1585 probatae
480 1549 556 1575 sunt
581 1548 728 1574 caeterae:
766 1542 815 1575 illi

74 1586 193 1628 partim
209 1593 339 1622 exactae,
354 1586 472 1628 partim
488 1586 544 1617 vix
558 1586 709 1627 probatae.
746 1585 812 1617 Ita·

71 1640 136 1670 que
152 1629 203 1662 his
217 1630 367 1662 omnibus
377 1629 575 1671 argumentis
587 1628 620 1660 id
635 1635 742 1660 actum
754 1634 813 1667 est,

74 1679 111 1704 ut
133 1683 237 1715 neque
265 1673 501 1714 desperandum
522 1672 566 1704 sit
586 1672 626 1703 de
650 1672 813 1711 Terentio,

75 1717 161 1757 quod
183 1716 337 1758 expulsus
359 1724 409 1748 est
429 1715 510 1756 (alii,
533 1717 690 1755 explosus.-
720 1715 812 1754 forte,

75 1759 249 1801 escham:
273 1768 310 1792 ut
324 1759 533 1791 nihilominus
548 1759 595 1790 illi
616 1764 741 1790 tantum
762 1766 811 1790 at-

76 1802 281 1834 tribuendum
299 1804 350 1841 sit,
366 1810 403 1834 ut
422 1809 478 1834 aut
493 1812 552 1844 par
567 1801 707 1839 Caecilio,
722 1812 812 1844 mag-

74 1856 117 1877 no
134 1853 210 1878 tunc
225 1854 337 1888 poetae,
350 1853 406 1878 aut
416 1846 502 1878 ultro
510 1845 624 1877 melior
635 1845 732 1878 etiam
742 1855 812 1877 esse

73 1889 184 1930 possit.
230 1890 296 1922 Hic
318 1896 425 1922 autem
447 1889 485 1920 L.
503 1888 674 1920 Ambivius
687 1888 812 1926 histrio,

71 1933 134 1964 fuit
155 1939 244 1964 actor
268 1933 506 1965 comoediarum.
553 1933 664 1964 Orator
692 1934 735 1964 ad
762 1943 813 1964 vos

69 1976 173 2018 mo]
187 1978 357 2012 Oratorem
373 1975 484 2008 audire
500 1981 658 2017 oportere,
667 1976 721 2016 ius
731 1986 811 2017 gen-

73 2019 155 2051 tium
177 2027 249 2052 est:
280 2027 439 2052 oratorem
462 2029 526 2050 non
556 2018 633 2050 licet
659 2018 812 2060 injuriam

67 2063 150 2105 pati.
196 2064 276 2096 Ideo
305 2074 382 2105 ergo
404 2073 445 2095 ne
467 2061 657 2104 expellatur,
682 2072 749 2094 non
778 2072 813 2094 se

64 2106 251 2148 prologum,
267 2107 325 2139 sed
342 2114 502 2138 oratorem
524 2105 678 2138 nominat,
716 2105 812 2137 Plau-

72 2156 125 2181 tus
148 2151 238 2182 Poen.
262 2151 283 2182 i.
307 2152 335 2182 2.
360 2150 430 2183 171.
462 2151 555 2190 impia
579 2153 692 2181 secrete
712 2154 812 2180 orato-

70 2204 134 2225 rem
148 2196 296 2226 verberas.
329 2194 530 2225 D.-0raeor
544 2194 586 2223 ad
598 2203 647 2223 nos
662 2194 746 2225 venio
762 2203 812 2223 or-

71 2242 147 2268 natu
159 2239 297 2278 prologi:
318 2239 408 2269 sinite
417 2241 556 2268 exorator
569 2234 643 2275 sim]
658 2235 753 2267 Alius
762 2241 813 2267 est

70 2279 124 2312 hic
137 2281 288 2322 prologus
301 2291 322 2312 a
336 2279 512 2322 superiore,
523 2279 578 2320 qui
593 2278 654 2310 fuit
665 2278 811 2320 superio-

67 2323 117 2355 ris
129 2323 340 2356 exclusionis:
358 2324 410 2355 hic
420 2333 496 2354 vero
504 2328 638 2364 propter
652 2321 811 2354 exclusio—

67 2375 147 2399 nem
165 2367 321 2399 tumultus
334 2365 557 2399 convenientis
576 2365 698 2407 populi,
713 2375 811 2407 prop-

72 2415 123 2440 ter
136 2410 326 2451 spectandos
341 2410 543 2451 gladiatores.
567 2410 663 2440 Sinite
674 2414 812 2441 exorator

71 2454 146 2484 sien
161 2452 211 2484 vel
227 2455 284 2484 sim
294 2467 304 2485 .·
323 2453 429 2492 sinite,
440 2452 554 2494 inquit,
573 2451 658 2493 quod
678 2462 733 2483 oro
748 2451 810 2483 im-

67 2502 206 2536 petrem.
237 2497 276 2527 E.

116 2540 145 2570 2.
169 2540 267 2571 Sinite
287 2544 425 2571 exorator
452 2544 488 2571 ut
514 2538 588 2580 eim]
621 2540 732 2570 Orator
761 2543 812 2570 est

71 2581 149 2613 dum
160 2582 227 2623 agit
242 2581 335 2623 (orat.
349 2582 428 2614 Mss.
441 2588 475 2613 et
489 2581 560 2614 edd.
571 2588 647 2613 ante
660 2580 808 2623 Steph.):

70 2631 209 2656 exorator
238 2635 336 2666 quum
366 2625 411 2656 im
455 2625 587 2657 traverit
613 2624 808 2665 (impetravit.

71 2667 224 2708 Ibidem).
272 2668 323 2699 lta
344 2667 402 2699 inu
425 2689 434 2705 ,
455 2667 615 2700 dicentis:
653 2667 723 2705 hoc,
741 2669 810 2708 jam

68 2711 176 2743 effecti
198 2710 465 2752 significationem
488 2710 594 2742 habet.
639 2710 684 2741 Et
709 2715 811 2742 orator

69 2761 129 2793 est,
144 2754 195 2786 cui
211 2765 308 2786 causa
322 2753 522 2785 defendenda
536 2753 714 2784 mandatur.
744 2754 807 2784 Eo-

68 2801 136 2830 dem
157 2803 192 2829 ut
204 2798 280 2838 jure
302 2800 347 2828 uti
368 2807 466 2828 senem
487 2795 593 2837 liceat]
614 2795 670 2832 Ut,
684 2795 760 2827 AEn.
776 2806 807 2827 v.

71 2843 143 2873 850.
160 2843 213 2872 Me
224 2843 315 2872 liceat
326 2851 412 2871 casus
423 2841 562 2871 miserari
572 2840 698 2870 insontis
707 2840 806 2870 amici.

71 2884 265 2917 D.—Bentl.
283 2884 363 2915 duce
380 2883 506 2915 Faerno
521 2881 623 2914 edidit
639 2883 737 2914 Sinite
755 2892 807 2913 ex-

69 2933 170 2960 orator
183 2931 249 2960 rim.
282 2928 318 2959 Z.

122 2973 151 3004 3.
186 2971 251 3007 Quo
276 2971 351 3013 jare
383 2981 449 3002 sum
478 2980 548 3002 usus
577 2967 808 3009 adolescentior]

865 849 1033 891 Tanquam
1048 848 1135 880 aliud
1151 859 1250 890 agens
1263 849 1355 881 affert
1365 849 1522 891 exempla,
1532 850 1604 891 qui-

863 893 923 924 bus
954 893 1110 930 ostendat,
1136 899 1230 934 turpe
1256 903 1321 924 nou
1352 903 1422 925 esse
1451 893 1605 926 Terentio

864 936 1027 967 exclusam
1044 946 1113 967 esse
1129 945 1226 967 unam
1238 935 1325 967 illius
1340 936 1490 974 fabulam,
1505 947 1605 978 quum

863 978 1038 1010 multorum
1059 985 1227 1020 poetarum
1249 978 1358 1010 multae
1380 986 1500 1011 exactae
1515 980 1601 1012 sint:

864 1022 940 1053 etin
952 1021 1002 1053 bis
1012 1022 1141 1059 Caecilii,
1157 1023 1249 1062 cujus
1260 1022 1316 1053 illo
1329 1029 1473 1064 tempore
1484 1033 1602 1065 magna

861 1065 1036 1097 auctoritas
1049 1065 1120 1097 fuit.
1157 1065 1399 1107 Adolescentior]
1419 1066 1498 1098 Haec
1513 1077 1601 1098 com-

861 1108 986 1151 paratio
997 1108 1104 1140 minus
1119 1119 1138 1140 a
1152 1108 1292 1150 positivo
1307 1115 1408 1147 sonat,
1422 1115 1455 1141 et
1470 1109 1536 1141 vim
1551 1110 1601 1141 di-

861 1152 1053 1183 minutivam
1075 1152 1251 1194 exprimit:
1289 1158 1335 1190 ut,
1362 1152 1438 1184 AEn.
1461 1152 1503 1185 vi.
1528 1154 1601 1185 304.

859 1197 931 1228 Jam
951 1197 1051 1227 senior
1065 1209 1076 1231 ,·
1107 1197 1161 1227 sed
1181 1197 1278 1227 cruda
1294 1198 1349 1227 deo
1367 1198 1532 1237 viridisque
1553 1208 1601 1228 se-

860 1244 972 1271 nectus.
1012 1238 1166 1273 D.-Qu0
1176 1238 1251 1278 jure
1265 1250 1330 1270 sum
1344 1250 1416 1270 usus
1430 1241 1601 1271 adolescen-

861 1281 937 1323 tior]
962 1281 1027 1313 Hic
1052 1282 1204 1324 prologus
1232 1281 1350 1313 dicitur
1379 1283 1419 1314 ab
1449 1282 1601 1321 Ambivio

860 1324 1035 1366 Turpione,
1052 1324 1127 1366 quia
1140 1335 1241 1357 senex
1255 1324 1360 1357 fuerat
1376 1325 1431 1366 qui
1447 1331 1496 1357 est
1510 1326 1545 1358 in
1561 1336 1601 1358 ea

858 1374 962 1405 actor;
979 1367 1061 1410 petit
1067 1378 1143 1410 ergo
1149 1367 1197 1399 uti
1202 1367 1273 1409 pari
1282 1368 1377 1400 modo
1384 1374 1494 1400 utatur
1499 1379 1602 1401 senex

858 1411 1076 1443 benivolentia
1088 1411 1210 1453 populi,
1221 1421 1284 1452 qua
1296 1418 1329 1443 et
1343 1411 1537 1444 adolescens.
1558 1412 1600 1445 E.

902 1455 932 1486 4.
956 1456 1058 1486 Novas
1072 1457 1125 1496 qui
1139 1459 1261 1486 exactas
1267 1453 1333 1495 feci
1347 1459 1382 1486 ut
1401 1457 1599 1488 inveterasce-

858 1497 944 1539 rene]
975 1497 1147 1538 Σύλληψις.
1198 1499 1462 1536 Inoeterascerent,
1493 1498 1600 1531 denuo

857 1547 1052 1582 agerentur:
1076 1540 1151 1582 quia
1165 1541 1308 1573 nondum
1322 1547 1404 1580 acta,
1418 1551 1503 1573 nova
1517 1541 1598 1573 dici·

858 1590 911 1615 tur
922 1584 1037 1616 fabula.
1060 1583 1213 1625 Erat-tae]
1224 1584 1396 1626 Expulsas.
1426 1586 1597 1617 Inveteras-

856 1626 974 1668 cerem]
993 1628 1034 1660 ln
1048 1627 1314 1659 consuetudinem
1328 1627 1488 1667 venirent,
1503 1638 1597 1670 spec-

857 1676 1012 1708 tarentur,
1028 1678 1222 1703 amarentur.
1258 1671 1449 1703 D.--Nooas
1469 1674 1523 1713 qui
1544 1683 1598 1703 e:-

855 1713 1021 1754 notassem·
1042 1719 1077 1746 ut
1103 1713 1369 1755 inveterascerent]
1397 1714 1463 1750 Qui
1488 1715 1598 1747 labore

856 1767 928 1788 meo
950 1768 1049 1789 novas
1070 1757 1242 1789 comoedias
1265 1757 1410 1789 exclusas
1429 1757 1471 1790 ad
1484 1758 1597 1800 populi

856 1811 950 1833 aures
965 1800 1123 1838 revocavi,
1140 1807 1174 1832 et
1188 1807 1313 1832 veteres
1328 1800 1462 1832 confeci.
1494 1801 1533 1833 E.

899 1845 928 1875 5.
951 1846 1002 1876 Ne
1023 1855 1088 1875 cum
1106 1849 1197 1884 poeta
1217 1845 1370 1883 scriptura
1392 1843 1597 1886 evanesceret]

856 1887 962 1919 Causa
983 1886 1057 1919 facti
1080 1886 1244 1918 honestior
1269 1892 1327 1924 est,
1349 1896 1415 1918 non
1436 1897 1471 1918 se
1493 1893 1598 1929 poetae

855 1930 961 1969 unius,
977 1930 1034 1963 sed
1047 1930 1150 1972 ipsius
1163 1929 1322 1972 poematis
1332 1940 1429 1962 causa
1439 1929 1594 1964 laborare.

898 2017 928 2049 6.
952 2018 990 2048 In
1005 2018 1062 2055 his,
1078 2027 1153 2058 quae
1163 2018 1295 2058 primum
1312 2016 1417 2048 θαι-ἰὴ·
1430 2018 1527 2049 didici
1540 2029 1594 2050 no-

855 2060 925 2102 vas]
950 2060 980 2092 A
1003 2060 1100 2092 simili
1121 2065 1357 2101 argumentum,
1372 2059 1458 2101 quod
1478 2060 1517 2092 fit
1536 2070 1597 2103 per

855 2104 1127 2146 comparationem
1148 2103 1354 2135 artificiosam
1373 2108 1406 2134 et
1424 2103 1596 2137 oratoriam

852 2158 964 2179 rerum
979 2157 1015 2178 ac
1030 2156 1249 2188 personarum.
1281 2146 1454 2180 D.—Quas
1463 2149 1596 2187 primun

858 2193 963 2223 σαι-ἰὴ·
976 2192 1072 2222 didici
1086 2189 1192 2231 novas]
1209 2189 1447 2221 Comoediarum
1458 2189 1597 2232 scriptor

854 2233 1005 2266 Caecilius
1034 2233 1097 2264 fuit
1111 2245 1119 2264 ε
1161 2243 1238 2275 ergo
1266 2232 1308 2264 ad
1336 2232 1423 2264 hunc
1451 2232 1595 2269 laborem

853 2287 949 2309 suum
960 2276 1083 2319 profert
1094 2276 1278 2318 exemplum
1288 2276 1329 2307 de
1341 2275 1443 2307 altero
1453 2282 1595 2315 auctore,

855 2320 911 2362 qui
924 2320 1044 2362 populo
1058 2319 1237 2361 placueritz
1268 2325 1302 2351 et
1322 2318 1464 2350 ostendit
1481 2319 1595 2362 populi

853 2362 1089 2405 quodammodo
1109 2373 1188 2400 rem,
1209 2367 1243 2394 et
1262 2372 1368 2394 sceuae
1384 2362 1513 2394 dubiam
1527 2363 1594 2397 for-

850 2413 965 2439 tunam
980 2417 1071 2438 esse:
1095 2406 1144 2439 uti
1157 2404 1315 2438 comoedia
1329 2405 1518 2438 excludatur
1531 2405 1592 2442 ali,

851 2450 1011 2492 quotiens.
1042 2450 1082 2481 E.

897 2493 926 2527 7.
943 2495 1064 2525 Partim
1078 2504 1143 2524 mm
1157 2503 1259 2524 eorum
1272 2497 1406 2530 exactus,
1416 2493 1593 2533 partin-053

852 2536 942 2578 steti]
966 2536 1059 2574 Vide,
1074 2535 1148 2578 plus
1163 2546 1233 2567 esse
1247 2535 1283 2567 in
1298 2535 1463 2577 exemplo:
1490 2535 1592 2577 siqui-

852 2580 926 2611 dem
947 2579 1067 2621 partim
1088 2584 1209 2610 exactae
1230 2583 1307 2610 sunt
1326 2577 1448 2610 Caecilii
1465 2577 1592 2618 fumun,

852 2623 970 2665 partim
985 2622 1042 2654 vix
1062 2621 1229 2654 admissae:
1253 2631 1351 2662 quum
1373 2631 1439 2653 una
1460 2621 1593 2664 Hecyra

853 2665 983 2697 exclusa
997 2665 1048 2697 sit.
1088 2665 1132 2696 Et
1153 2670 1203 2696 est
1223 2674 1346 2701 sensus,
1361 2670 1418 2696 aut
1430 2663 1591 2707 displicui,

851 2708 967 2750 inquit,
982 2714 1039 2740 aut
1060 2707 1220 2748 aliquibus
1242 2707 1297 2739 vix
1317 2707 1434 2749 placui.
1469 2709 1591 2741 Pam·-

849 2763 914 2784 cum
928 2763 1031 2783 earum
1051 2750 1191 2792 exactas]
1219 2751 1283 2782 Pro
1302 2749 1337 2782 in
1352 2750 1425 2783 aliis
1440 2750 1539 2792 (Cum
1553 2751 1590 2785 in

850 2800 928 2827 vett.
949 2793 1040 2826 libris
1063 2794 1106 2825 sit
1125 2799 1180 2826 out
1201 2795 1325 2831 timidis,
1347 2793 1408 2836 leg.
1428 2800 1499 2827 ante
1515 2797 1591 2833 nihi

849 2835 953 2878 actis).
991 2837 1036 2868 Et
1061 2836 1156 2868 simul
1185 2836 1354 2879 splendida
1380 2837 1500 2870 locutio
1529 2846 1588 2871 est.

850 2882 970 2912 Partim
985 2879 1171 2912 adverbium
1186 2886 1243 2912 est.
1266 2880 1312 2912 Et
1321 2880 1450 2923 proprie
1463 2881 1589 2914 locutus

849 2930 908 2956 est.
942 2923 1029 2955 Nam
1047 2923 1168 2965 sabulo
1190 2929 1247 2956 aut
1268 2926 1322 2964 agi
1344 2924 1503 2965 dicuntia,
1533 2932 1590 2961 aut

850 2973 942 2999 stare.
974 2967 1016 2999 D.
