1852 3216
103 195 243 223 semu
264 181 334 235 ιι.]

675 179 1097 222 EUNUCHUS.

1566 186 1647 227 185

157 269 392 311 Homines:
424 283 523 310 nam
542 268 617 324 qui
636 267 738 311 huic
758 269 945 310 animum
963 270 1175 311 assentari
1193 269 1433 321 induxeris,

157 334 199 375 E
220 333 390 375 flamma
408 340 558 388 petere
579 340 623 375 te
643 334 786 375 cibum
806 347 937 388 posse
956 335 1158 376 arbitror.

156 398 280 440 Tim.
295 398 449 440 Jamne
463 399 603 440 imus?
634 396 756 440 ΤΗΑ.
772 397 870 439 Hos
891 398 1012 453 prius
1028 399 1316 450 introducam,
1339 406 1398 450 et,
1414 414 1514 455 quae
1530 401 1644 452 volo,

98 472 141 502 40
158 462 293 504 Simul
312 463 559 518 imperabo:
591 470 691 517 post
710 463 915 505 continuo
937 478 1059 506 exeo.

154 528 278 570 Tun.
295 528 395 583 Ego
414 527 515 570 hinc
535 528 661 577 abeo,
684 534 732 570 tu
747 528 884 570 istanc
905 529 1120 583 opperire.
1155 528 1270 570 PAR.
1286 528 1423 571 Haud
1444 531 1643 571 convenit

155 592 257 634 Una
278 593 340 634 ire
362 607 461 634 cum
479 593 614 634 amica
632 593 934 647 imperatorem
954 594 998 634 in
1018 594 1099 634 via.

153 656 278 698 THR.
303 656 424 704 Quid
444 657 523 703 tibi
542 671 625 711 ego
644 655 779 698 multa
799 657 967 699 dicam?
999 658 1159 699 domini
1180 657 1325 699 similis
1346 673 1408 700 es.

156 720 250 763 GN.
284 721 373 771 Ha,
396 721 468 771 ha,
489 720 559 763 he.

239 786 368 827 modo
384 802 393 827 :

611 720 734 762 Tun.
758 721 880 769 Quid
907 722 1054 764 rides?
1106 722 1199 763 GN.
1233 721 1352 765 Istuc
1382 723 1502 778 quod
1532 723 1642 765 dixti

96 859 137 887 45
156 850 217 891 Et
236 850 342 891 illud
363 850 419 892 de
440 849 620 892 Rhodio
640 850 804 893 dictum
824 865 958 906 quum
977 851 1021 892 in
1047 858 1234 894 mentem
1254 853 1384 894 venit.

154 915 244 957 Sed
265 915 402 958 Thais
424 916 528 957 exit.
577 915 702 957 THR.
724 916 816 958 Abi
835 930 942 971 prae,
965 930 1106 965 curre,
1129 923 1178 957 ut
1199 917 1284 957 sint
1305 917 1421 958 domi

94 1032 156 1052 mor
177 1021 323 1062 homines]
350 1021 494 1052 Multum
516 1020 609 1057 dixit,
626 1019 709 1060 iufra
731 1023 846 1060 infimos

95 1066 189 1095 manis
210 1067 348 1095 hominu.
395 1064 483 1094 Nam
504 1063 564 1094 hac
587 1062 749 1094 sententia
764 1063 844 1099 vult,

93 1106 186 1137 illum
198 1106 363 1137 hominem
375 1105 478 1137 servis
490 1105 586 1136 etiam
600 1115 671 1136 esse
683 1107 843 1146 pejorem:

94 1149 170 1189 quia
189 1155 222 1179 et
243 1158 366 1185 servus,
381 1149 496 1183 homo;
520 1154 558 1179 ut
578 1148 613 1178 in
637 1148 843 1185 Phormione,

93 1192 217 1222 Servum
229 1193 374 1222 honinem
385 1202 507 1222 causam
522 1201 610 1221 orare
626 1192 706 1231 leges
720 1202 778 1221 non
799 1193 843 1221 si-

92 1239 179 1264 nuat.
211 1232 389 1273 D.—Infi·a
402 1244 500 1264 onnes
515 1232 646 1273 infimos]
671 1233 771 1264 Prisc.
788 1233 844 1264 lib.

92 1276 159 1307 xiv.
185 1276 288 1307 Plaut.
305 1276 404 1307 Stich.
421 1276 467 1306 iii.
482 1277 511 1306 2.
526 1276 578 1307 37.
594 1278 760 1315 infimatum
775 1278 843 1314 irfi-

92 1330 166 1350 mas.
199 1318 330 1350 L—Ut
345 1317 429 1358 infra
444 1318 504 1349 sub
516 1317 618 1349 ictum
635 1318 753 1356 veniat,
769 1328 844 1349 cum

94 1361 226 1392 Donato
241 1361 303 1401 leg.
320 1360 403 1401 infra
419 1371 492 1392 esse.
525 1361 562 1391 B.

137 1404 189 1436 37.
217 1406 277 1437 Qun·
296 1405 368 1434 kuic
387 1406 519 1434 animum
542 1405 694 1433 assentari
716 1405 843 1434 indu-re-

92 1445 156 1486 ris]
181 1446 335 1487 Proprie:
368 1456 443 1476 nam
465 1448 584 1476 animus
606 1447 763 1476 inducitur
786 1445 843 1476 ad-

92 1499 224 1520 versum
248 1489 389 1528 objectm
412 1488 628 1519 difficultates.
671 1488 842 1518 D.—-Ver-

92 1541 150 1562 sus
181 1531 286 1571 gratia
317 1541 392 1561 cum
423 1531 548 1561 duobus
581 1530 674 1561 codd.
704 1536 738 1561 et
768 1530 840 1561 edd.

91 1579 170 1604 vett.
193 1573 274 1614 lege,
293 1575 364 1604 huic
386 1575 538 1604 assentari
559 1575 692 1603 animum
713 1574 840 1604 indu-re-

91 1618 147 1647 ris.
178 1615 217 1646 B.

135 1659 187 1689 ³8.
201 1660 232 1689 E
238 1660 364 1697 flamna
380 1664 410 1690 te
422 1663 527 1698 petere
541 1660 640 1689 cibum
652 1668 736 1698 posse
752 1660 838 1689 arbi·

92 1700 174 1741 tror]
204 1700 302 1731 Unde
326 1701 397 1732 sine
421 1701 540 1731 damno
565 1707 622 1731 aut
644 1700 731 1731 malo
756 1700 839 1731 nihil

91 1749 201 1784 potest
215 1742 343 1774 auferri.
368 1745 399 1774 E
410 1742 553 1784 flamm]
580 1743 653 1774 Hoc
673 1743 838 1783 intelligit,

92 1796 158 1816 non
182 1795 224 1816 ex
245 1785 327 1822 foco,
342 1785 401 1816 sed
425 1795 467 1816 ex
488 1785 596 1816 medio
616 1785 696 1826 igni,
713 1785 765 1816 vel
786 1785 839 1816 in·

92 1827 208 1859 cendio
223 1827 369 1858 flammae.
405 1828 491 1858 Nam
513 1828 683 1868 antiquum
705 1828 839 1858 verbum

92 1876 152 1906 est,
177 1872 286 1901 Petere
310 1872 409 1901 cibun
438 1881 455 1900 e
473 1871 620 1908 flamma,-
650 1870 840 1910 mordetque

92 1919 266 1953 utrumque
289 1913 403 1948 simul;
428 1918 465 1943 ut
486 1912 612 1943 nescias
632 1922 729 1952 quem
748 1914 842 1953 pejus

90 1955 335 1997 vituperaverit,
365 1956 502 1994 hujusne
532 1954 661 1991 famem,
684 1964 726 1984 an
754 1954 842 1985 illius

91 1998 337 2034 immanitatem,
363 1998 414 2028 vel
439 1997 636 2038 voraginem.
677 1997 721 2028 Et
745 1997 841 2028 simul

90 2040 166 2071 vide
180 2040 364 2071 convicium
376 2040 549 2076 redditum,
559 2040 646 2070 unde
657 2041 840 2079 conjectum

91 2089 160 2118 esu
183 2083 217 2114 id
232 2089 291 2119 est,
308 2083 348 2113 de
364 2093 427 2124 pau
471 2088 555 2113 rtate
571 2089 603 2113 et
615 2088 767 2123 egoewte
797 2083 839 2112 D.

89 2127 165 2156 ——E
178 2127 305 2164 stanna
326 2092 690 2166 et'lmmfeflomerusegae
654 2124 742 2166 apud
758 2125 839 2155 Sue-

90 2173 157 2199 ton.
182 2167 217 2198 in
240 2167 383 2205 Tiberio,
406 2178 475 2209 cap.
492 2167 560 2198 xxi.
587 2167 733 2198 Lucilius
754 2167 841 2208 apud

91 2210 238 2241 Nonium
262 2210 365 2241 Marc.
391 2210 427 2241 in
451 2219 649 2241 κοιιοιευε.
683 2211 841 2240 Mordicus

86 2257 191 2293 puero
211 2263 320 2284 ww
341 2264 377 2284 er
391 2255 517 2292 flamma
538 2254 688 2293 expediat,
716 2263 732 2283 e
759 2263 841 2283 coeno

90 2297 198 2326 cibun.
231 2296 268 2326 1..

134 2338 187 2369 89.
210 2340 319 2369 Ianne
341 2341 419 2369 imus
427 2337 461 2379 .⁷]
485 2338 606 2369 Odium
625 2337 838 2369 Parmenonis

91 2385 125 2411 et
138 2381 339 2412 stomachum
355 2380 467 2412 militis
482 2381 546 2412 ista
566 2380 689 2411 indicat
704 2381 837 2411 festina-

91 2422 157 2457 tio:
179 2429 223 2458 et,
237 2424 317 2460 Jam,
330 2423 510 2465 increpatio
523 2433 623 2455 morae
639 2430 697 2454 est.

134 2465 186 2495 40.
202 2467 277 2496 Post
301 2468 359 2496 huc
378 2469 519 2497 cantino
538 2465 626 2506 exeo]
653 2465 790 2506 Legitur
804 2471 838 2496 et

86 2511 203 2546 posteo,
218 2513 257 2538 ut
276 2507 320 2538 sit
337 2514 408 2548 pose
427 2518 487 2549 pro
503 2514 610 2548 putea
627 2509 835 2539 anolm‘n-

92 2549 181 2580 ΗΒΕ
196 2551 216 2570 ⁹
234 2551 364 2588 (sensus
388 2551 541 2592 postulat,
555 2557 594 2582 ut
606 2551 742 2591 legatur,
759 2551 837 2582 ἆτο-

91 2591 175 2628 xem-h
189 2592 248 2622 τοῦ
260 2591 312 2631 aa)
327 2593 487 2632 quomodo
504 2603 566 2634 pro
581 2600 747 2642 postremo
755 2599 835 2633 poet.

91 2633 134 2664 D.
136 2633 289 2664 —Cum'
279 2644 315 2665 in
329 2637 467 2666 conti-m
481 2645 548 2666 non
566 2635 670 2676 possit
682 2646 747 2667 non
764 2635 835 2666 fieri

90 2676 289 2750 εγιιαὲωρὶια,
305 2686 366 2718 pro
377 2683 447 2716 post
459 2687 534 2708 cum
551 2678 643 2709 codd.
659 2678 732 2719 lego
748 2684 835 2718 poet-

132 2762 186 2792 41.
209 2763 277 2802 Ego
291 2763 362 2792 hine
374 2760 467 2802 abeo]
489 2762 700 2802 Consequens
714 2769 784 2794 erat
800 2768 839 2794 ut

88 2803 307 2835 offenderetur
328 2804 430 2841 miles,
446 2810 513 2834 tam
533 2803 706 2845 diligenter
726 2805 838 2836 rivalis

88 2855 206 2877 munus
222 2846 419 2888 suscipiente
438 2845 619 2877 meretrice.
653 2847 839 2878 D.-Haud

88 2888 241 2929 me]
266 2889 331 2920 Ms.
350 2889 390 2919 R.
406 2900 464 2919 non
478 2891 624 2920 convenit.
656 2889 694 2920 L.

130 2932 182 2962 42.
209 2933 276 2962 Una
300 2933 346 2962 ire
366 2943 432 2962 cun
451 2934 552 2962 anien
573 2933 782 2971 imperuim
802 2934 837 2963 in

86 2972 154 3014 via]
171 2973 255 3005 Vide
266 2973 528 3014 προπαρασκευὴ
538 2973 656 3006 futurae
668 2973 737 3006 litis
750 2974 838 3006 inter

890 1019 1047 1051 Thaidem
1070 1026 1103 1051 et
1123 1020 1270 1052 militem.
1311 1022 1384 1052 Cum
1400 1020 1517 1070 amica]
1544 1022 1641 1054 Miri-

890 1063 950 1093 fice
965 1065 1092 1094 amicam
1108 1062 1201 1100 dixit,
1217 1073 1283 1093 non
1299 1063 1512 1095 meretricem.
1540 1067 1642 1105 Impe-

889 1110 1020 1136 ratorem
1036 1108 1068 1135 ἰη
1080 1104 1147 1145 via]
1164 1106 1341 1152 Congrue'
1332 1116 1367 1136 ln
1378 1106 1531 1142 militem
1549 1107 1643 1148 quasi

889 1147 960 1189 ipse
976 1148 1029 1184 sit,
1044 1148 1104 1178 sub
1121 1150 1184 1188 qu‘o
1199 1154 1249 1178 est
1270 1148 1377 1187 (adde,
1397 1149 1491 1179 Thais
1508 1149 1544 1179 Z.
1550 1148 1626 1190 ):e

889 1190 942 1220 hic
960 1196 1068 1221 servat
1083 1190 1254 1227 Parmeno,
1271 1191 1357 1231 quod
1371 1190 1432 1222 sibi
1450 1192 1640 1223 mandatum

890 1238 948 1269 aet,
971 1238 1003 1263 et
1024 1235 1115 1263 istum
1136 1235 1286 1270 emulum,
1302 1235 1383 1273 quod
1398 1236 1525 1273 poteris,
1540 1237 1581 1265 ab
1602 1246 1641 1266 ea

883 1277 1001 1315 pellito.
1040 1275 1085 1306 Et
1107 1275 1190 1306 bene
1214 1282 1318 1306 mutat
1339 1276 1482 1313 nomina,
1499 1276 1576 1308 hinc
1598 1278 1641 1308 ad

887 1318 1054 1354 honorem,
1079 1318 1155 1348 hinc
1180 1318 1221 1348 ad
1241 1318 1407 1349 invidiam.
1441 1319 1548 1356 Hanc,
1573 1330 1641 1351 non

888 1363 1084 1396 meretricem,
1101 1360 1158 1391 sed
1180 1362 1308 1391 amicam
1330 1360 1431 1391 dixit:
1456 1361 1552 1399 hunc,
1572 1372 1640 1393 non

887 1404 1024 1439 militem,
1040 1403 1098 1433 sed
1113 1405 1333 1441 imperatorem.
1366 1404 1409 1433 D.

931 1446 984 1475 43.
1011 1447 1094 1478 Quid
1113 1447 1171 1475 tibi
1193 1456 1247 1485 ego
1264 1447 1361 1476 multa
1384 1448 1483 1476 dicam
1494 1446 1528 1487 ?]
1562 1446 1639 1478 Non

888 1487 1003 1518 habuit
1017 1487 1105 1518 aliud
1120 1487 1214 1518 miles
1226 1488 1355 1524 stultus,
1372 1494 1405 1519 et
1418 1489 1504 1519 redit
1518 1489 1559 1520 ad
1583 1489 1641 1520 illa

886 1540 958 1570 quae
979 1540 1079 1571 supra
1100 1530 1193 1567 dixit,
1218 1532 1331 1561 domini
1351 1533 1498 1570 pauperis
1518 1534 1638 1563 miser-i-

886 1582 952 1612 que.
990 1574 1115 1603 Domina
1127 1574 1236 1603 similis
1250 1572 1299 1620 es]
1325 1573 1464 1614 Ineptus
1481 1575 1585 1614 jocus,
1602 1574 1639 1606 in

886 1625 950 1654 quo
969 1625 1092 1651 servus,
1108 1614 1237 1654 injuriae
1257 1615 1338 1651 vice,
1356 1615 1488 1646 domino
1503 1627 1637 1664 compa-

882 1663 982 1688 ratur.
1023 1657 1238 1694 D.-—-St'nu'lis,
1268 1668 1344 1688 cum
1374 1657 1457 1688 nihil
1482 1658 1642 1700 vituperii

882 1699 1057 1737 contineat,
1074 1700 1265 1731 mutandum
1289 1706 1339 1731 est
1359 1700 1395 1731 in
1409 1703 1509 1732 simia.
1550 1702 1641 1732 Nam

882 1749 1098 1783 praeterquam
1114 1743 1200 1783 quod
1213 1742 1258 1773 ita
1274 1742 1444 1783 turpitudo
1461 1743 1555 1774 faciei
1577 1754 1636 1775 ex-

883 1785 1045 1825 primitur,
1062 1795 1141 1816 usus
1163 1785 1316 1825 loquendi
1338 1795 1465 1826 quoque
1486 1796 1636 1827 compro-

884 1827 953 1857 bat.
970 1826 1144 1866 τιθηκίζειν
1158 1827 1245 1858 enim
1262 1833 1311 1858 est
1325 1830 1444 1858 imitari
1458 1834 1491 1858 et
1502 1830 1636 1860 adulari.

884 1869 934 1900 Cf.
960 1869 1045 1900 Plin.
1069 1869 1174 1910 Epist.
1196 1869 1217 1899 i.
1244 1870 1273 1899 5.
1299 1876 1333 1900 et
1356 1869 1461 1901 Plaut.
1480 1870 1601 1901 Most’
1591 1881 1636 1902 iv.

930 1955 981 1984 44.
1002 1955 1085 1987 Quid
1098 1955 1180 1985 rides
1189 1953 1223 1994 ?]
1248 1954 1294 1984 Et
1308 1954 1369 1985 hoc
1385 1965 1424 1985 eo
1443 1955 1536 1986 vultu
1551 1955 1635 1987 dici-

886 2002 950 2032 tur,
969 1996 1061 2036 quasi
1087 1996 1150 2027 sibi
1173 1996 1322 2027 conscius
1345 1996 1389 2027 sit
1412 1997 1507 2029 miles
1530 1998 1635 2030 facete

884 2038 962 2069 dicti
992 2038 1141 2069 convicii.
1185 2039 1271 2070 Nam
1301 2049 1368 2070 non
1398 2040 1483 2080 quod
1509 2041 1637 2073 nesciat

883 2091 1013 2112 causam
1035 2081 1130 2118 risus,
1154 2092 1193 2112 eo
1215 2082 1395 2122 interrogat
1420 2085 1497 2123 quid
1515 2086 1636 2122 viserit,

883 2124 941 2155 sed
965 2124 1048 2160 ideo,
1072 2130 1108 2154 ut
1131 2124 1238 2155 denuo
1261 2124 1420 2155 laudetur.
1460 2125 1635 2157 D.—Ietuc

884 2168 964 2206 quod
977 2165 1074 2207 dixti]
1099 2166 1201 2197 colax
1222 2167 1384 2207 parasitus
1400 2176 1496 2198 suum
1513 2167 1633 2208 ubique

883 2208 998 2250 implet
1012 2209 1163 2240 officium.
1187 2209 1272 2239 Nam
1285 2219 1359 2239 cum
1374 2209 1492 2240 leviter
1505 2209 1634 2242 loeutus

883 2251 977 2282 miles
998 2251 1120 2288 fuisset,
1137 2251 1193 2292 qui
1214 2251 1342 2282 dixerat
1356 2251 1562 2289 Parmenoni‚
1577 2255 1633 2284 do-

883 2296 958 2324 mim*
971 2296 1081 2325 similis
1101 2305 1142 2330 es,
1158 2293 1314 2325 continuo
1334 2293 1436 2325 risum
1458 2294 1521 2325 sibi
1542 2305 1632 2327 com-

881 2343 991 2367 movet
1024 2347 1066 2367 ex
1094 2336 1400 2367 commemoratione
1424 2336 1513 2368 illius
1541 2337 1632 2375 dicti,

881 2379 967 2420 quod
982 2381 1133 2410 Rhodium
1155 2380 1408 2410 adolescentulum
1429 2379 1523 2411 miles
1537 2380 1631 2412 dixe-

880 2428 941 2458 rat,
956 2432 1027 2453 sese
1042 2421 1150 2452 ridere
1163 2421 1312 2462 coepisse.
1349 2422 1388 2452 E.

923 2466 975 2495 45.
999 2466 1043 2495 Ee
1058 2466 1138 2495 illud
1148 2466 1187 2495 de
1201 2466 1319 2495 Rhodio
1333 2463 1465 2505 dictum]
1490 2465 1565 2496 Hoc
1580 2470 1632 2497 est

879 2507 970 2544 illud,
996 2518 1097 2538 emm
1126 2509 1251 2548 ingenia
1278 2508 1413 2538 admiror
1441 2509 1540 2538 simul.
1585 2508 1632 2540 Et

878 2549 965 2587 huic,
977 2556 1015 2580 ut
1025 2556 1171 2591 apparet,
1187 2549 1226 2580 fit
1239 2549 1391 2580 amicior:
1415 2548 1489 2580 ideo
1503 2549 1632 2582 facilius

879 2593 920 2623 ab
943 2591 1057 2629 amica,
1081 2602 1177 2632 quam
1200 2601 1220 2622 a
1249 2591 1392 2633 parasito
1532 2593 1631 2624 bitur.

881 2634 1058 2666 D.——111ud
1080 2646 1180 2675 quum,
1203 2634 1289 2674 quod
1314 2634 1355 2665 ab
1378 2635 1498 2666 nostris
1526 2636 1630 2674 abeat,

878 2687 964 2719 pone
979 2683 1053 2719 post
1067 2683 1202 2708 mentem.
1238 2677 1276 2707 B.

923 2720 975 2751 46.
992 2722 1056 2750 Abi
1074 2730 1151 2759 prae,
1168 2730 1266 2756 curre,
1281 2724 1317 2749 ue
1330 2721 1394 2750 sine
1413 2721 1494 2750 dona·
1511 2726 1628 2760 parata

952 2765 959 2770 “
880 2762 997 2802 omma]
1021 2762 1098 2792 Non
1120 2761 1205 2792 dixit
1225 2772 1292 2802 quae
1315 2761 1423 2801 (forte,
1437 2767 1528 2803 atque
1549 2763 1625 2802 Z.):

881 2805 957 2845 quia
971 2803 1174 2844 intelligitur.
1208 2805 1300 2835 Dona·
1313 2809 1350 2835 ut
1361 2806 1424 2835 ἐπὶ

880 2847 951 2887 nia]
968 2846 1137 2885 Ἐλλειψις
1161 2846 1264 2883 ἠθικὴ,
1288 2846 1323 2877 in
1349 2856 1413 2887 qun
1436 2846 1512 2888 plus
1532 2847 1627 2879 vultu

878 2890 1090 2931 significatur,
1107 2898 1203 2929 quaxn
1218 2889 1336 2920 verbis.
1370 2889 1523 2921 D.—Pro
1538 2901 1629 2921 curre

879 2931 1059 2963 Palmerius
1181 2931 1211 2963 'e
1231 2931 1374 2964 conexit
1388 2943 1472 2964 eura.
1510 2933 1559 2964 Cf.
1578 2933 1624 2964 A·

878 2974 940 3006 del.
958 2974 991 3005 ii.
1007 2975 1034 3004 1.
1055 2974 1104 3004 13.
1142 2973 1180 3005 B.

1032 3025 1051 3046 n
1066 3017 1086 3046 b

1432 2810 1549 2844 ΜΦ
1562 2817 1626 2836 ⁰⁸⁸·

1190 3068 1219 3092 ι’
