1910 3216
418 110 603 148 INDEX
636 109 962 148 VERBORUM
994 111 1063 147 ET
1095 111 1419 148 PHRASIUM.

97 192 205 234 paulo]
244 193 344 234 Siqua
383 199 432 225 est
474 193 614 225 habitior

53 239 156 274 paulo,
167 235 312 277 pugilem
322 246 393 268 esse
404 235 505 268 aiunt.
529 236 612 267 Eun.

55 278 89 309 ii.
108 280 137 315 3,
155 280 205 309 23.
244 281 343 310 Paulo
365 278 420 319 qui
445 285 495 310 est
517 279 614 310 homo

56 321 242 352 tolerabilis.
291 322 411 352 Heaut.
446 321 467 352 i.
500 322 529 358 2,
562 322 611 352 31.

57 363 122 394 Ubi
138 363 262 395 adbibit
277 364 350 406 plus
364 365 465 402 paulo.
491 364 613 395 Heaut.

55 406 88 436 ii.
109 407 136 442 1,
155 407 183 436 8.
225 407 356 438 Metuas
372 417 413 438 ne
430 407 470 438 ab
490 416 526 438 re
548 406 615 438 sint

647 193 849 231 pauperculae.
873 192 1013 234 Adelph.
1027 191 1070 224 iv.
1087 192 1117 231 5,
1137 192 1186 224 13.
1222 195 1224 233 ξ

688 233 868 275 pauperies]
907 235 947 266 In
978 234 1090 267 Asiam
1127 234 1204 266 hinc

1748 121 1793 158 77

1278 193 1510 235 pedetemptim]
1543 195 1585 226 Di
1611 196 1694 228 bene
1718 208 1790 228 vor-

1236 241 1320 273 rant,
1343 236 1428 277 quod
1453 246 1550 278 agas:
1579 241 1793 278 pedetemptim

648 276 713 308 abii
729 283 862 318 propter
869 280 1056 318 pauperiem.
1082 277 1203 309 Heaut.
1237 284 1356 310 tamen.
1374 279 1502 311 Phorm.
1516 280 1561 310 iii.
1580 282 1609 317 3,
1629 282 1677 312 19.

649 319 670 350 i.
690 320 718 356 1,
735 320 787 351 59.

1221 307 1224 359 Ι
1278 321 1461 362 pedisequa]
1478 322 1608 354 Accede
1620 324 1662 355 ad
1670 327 1791 362 pedise-

688 361 874 411 paupertas]
899 364 1116 403 Paupertatem
1139 372 1204 394 una
1222 362 1321 403 'quaa
1345 364 1432 395 And.
1449 364 1470 395 i.
1490 366 1517 402 l,
1534 366 1585 396 96.

648 404 841 446 pertulimus
875 415 1017 446 gravem.
1064 398 1224 454 Adelph..

1278 405 1383 447 pejor]
1399 407 1519 438 Omnia
1527 407 1659 448 peiorem
1671 408 1704 439 in
1717 419 1793 450 par-

57 448 242 480 omissiores
270 451 371 487 paulo.
411 449 551 490 Adelph.
583 459 612 480 v.
630 455 632 461 ’
648 447 694 478 iii.
708 449 739 484 4,
754 448 806 478 50.
845 449 1017 488 Paupertas
1029 447 1110 479 mihi
1122 457 1204 479 onus
1221 453 1313 479 xtem.
1346 449 1431 480 Eun.
1458 449 1501 481 iv.
1525 452 1555 487 2,
1580 452 1610 481 4.
1662 451 1794 488 Melius,

59 492 90 529 3,
104 492 156 522 45.

99 533 242 574 paululo]
260 533 295 564 Si
317 543 460 574 nequeas
480 535 615 572 paululo,
651 532 780 564 Phorm.
792 532 812 563 i.
824 534 854 570 2,
864 534 915 564 44.
945 534 1075 569 Quanta
1085 515 1224 573 quamsi

57 581 92 607 at
107 576 218 616 quanti
235 587 343 616 queas.
367 576 452 607 Eun.
470 576 491 607 i.
512 578 538 612 1,
563 577 614 607 30.
632 575 717 608 vhaec
729 585 802 606 mea
809 581 978 616 paupertas
989 582 1048 607 est.
1073 575 1203 606 Phorm.
1239 581 1314 606 tem.
1339 575 1478 618 Adelph.
1494 577 1578 609 Prol.
1592 579 1621 609 3.

58 620 190 650 Paululo
232 627 299 650 tum
343 625 413 650 erat
453 625 614 651 contenta.

60 661 181 693 Heaut.
198 661 243 692 iii.
264 663 291 699 l,
310 663 360 693 35.

60 746 145 777 And.
161 746 194 777 ii.
213 748 242 783 2,
263 748 313 778 23.
359 747 437 778 Sine
459 749 618 784 paululum

59 789 100 820 ad
117 799 168 820 me
186 790 325 820 redeam.
351 789 436 820 And.
454 789 500 820 iii.
518 791 547 827 5,
570 790 616 820 16.

59 832 145 862 Tum
183 840 219 862 tu
256 831 356 873 igitur
389 834 548 870 paululum
578 832 619 863 da

59 874 140 905 mihi
165 885 281 916 operae.
322 875 406 906 Eun.
437 874 470 905 ii.
504 876 534 911 2,
566 876 617 906 50.

60 916 226 948 Paululum
232 917 412 959 opperirier
424 917 452 948 si
460 917 517 948 vis.
533 917 618 948 Eun.

60 970 90 990 v.
117 961 146 996 2,
173 961 223 990 51.
273 960 307 991 Si
336 962 494 998 paululum
524 960 620 991 modo

60 1002 138 1042 quid
163 1009 195 1034 te
217 1002 345 1043 fugerit.
383 1003 504 1034 Heaut.
532 1003 565 1033 ii.
589 1004 618 1039 3,

62 1044 112 1078 75.
153 1045 187 1076 Si
205 1055 291 1076 nunc
306 1045 347 1076 de
371 1051 426 1076 tuo
444 1047 518 1085 jure
540 1055 616 1076 con-

61 1087 214 1119 cessisses
227 1090 396 1125 paululum.
421 1087 560 1129 Adelph.
584 1087 617 1118 ii.

63 1132 93 1167 2,
111 1131 140 1161 9.
180 1131 330 1171 Spatium
345 1130 548 1162 sacrificandi
561 1131 618 1161 da·

62 1173 150 1204 bitur
161 1175 328 1211 paululum.
354 1173 450 1204 Phor.
464 1172 506 1203 iv.
522 1174 552 1210 4,
568 1174 618 1203 21.

103 1215 247 1256 paulum]
271 1215 354 1251 Quis
374 1215 480 1257 pudor
495 1217 621 1255 paulum

63 1258 164 1289 adest.
190 1258 274 1289 And.
291 1258 334 1289 iv.
354 1259 381 1295 l,
395 1258 424 1290 6.
464 1258 528 1289 Pro
543 1268 619 1306 pec-

63 1307 136 1331 cato
148 1311 265 1342 magno
274 1303 400 1341 paulum
414 1300 553 1342 supplici
569 1311 619 1335 sa-

65 1343 107 1374 tis
134 1350 184 1374 est
209 1343 304 1385 patri.
342 1343 428 1374 And.
454 1354 484 1374 v.
512 1344 542 1380 3,
568 1344 619 1373 32.

64 1388 195 1417 Paulum
207 1386 235 1417 si
251 1396 437 1418 cessassem.
470 1386 554 1417 Eun.
578 1385 620 1416 iv.

65 1430 95 1465 4,
110 1430 139 1459 5.
174 1429 275 1464 Quasi
290 1439 366 1460 vero
379 1430 503 1468 paulum
518 1428 620 1459 inter-

64 1472 135 1502 siet.
161 1472 245 1502 Eun.
265 1472 307 1502 iv.
330 1473 360 1508 4,
387 1473 433 1502 18.
471 1471 621 1502 Concede

64 1514 148 1545 istuc
158 1514 335 1556 paululum.
361 1513 502 1545 Audin’?
523 1513 620 1544 etiam

65 1567 152 1588 nunc.
174 1559 307 1596 paulum.
340 1557 425 1587 Eun.
448 1556 491 1587 iv.
514 1557 545 1592 4,
570 1557 620 1587 38.

66 1599 141 1630 vide
179 1600 292 1630 Notas.
351 1599 440 1634 Quid
477 1599 620 1629 feceras?

62 1643 190 1682 paulum
205 1642 292 1682 quid.
332 1641 405 1672 Eho
418 1643 554 1681 paulum,
570 1641 620 1671 in-

649 489 718 521 visa
735 496 785 521 est
807 496 840 521 et
862 490 1015 522 miserum
1039 496 1073 521 et
1094 500 1203 531 grave.

649 628 678 649 v.
697 618 726 655 7,
747 619 795 648 10.

1237 490 1334 531 pejus,
1357 491 1470 533 prosit,
1493 493 1586 524 obsit.
1612 493 1732 525 Heaut.
1751 494 1793 526 iv.

1241 534 1269 570 1,
1286 534 1336 564 30.
1373 534 1503 576 Rapere
1518 534 1552 566 in
1568 535 1699 575 pejorem
1718 547 1794 579 par·

1280 619 1418 659 pellicio]
1440 620 1491 651 Ne
1502 620 1602 651 mein
1620 621 1717 653 breve
1728 623 1795 659 pel-

689 660 910 702 pausillulum]
928 661 1010 691 Erat
1023 660 1053 691 ei
1069 661 1110 692 de
1125 660 1203 691 rati·
1240 662 1328 692 licias
1342 667 1470 703 tempus
1491 663 1610 703 gaudio
1633 663 1694 694 hoc
1715 663 1796 695 falso

101 703 276 745 paululum]
303 706 467 736 Paululum
492 703 614 735 obsoni.
650 703 768 734 uncula
776 704 844 743 jam
855 703 982 745 pridem
994 703 1080 744 apud
1092 714 1144 734 me
1154 713 1204 734 re·
1240 703 1313 734 frui.
1339 704 1420 735 Hec-
1441 715 1469 735 v.
1487 706 1517 742 4,
1538 706 1567 736 2.
1585 705 1659 736 vide
1682 706 1795 738 Notas.

650 745 774 786 liquum
784 747 996 785 pauxillulum.
1022 746 1079 777 Ph.
1094 746 1113 776 i.
1131 747 1158 783 1,
1175 747 1204 776 3.
1244 746 1277 776 Is
1292 755 1402 777 senem
1418 756 1478 787 per
1492 747 1646 789 epistolas
1660 750 1796 786 pelle-tit.

691 787 770 828 paz]
796 788 921 820 Infecta
940 799 1025 828 pace.
1067 788 1207 819 Indutiae
1242 788 1371 820 Phorm.
1389 789 1410 819 i.
1424 791 1454 825 2,
1474 790 1522 821 18.

651 830 782 867 bellum,
796 841 858 871 pa:
873 841 1010 862 rursum.
1036 831 1120 862 Eun.
1137 831 1158 861 i.
1179 832 1206 867 1,

1282 830 1378 872 pello]
1406 832 1510 863 lstum
1532 832 1694 870 aemulum,
1711 833 1798 874 quod

653 874 672 903 8
695 880 728 904 et
754 874 803 904 16.
847 875 929 904 Pace
951 874 1036 914 quod
1061 874 1117 904 fiat
1141 880 1205 904 tua.
1240 873 1372 914 poteris,
1395 874 1436 905 ab
1458 885 1497 905 ea
1516 876 1631 912 pellito.
1657 875 1740 906 Eun.
1762 875 1796 907 ii.

654 916 738 946 Eun.
762 915 807 947 iii.
832 917 861 952 2,
891 917 938 947 13.
977 916 1084 947 Patris
1104 927 1208 955 pacem
1246 916 1272 952 1,
1299 916 1328 946 9.
1375 916 1442 951 Qui
1468 917 1559 948 illum
1587 917 1629 948 ad
1654 917 1798 949 laborem

652 958 687 989 in
702 958 791 999 leges
806 958 957 989 conficiet
977 968 1062 989 suas.
1087 959 1205 989 Heaut.
1241 957 1317 989 hinc
1346 961 1523 996 pepulerim.
1564 960 1683 991 Heaut.
1713 960 1735 991 i.
1770 962 1798 998 l,

654 1011 682 1031 v.
701 1002 730 1037 2,
748 1002 799 1031 45.
840 1001 932 1032 Exeo
947 1007 984 1031 ut
1003 1012 1107 1041 pacem
1130 1011 1206 1032 con·
1245 1001 1314 1031 113.
1329 1001 1402 1032 vide
1417 1002 1529 1033 Notas.
1563 1003 1657 1033 Tune
1668 1003 1728 1034 has
1741 1012 1797 1040 pe·

653 1043 770 1074 ciliem.
798 1043 916 1074 Heaut.
934 1054 964 1075 v.
982 1045 1011 1080 5,
1030 1045 1058 1074 2.

694 1085 773 1126 pax]
799 1085 944 1134 Capillus
968 1096 1109 1127 sparsus,
1132 1096 1207 1127 pro-

1240 1045 1350 1080 pulisn’
1365 1043 1472 1075 fores?
1497 1044 1636 1086 Adelph.
1651 1045 1694 1076 iv.
1709 1046 1740 1082 5,
1752 1047 1783 1076 4.

1284 1085 1426 1126 penates]
1458 1087 1529 1127 Ego
1560 1087 1649 1118 Deos
1677 1090 1800 1124 penatis

654 1128 781 1166 missus,
805 1138 926 1159 circum
949 1135 1048 1169 caput
1070 1130 1209 1168 rejectus
1243 1127 1318 1158 hinc
1331 1128 1505 1159 salutatum
1528 1129 1660 1160 domum
1682 1130 1797 1161 devor-

655 1171 875 1212 neglegenter,
899 1174 985 1211 pax!
1021 1171 1141 1202 Heaut.
1174 1171 1207 1202 ii.

655 1215 685 1251 3,
702 1215 753 1244 50.
793 1213 888 1244 Unus
903 1220 952 1244 est
967 1213 1037 1244 dies
1056 1213 1133 1244 dum
1156 1224 1208 1245 ar-

654 1262 788 1297 gentum
817 1255 941 1297 eripio:
970 1260 1055 1296 pax!
1085 1256 1207 1287 Heaut.

655 1298 697 1330 iv.
716 1300 746 1335 3,
763 1300 815 1330 39.

695 1340 868 1381 peceatum]
895 1341 948 1372 An
970 1346 1007 1371 ut
1029 1351 1090 1382 pro
1114 1340 1210 1380 hujus

653 1386 788 1424 peccatis
809 1394 869 1425 ego
891 1383 1088 1425 supplicium
1112 1383 1208 1414 suffe-

655 1427 746 1457 ram?
770 1436 830 1467 pro
844 1431 968 1465 peccato
989 1435 1107 1466 magno
1129 1436 1208 1467 pau-

655 1468 722 1500 lum
752 1468 893 1510 supplici
923 1467 1002 1499 satis
1029 1475 1079 1499 est
1114 1468 1208 1509 patri.

656 1511 742 1542 And.
760 1522 788 1542 v.
806 1513 835 1548 3,
855 1511 894 1544 17
911 1516 943 1542 et
960 1511 1011 1541 32.
1049 1510 1083 1542 Si
1106 1510 1139 1542 id
1162 1517 1211 1542 est

654 1559 818 1593 peccatum,
841 1559 1010 1595 peccatum
1032 1552 1210 1594 inpruden-

657 1597 752 1627 tia'st.
778 1597 863 1627 Eun.
882 1596 967 1627 Prol.
986 1596 1036 1629 27.
1076 1595 1120 1626 Et
1134 1606 1209 1636 cog-

658 1639 811 1670 nomendi
826 1646 859 1670 et
873 1638 1062 1679 ignoscendi
1083 1638 1212 1669 dabitur

1244 1176 1302 1201 tar.
1326 1170 1455 1202 Phorm.
1473 1170 1506 1202 ii.
1527 1172 1555 1208 l,
1572 1173 1623 1202 81.

1284 1213 1416 1253 pendeo]
1456 1213 1509 1244 Tu
1539 1215 1608 1254 jam
1643 1216 1797 1252 pendebit.

1245 1255 1328 1286 Eun.
1346 1266 1375 1286 v.
1393 1256 1424 1293 6,
1441 1257 1492 1286 20.
1526 1256 1566 1287 ln
1581 1267 1641 1298 spe
1655 1259 1800 1294 pendebit

1243 1297 1353 1328 animi.
1381 1298 1502 1329 Heaut.
1525 1298 1567 1329 iv.
1591 1302 1622 1335 4,
1647 1300 1676 1330 5.
1714 1300 1798 1331 Ani-

1244 1350 1315 1371 mus
1335 1339 1394 1371 tibi
1415 1343 1535 1378 pendet.
1559 1341 1700 1383 Adelph.
1715 1341 1749 1373 ii.
1768 1344 1799 1380 2,

1247 1383 1296 1413 18.
1364 1382 1436 1423 Fgo
1486 1383 1610 1424 plectar
1656 1386 1799 1422 pendens.

1245 1425 1375 1456 Phorm.
1392 1425 1413 1455 i.
1430 1427 1461 1462 4,
1479 1427 1530 1456 42.

1285 1466 1399 1507 pendo]
1417 1467 1513 1499 Parvi
1523 1470 1630 1506 pendo.
1653 1468 1739 1500 And.
1751 1469 1798 1501 iii.

1245 1510 1274 1546 2,
1291 1510 1342 1540 46.
1383 1510 1454 1550 Ego
1470 1520 1535 1541 non
1550 1510 1642 1541 flocci
1658 1513 1798 1549 pendere.

1247 1552 1330 1583 Eun.
1351 1551 1397 1582 iii.
1418 1554 1444 1589 l,
1469 1554 1520 1583 21.
1559 1553 1664 1584 Nihili
1685 1556 1798 1592 pende·

1246 1605 1316 1625 rem.
1342 1594 1426 1626 Eun.
1444 1595 1464 1626 i.
1490 1597 1520 1632 2,
1546 1597 1595 1626 14.
1634 1596 1686 1627 Tu
1707 1596 1799 1628 illum

1247 1647 1420 1677 numquam
1469 1638 1639 1669 ostendisti
1686 1638 1800 1679 quanti

66 1685 203 1726 pudens.
243 1686 296 1715 An
318 1686 443 1724 paulum
466 1684 528 1715 hoc
552 1694 622 1714 esse
655 1684 774 1721 peccatu·
794 1681 893 1712 locus.
925 1681 1044 1712 Heaut.
1068 1680 1102 1712 ii.
1129 1682 1156 1718 1,
1180 1681 1209 1711 6.
1244 1681 1399 1717 penderes.
1422 1680 1543 1711 Heaut.
1556 1681 1577 1712 i.
1593 1682 1621 1718 l,
1637 1682 1707 1712 103.
1739 1682 1800 1722 Sy-

68 1727 126 1758 tibi
141 1727 291 1758 videtur?
317 1727 401 1758 Eun.
419 1737 448 1757 v.
473 1728 503 1763 2,
530 1726 567 1759 17
591 1732 623 1757 et
659 1724 784 1755 Matres
801 1734 914 1754 omnes
935 1723 1012 1754 filiis
1034 1723 1068 1754 in
1087 1728 1212 1763 peccato

71 1771 119 1800 18.

180 1770 331 1800 Concede
365 1771 491 1808 paulum
529 1769 621 1800 istuc.
657 1766 838 1807 adjutrices.
879 1766 999 1797 Heaut.
1028 1776 1058 1796 v.
1091 1767 1121 1803 2,
1159 1766 1210 1797 39.

1246 1732 1302 1753 rus
1323 1722 1404 1753 mihi
1428 1729 1520 1763 tergo
1542 1733 1656 1764 poenas
1678 1726 1800 1762 pendet.

1246 1764 1386 1806 Adelph.
1394 1764 1512 1802 iv.4‚6.
1532 1765 1801 1807 Amarietmagni

69 1812 164 1847 Quod
174 1812 240 1849 deS,
250 1813 428 1852 paulum’st.
449 1811 534 1842 Eun.
545 1822 575 1843 v.
593 1813 622 1847 8,
660 1809 845 1845 Maledicta,
858 1808 985 1845 famam,
998 1818 1107 1839 meum
1121 1818 1210 1839 amo-
1244 1809 1338 1844 pendi
1366 1807 1504 1848 postulo.
1542 1808 1682 1850 Adelph.
1710 1819 1741 1840 v.
1769 1810 1800 1847 4,

70 1856 111 1885 38
132 1861 165 1885 et
184 1856 236 1885 45.
275 1856 406 1885 Paulum
430 1854 491 1884 hoc
514 1854 623 1895 negoti
658 1862 736 1888 rem,
750 1858 782 1882 et
795 1856 951 1891 peccatum
966 1851 1001 1881 in
1017 1860 1087 1882 sese
1106 1856 1208 1882 traus-

69 1897 114 1928 mi
142 1898 256 1928 obstat.
293 1897 413 1927 Heaut.
441 1896 486 1927 iii.
516 1897 543 1933 1,
572 1897 623 1927 89.
659 1894 742 1925 tulit.
766 1894 905 1935 Adelph.
922 1893 956 1924 ii.
974 1895 1004 1931 3,
1030 1894 1078 1924 10.
1117 1893 1212 1928 Quod

69 1941 202 1970 Paulum
218 1939 309 1970 lucri.
335 1940 456 1970 Heaut.
473 1939 515 1970 iv.
529 1940 559 1976 4,
573 1940 623 1970 25.
655 1941 812 1977 peccatum
825 1947 844 1967 a
859 1935 952 1967 nobis
967 1937 1126 1973 ortum'st,
1141 1945 1211 1966 cor-

70 1982 177 2022 Agelli
195 1989 245 2013 est
256 1982 308 2013 hic
323 1982 383 2013 sub
396 1983 475 2013 urbe
491 1983 624 2021 paulum.
660 1979 738 2020 rigo.
773 1979 912 2020 Adelph.
937 1978 980 2010 iv.
1007 1980 1037 2016 3,
1062 1979 1091 2009 2.
1138 1978 1212 2009 Jam
1251 1976 1386 2008 Illorum
1401 1987 1472 2008 esse
1486 1977 1615 2018 culpam
1630 1977 1714 2009 hanc
1729 1988 1801 2010 cre·

70 2027 203 2056 Paulum
216 2025 249 2055 id
265 2031 373 2055 autem
389 2025 460 2055 est?
485 2023 624 2065 Adelph.
656 2027 813 2062 peccatum
830 2021 972 2062 primum
993 2020 1027 2051 id
1049 2030 1212 2061 magnum,
1248 2018 1326 2055 didi,
1338 2029 1410 2060 quae
1425 2025 1457 2050 te
1470 2026 1520 2051 est
1532 2029 1633 2058 penes.
1658 2020 1741 2052 Hec.
1757 2021 1801 2053 iv.

72 2078 100 2098 v.
110 2069 138 2104 8,
149 2068 188 2098 26
197 2067 287 2100 et27.
321 2067 408 2098 Huic
418 2066 540 2107 aliquid
548 2076 626 2104 pau·
661 2074 755 2105 magn

71 2112 208 2150 lumprae
219 2120 317 2140 manu
327 2109 465 2140 dederis.
485 2109 625 2150 Adelph.
663 2106 800 2148 Adelph.
823 2106 866 2137 iv.
891 2107 921 2143 5,
945 2107 996 2136 53.
1042 2105 1152 2137 AEtate
1177 2115 1214 2136 ea

71 2163 101 2183 v.
126 2153 156 2190 9,
180 2154 231 2183 23.
251 2152 324 2183 vide
347 2152 460 2183 Notas.
497 2153 628 2183 Paulum
661 2160 742 2185 sum,
760 2156 797 2180 ut
811 2159 876 2180 non
892 2148 954 2180 siet
965 2153 1089 2188 peccato
1105 2147 1150 2179 mi
1164 2147 1213 2188 ig·
1248 2146 1393 2188 cogitas?
1419 2147 1503 2178 Eun.
1518 2147 1561 2178 iv.
1578 2148 1608 2184 7,
1626 2147 1654 2180 7.

71 2195 163 2226 vobis
188 2195 324 2226 accessit
353 2194 508 2236 pecuniae.
545 2195 627 2225 Hec.
662 2192 751 2223 nosci
775 2201 910 2232 aequum.
951 2191 1033 2222 Hec.
1053 2201 1080 2221 v.
1111 2191 1139 2228 l,
1165 2191 1213 2221 10.

71 2238 118 2269 iii.
132 2239 162 2275 5,
174 2238 224 2268 56.
239 2237 313 2268 vide
327 2238 437 2268 Notas.
478 2237 628 2268 Concede
664 2235 802 2275 Egomet
827 2244 879 2264 me
902 2233 978 2264 novi
1002 2238 1036 2264 et
1059 2238 1216 2272 peccatum
1249 2232 1472 2272 congerebam.
1497 2231 1581 2263 Eun.
1598 2232 1631 2263 ii.
1649 2233 1678 2269 3,
1698 2233 1747 2264 19.

72 2280 148 2311 hinc
165 2290 184 2310 a
200 2279 322 2311 foribus
338 2282 471 2319 paulum.
497 2279 627 2311 Phorm.
663 2287 779 2308 meum.
804 2277 934 2307 Phorm.
951 2275 972 2307 i.
989 2277 1019 2312 4,
1037 2276 1087 2307 39.

72 2334 102 2354 v.
124 2324 150 2360 l,
170 2324 219 2354 14.
236 2322 311 2353 vide
328 2323 441 2354 Notas.

76 2461 105 2482 v.
136 2452 166 2487 4,
206 2451 257 2481 22.
311 2450 515 2491 Cupiditates
551 2460 630 2490 quas

44 2506 49 2511 -
72 2495 166 2533 paulo
178 2492 301 2523 mederi
318 2492 431 2534 possis.
456 2492 586 2523 Phorm.
600 2502 628 2522 v.

76 2538 107 2573 4,
125 2537 154 2566 3.

117 2577 252 2618 pauper]
285 2578 434 2608 Honeste
463 2576 497 2607 in
529 2577 633 2618 patria

75 2631 191 2660 pauper
214 2620 347 2651 viveret.
373 2618 457 2650 And.
481 2619 523 2650 iv.
548 2621 577 2656 5,
601 2621 630 2650 3.

78 2664 226 2704 Apparet
241 2672 370 2693 servum
382 2662 469 2692 hunc
485 2671 555 2692 esse
573 2662 630 2692 do-

78 2704 159 2736 mini
179 2707 334 2745 pauperis.
359 2704 444 2735 Eun.
461 2703 506 2734 iii.
526 2705 556 2741 2,
580 2705 631 2735 33.

78 2748 216 2788 Propter
234 2746 488 2778 misericordiam
510 2746 635 2777 addunt

76 2793 216 2830 pauperi.
241 2790 369 2820 Phorm.
390 2788 423 2819 ii.
450 2790 476 2826 1,
500 2789 552 2821 47.
594 2789 633 2819 In

79 2832 269 2863 servitutem
286 2842 449 2872 pauperem
471 2830 513 2862 ad
533 2831 634 2862 ditem

80 2874 160 2906 dari.
186 2875 315 2906 Phorm.
331 2874 373 2905 iv.
392 2875 421 2910 3,
438 2874 489 2904 48.

122 2915 344 2957 pauperculus]
377 2916 470 2947 Anus
500 2926 633 2956 pauper-

82 2962 161 2991 cula.
195 2960 313 2991 Heaut.
338 2958 359 2990 i.
386 2959 414 2996 l,
438 2959 490 2989 44.
530 2957 634 2989 Habi-

84 3009 155 3034 tant
191 3002 243 3033 hic
278 3001 424 3042 quaedam
465 3000 651 3037 mulierem¹

1248 1850 1396 1932 25penes]
1423 1892 1517 1924 Istaec
1533 1894 1604 1932 jam
1628 1901 1721 1930 penes
1743 1903 1802 1925 vos

1246 1934 1381 1975 psaltria
1393 1935 1464 1966 est?
1488 1934 1628 1976 Adelph.
1642 1935 1688 1966 iii.
1705 1937 1734 1973 3,
1748 1937 1801 1968 34.

758 2074 812 2094 um
836 2070 870 2095 at
892 2064 1070 2095 humanum
1095 2069 1213 2094 tamen.
1252 2062 1279 2099 1,
1296 2062 1347 2092 20.

1289 2103 1463 2144 peniculus]
1473 2106 1647 2136 Peniculon'
1657 2115 1803 2146 pugnare

1291 2188 1404 2229 penus]
1422 2188 1530 2220 Patris
1542 2198 1651 2227 penum
1674 2200 1803 2222 omnem

1291 2273 1364 2314 per]
1378 2274 1474 2310 Quod
1484 2281 1516 2305 te
1525 2284 1586 2315 ego
1592 2283 1649 2312 per
1655 2274 1805 2308 dextram

703 2318 809 2360 pecco]
841 2318 928 2354 Quid
957 2317 1134 2349 commerui
1161 2324 1217 2349 aut
1250 2316 1334 2347 hanc
1350 2326 1415 2347 oro.
1439 2316 1559 2348 And.i.
1573 2318 1603 2354 5,
1616 2319 1668 2348 54.
1706 2317 1804 2349 Nunc

116 2364 244 2406 paulus]
254 2367 531 2396 Paulomomento.
542 2365 627 2396 And.
660 2364 792 2403 peccavi,
815 2362 930 2403 pater?
954 2361 1040 2392 And.
1055 2359 1074 2391 i.
1095 2361 1123 2397 1,
1144 2361 1214 2391 112.
1234 2395 1235 2405 ¹

74 2408 95 2439 i.
108 2410 137 2445 5,
150 2409 200 2438 31.
230 2409 328 2438 Paulo
337 2413 477 2448 sumptu.
490 2407 628 2448 Adelph.
665 2405 699 2436 Si
715 2405 748 2436 id
761 2414 887 2442 peccare
902 2410 961 2440 est,
974 2403 1076 2434 fateor
1088 2403 1122 2433 id
1137 2413 1215 2443 quo·
1234 2430 1235 2438 ,
1251 2400 1297 2432 iii.
1317 2402 1348 2438 4,
1374 2403 1423 2433 14.
1461 2404 1524 2433 Per
1543 2411 1597 2433 me
1618 2402 1748 2434 stetisse
1769 2409 1806 2434 ut

664 2458 735 2488 que.
760 2447 844 2478 And.
863 2456 892 2477 v.
912 2448 941 2483 3,
966 2447 1015 2476 25.
1056 2445 1091 2476 Si
1112 2445 1147 2476 id
1169 2451 1219 2476 est
1234 2469 1236 2481 ,
1251 2444 1371 2475 credat.
1406 2443 1491 2475 And.
1520 2444 1564 2475 iv.
1589 2445 1619 2482 2,
1647 2445 1697 2476 18.
1742 2446 1807 2477 Per

664 2498 843 2532 peccatum,
860 2493 1017 2527 peccatum
1038 2487 1216 2529 inpruden-

665 2533 752 2563 tia’st
781 2538 895 2573 poetae.
935 2531 1018 2562 Eun.
1048 2530 1133 2561 Prol.
1165 2530 1216 2563 27.

667 2577 828 2606 Peccatum
853 2584 873 2605 a
898 2583 951 2604 me
977 2574 1217 2604 maxumum'st.

668 2618 787 2648 Heaut.
804 2617 825 2647 i.
848 2617 876 2653 1,
901 2617 972 2647 106.
1011 2615 1099 2646 Cave
1121 2625 1162 2646 ne
1184 2614 1218 2645 in

666 2666 774 2691 natam
789 2668 903 2697 pecces.
927 2658 1057 2689 Phorm.
1071 2668 1100 2688 v.
1118 2658 1148 2693 3,
1167 2658 1217 2688 20.

707 2700 830 2741 peetus]
845 2701 965 2731 Vincto
978 2705 1107 2738 peceare.
1133 2699 1217 2731 Eun.

1232 2342 1307 2396 ¹per
1328 2359 1414 2390 hunc
1435 2359 1568 2390 nulla'st
1588 2369 1687 2391 mora.
1718 2360 1803 2392 And.

1253 2493 1381 2528 tempus
1410 2486 1554 2518 advenis.
1588 2487 1675 2519 And.
1701 2487 1758 2520 iv..
1773 2489 1806 2525 4,

1253 2530 1305 2559 44.
1351 2530 1415 2560 Per
1440 2529 1590 2560 fallacias.
1625 2529 1747 2561 Haut.
1774 2540 1805 2561 v.

1253 2572 1704 2654 Ῐᾱὶῗριιῡῖωἶῖἷωῖἷ
1718 2572 1806 2646 ¹2⁰3

1254 2655 1394 2698 Adelph.
1416 2655 1462 2686 iii.
1491 2657 1520 2693 2,
1547 2658 1596 2687 10.
1642 2657 1727 2688 Duci
1750 2666 1808 2696 per

1254 2698 1348 2729 viam.
1368 2698 1508 2740 Adelph.
1520 2709 1547 2730 v.
1562 2699 1592 2736 ⁷,
1603 2700 1654 2730 23.
1687 2700 1807 2732 Parere

667 2744 700 2775 ii.
714 2746 744 2781 3,
758 2745 809 2774 23.
842 2745 967 2775 Pectore
981 2741 1158 2773 consistere
1172 2741 1220 2773 nil
1251 2750 1308 2779 per
1323 2750 1425 2772 annos
1440 2751 1505 2772 non
1526 2747 1641 2783 potest.
1665 2742 1805 2784 Adelph.

666 2786 781 2818 consili
795 2785 875 2827 quit.
898 2785 1038 2826 Adelph.
1054 2784 1096 2816 iv.
1114 2786 1145 2821 4,
1161 2785 1191 2815 4.

1253 2794 1283 2815 v.
1297 2785 1327 2820 8,
1341 2784 1370 2814 8.
1404 2783 1478 2819 Quo
1489 2783 1579 2815 lubet
1591 2784 1737 2816 cruciatu
1750 2795 1808 2823 per

708 2828 855 2869 pecunia]
882 2828 959 2859 Non
983 2837 1070 2858 nunc
1090 2829 1221 2866 pecunia
1254 2836 1306 2857 me
1321 2825 1465 2866 exquire.
1488 2825 1571 2858 Hec.
1586 2836 1614 2858 v.
1629 2827 1659 2864 2,
1677 2828 1706 2860 7.
1744 2827 1808 2859 Per

668 2872 784 2912 agitur.
809 2871 929 2902 Heaut.
940 2870 985 2901 iii.
999 2869 1089 2907 1,67.
1125 2868 1220 2901 Prius
1254 2868 1438 2900 tumultum.
1476 2868 1606 2900 Phorm.
1636 2869 1722 2901 Prol.
1754 2871 1806 2901 33.

667 2914 871 2963 prpditurum
894 2919 926 2944 te
949 2919 1037 2944 tuam
1054 2912 1165 2949 vitam,
1187 2918 1221 2943 et
1256 2912 1318 2942 Per
1366 2911 1455 2943 Deo·

1501 2917 1599 2953 atque
1648 2912 1806 2943 homines.

668 2966 759 2998 prius
769 2958 927 2994 pecuniam
938 2965 1077 2988 omnem.
1099 2955 1219 2986 Heaut.
1256 2953 1386 2985 Phorm.
1402 2964 1432 2984 v.
1449 2954 1479 2990 2,
1492 2953 1544 2987 37.

667 2998 713 3031 iii.
734 3001 761 3037 1,
778 2999 828 3032 71.

1296 2995 1496 3038 perbenigne]
1523 2996 1631 3038 Mag-is
1655 3002 1687 3028 te
1711 3007 1808 3037 quam
