1852 3216
70 137 210 165 scam
231 121 346 178 vn1.]

126 212 212 254 Hic
242 211 382 254 faciat.
443 211 540 253 AEs.
571 211 637 254 Mi
662 218 797 268 pater.

210 276 380 319 cultas?
427 275 515 318 DE.
540 276 660 319 Nihil
681 278 795 333 agis:

125 343 240 386 Fieri
269 343 390 385 aliter
420 358 504 384 non
531 351 689 398 potest.
743 343 828 386 ΜῙ.

211 409 267 450 mi
288 416 424 464 pater.

656 121 1007 165 ADELPHI.

1504 127 1591 169 455

849 211 931 254 Mt.
956 212 1104 260 Quid?
1137 221 1184 255 tu
1204 214 1318 266 huic,
1338 215 1471 267 asine,
1494 232 1590 259 aus-

858 344 1047 386 Deliras.
1097 345 1196 388 AEs.
1221 345 1322 389 Sine
1343 353 1386 389 te
1401 361 1590 399 exorem,

128 474 212 516 M1.
244 474 446 516 Insanis?
487 474 621 516 aufer.
674 474 762 516 DE.
795 474 907 531 Age,
928 476 984 518 da
1004 477 1167 518 veniam
1196 476 1299 519 filio.
1353 477 1438 520 Mt.
1459 478 1593 521 Satin'

214 554 343 582 sanus
364 542 442 582 es?
474 556 555 596 ego

75 614 112 643 15
130 605 282 647 Novus
303 606 479 647 maritus
498 621 609 647 anno
629 606 797 647 demum
818 607 968 661 quinto
988 616 1032 649 et
1051 609 1318 663 sexagesimo
1593 643 1595 645 .

127 671 271 722 Fiam;
312 679 439 727 atque
471 686 596 713 anum
626 672 889 727 decrepitam
918 673 1093 715 ducam!
1133 674 1232 716 idne
1263 675 1365 716 estis
1395 682 1593 718 auctores

213 737 315 778 mihi
328 738 344 778 ἲ

127 801 226 844 AES.
249 802 360 844 Fac:
390 804 564 858 promisi
589 819 671 859 ego
690 803 786 846 illis.
836 803 920 845 M1.
945 803 1145 846 Promisti
1169 808 1344 848 autem?
1375 806 1430 849 de
1450 813 1493 849 te
1512 806 1596 849 lar-

213 869 340 923 gitor,
363 883 484 924 puer.

129 932 218 974 DE.
251 934 364 989 Age,
385 934 519 989 quid?
552 935 587 976 si
608 936 711 990 quid
732 943 774 977 te
794 935 930 991 majus
952 936 1074 976 oret?
1125 934 1210 976 Mx.
1233 935 1371 984 Quasi
1397 952 1482 980 non
1511 938 1595 981 hoc

215 1000 268 1040 sit
288 1014 544 1042 maxumum.

130 1063 219 1105 DE.
244 1064 314 1106 Da
334 1066 512 1107 veniam.
545 1065 643 1108 AEs.
665 1065 738 1108 Ne
759 1081 951 1122 gravere.
1003 1066 1094 1109 DE.
1119 1066 1220 1118 Fac,
1241 1069 1455 1123 promitte.
1490 1069 1597 1112 Μῐ.Δ

212 1129 317 1171 Non
339 1131 525 1173 omittis?

73 1203 115 1233 20
129 1194 227 1237 AEs.
260 1195 379 1246 Non,
410 1197 490 1238 nisi
519 1204 562 1238 te
593 1212 779 1240 exorem.
839 1197 924 1240 M1.
957 1197 1037 1240 Vis
1064 1205 1132 1239 est
1154 1197 1248 1240 haec
1268 1199 1454 1255 quidem.
1506 1200 1595 1245 DE.

213 1259 311 1315 Age
331 1260 512 1316 prolixe,
535 1262 685 1305 Micio.

118 1373 166 1403 12.
190 1373 238 1402 Mi
256 1370 364 1412 pater]
389 1372 436 1402 Mi
458 1371 623 1403 vocativus
641 1383 733 1404 casus
754 1379 812 1409 est,

74 1416 114 1446 ab
144 1426 182 1446 eo
212 1414 297 1455 quod
325 1423 373 1445 est
400 1426 489 1446 meus.
538 1415 644 1449 Quid?
680 1421 712 1447 tu
734 1418 813 1453 huic,

73 1461 166 1495 asine,
212 1459 364 1488 auscultas
380 1457 413 1498 ?]
462 1459 585 1499 Aptum
633 1459 812 1490 convicium

73 1501 185 1542 grandi
204 1508 236 1532 et
250 1500 346 1531 fatuo.
380 1501 518 1532 D.—-Ob
533 1501 630 1533 libros
646 1502 814 1543 plerosque

75 1545 220 1576 Faernus
241 1543 342 1575 edidit
367 1543 449 1578 Quid
470 1550 503 1575 tu
525 1550 624 1576 autem
653 1548 731 1583 huic,
755 1551 810 1577 etc.

121 1631 168 1661 13.
181 1632 267 1661 Fleri
276 1632 368 1661 aliter
378 1642 433 1661 non
443 1630 559 1671 potest]
576 1631 605 1662 A
620 1632 810 1663 necessario.

74 1673 215 1714 Delirat]
240 1673 375 1715 Proprio
399 1673 552 1704 vocabulo
570 1685 647 1705 usus
665 1682 722 1712 est,
741 1682 811 1706 tan-

74 1727 169 1758 quam
186 1716 320 1757 loquaci.
359 1716 406 1747 Cf.
426 1717 553 1748 Phorm.
571 1728 600 1749 v.
619 1719 648 1748 8.
666 1720 694 1748 8.
729 1718 816 1749 D.—

75 1762 162 1791 Fieri
177 1762 268 1791 aliter
283 1771 340 1790 non
358 1759 473 1800 potest]
498 1761 578 1791 Pars
600 1760 711 1802 utique
733 1761 813 1792 deli-

75 1803 219 1835 berativa
234 1809 292 1839 est,
311 1803 363 1833 An
381 1813 511 1834 necesse
527 1803 578 1834 sit.
610 1804 649 1835 E.

121 1847 169 1877 14.
195 1847 316 1876 Insani-3
329 1848 345 1876 ?
367 1845 470 1886 auser]
490 1847 640 1887 Congrue
656 1847 725 1878 seni
738 1849 814 1878 deli·

75 1901 148 1920 ras:
168 1889 279 1929 juveni
294 1891 417 1920 insanis.
456 1890 500 1920 Et
515 1888 611 1930 auser,
629 1890 679 1921 vel
700 1896 740 1927 te,
765 1891 814 1921 vel

74 1943 216 1964 manum.
263 1932 347 1963 Nam
369 1942 495 1973 rogans,
514 1943 644 1964 manum
667 1933 816 1965 admovet

75 1976 208 2013 scilicet,
231 1975 341 2006 dicens
362 1978 403 2006 mi
421 1981 520 2016 pater.
558 1975 672 2017 Aufer]
697 1977 765 2007 Aut
787 1983 815 2008 te

76 2019 175 2056 deest,
192 2026 247 2050 aut
268 2030 386 2049 manum
400 2032 410 2049 .-
441 2026 496 2050 aut
518 2029 577 2060 pro
599 2030 638 2050 eo
660 2019 744 2060 quod
767 2026 817 2051 est

75 2064 127 2093 abi
138 2076 148 2093 :
171 2069 207 2093 ut
222 2062 272 2099 sit,
289 2061 376 2102 aufer
391 2067 428 2093 te.
454 2063 592 2093 D.—Da
605 2065 720 2094 veniam
729 2063 813 2104 filio]

78 2105 141 2137 ΜΒ.
166 2106 205 2136 Β.
229 2112 262 2136 et
284 2112 359 2136 vett.
384 2105 474 2136 codd.
506 2107 557 2136 Da
571 2108 816 2147 veniam‚quaeso,

68 2151 144 2188 filio.
175 2148 302 2180 L.-Ut
321 2149 501 2179 efficeretur
525 2149 707 2180 octonarius
736 2149 816 2180 iam-

78 2192 166 2223 bicus
188 2192 420 2228 acatalecticus,
440 2192 584 2223 Faernus
603 2192 683 2223 illud
696 2204 750 2234 ego
764 2203 815 2223 se-

79 2235 189 2276 quenti
206 2234 311 2266 versui
327 2234 511 2277 praeposuit.
545 2235 581 2266 B.

122 2279 171 2309 15.
195 2280 262 2319 Ego
283 2289 373 2309 novus
394 2277 539 2319 maritus]
564 2279 662 2320 Apud
679 2279 817 2310 Menan·

77 2321 170 2352 drum
186 2331 286 2352 senex
298 2321 339 2353 de
355 2322 476 2363 nuptiis
492 2331 555 2352 non
572 2328 731 2362 gravatur.
757 2322 820 2353 Er-

76 2374 118 2404 go
133 2364 306 2395 Terentius
322 2366 494 2405 εὑρητικῶς.
533 2367 601 2406 Ego
615 2376 705 2396 novus
723 2367 817 2396 mari-

78 2412 127 2437 tus
139 2418 215 2438 anno
231 2409 345 2438 demum
360 2410 463 2448 quinto
477 2413 507 2439 et
521 2411 704 2449 sexagesimo
716 2411 790 2447 fiam
804 2413 817 2440 Ι

78 2455 168 2490 atque
179 2461 267 2481 anum
282 2452 461 2491 decrepitam
477 2453 583 2482 ducam
593 2451 627 2492 ?]
648 2451 713 2482 Hic
728 2452 819 2483 deest

78 2500 111 2524 et
126 2495 202 2534 quis,
219 2500 251 2523 et
265 2495 347 2534 quid,
361 2501 393 2525 et
407 2496 534 2534 quando,
551 2501 584 2525 et
598 2497 738 2536 quomodo
748 2508 758 2526 .·
782 2502 818 2526 ut

79 2535 131 2572 sit,
161 2535 260 2576 quis?
298 2547 360 2576 ego.
408 2537 523 2572 Quid?
561 2549 652 2569 novus
680 2541 816 2569 maritus.

79 2578 238 2613 Quando?
258 2590 334 2610 anno
345 2581 459 2610 demum
471 2582 574 2621 quinto
585 2586 614 2612 et
625 2584 815 2622 sexagesimo.

79 2621 269 2657 Quomodo?
293 2633 382 2652 anum
396 2624 577 2662 decrepitam
591 2625 706 2654 ducam.
730 2626 821 2655 Anno

79 2666 194 2695 demum
221 2667 324 2705 quinto
344 2670 375 2695 et
397 2665 596 2707 sexagesimo]
631 2667 711 2698 Haec
739 2673 817 2698 aetas

79 2714 137 2744 est,
180 2714 216 2738 ut
253 2707 356 2738 Varro
396 2707 452 2745 ait,
487 2708 582 2740 etiam
624 2710 818 2741 comicorum

79 2761 203 2782 senum.
234 2750 278 2781 Et
300 2752 424 2787 demum,
446 2751 632 2782 adverbium
660 2752 820 2784 tarditatis

80 2800 137 2825 est.
180 2793 334 2834 D.—Ego
357 2805 448 2824 novus
474 2793 618 2835 maritus]
650 2794 818 2836 Repugno.

80 2837 134 2868 Ab
156 2836 326 2867 inhonesto
347 2844 571 2877 argumentum
599 2837 753 2879 ponitur:
777 2849 819 2869 an

81 2886 176 2922 turpe
205 2879 256 2916 sit,
279 2890 413 2911 uxorem
443 2879 570 2918 ducere,
600 2880 696 2912 etiam
722 2891 819 2912 anum

82 2923 208 2954 ducere.
241 2923 279 2954 E.

131 2966 180 2998 16.
211 2968 311 3007 Atque
341 2978 430 2998 anum
460 2968 641 3007 decrepitam
670 2969 775 2999 ducam
788 2967 820 3009 !]

859 1373 932 1403 Hoc
945 1372 1046 1404 facete
1061 1373 1159 1410 addit,
1177 1379 1326 1414 tanquam
1340 1374 1521 1407 faciendum
1537 1377 1597 1409 hoc

857 1422 950 1452 esset,
967 1415 994 1447 si
1015 1416 1122 1457 puella
1144 1417 1315 1448 duceretur
1341 1418 1421 1449 seni.
1459 1421 1535 1451 Idne
1550 1432 1597 1452 es-

858 1461 898 1490 tis
913 1464 1049 1490 auctores
1069 1462 1143 1490 mihi
1154 1459 1187 1500 ?]
1210 1460 1282 1491 Hoc
1297 1468 1355 1499 est,
1371 1472 1597 1503 persuasores:

858 1509 902 1539 ut,
918 1502 1006 1543 Vir-g.
1019 1502 1094 1533 AEn.
1106 1503 1162 1534 xii.
1176 1504 1245 1534 159.
1263 1506 1379 1536 Auctor
1390 1516 1444 1546 ego
1456 1508 1597 1538 audendi.

855 1544 1065 1586 Decrepitam]
1076 1548 1278 1586 Dee-repitent,
1285 1554 1340 1578 aut
1347 1549 1511 1579 stomacho
1518 1550 1596 1581 anili

856 1595 888 1619 et
897 1588 1065 1619 iracundo:
1082 1595 1138 1620 aut
1146 1591 1327 1630 decrepitam
1339 1591 1445 1622 obtusi
1457 1592 1556 1623 animi
1567 1600 1600 1624 et

855 1631 939 1662 laesae
951 1631 1144 1663 senectutis:
1171 1639 1225 1663 aut
1236 1636 1428 1674 decrepitam,
1444 1636 1497 1666 cui
1512 1646 1598 1678 saepe

855 1674 1055 1706 moribundae
1076 1675 1239 1717 crepuerit
1261 1676 1392 1718 planctu
1413 1678 1543 1717 familia,
1564 1679 1599 1711 id

858 1724 915 1755 est,
932 1718 1126 1749 clamaverit.
1162 1719 1200 1749 D.

903 1762 952 1794 17.
975 1760 1139 1802 Largitor]
1163 1762 1307 1793 Verbum
1337 1769 1387 1794 est
1417 1763 1600 1806 imperativi

861 1804 958 1841 modi,
986 1804 1085 1835 futuri
1115 1806 1279 1846 temporis.
1326 1808 1372 1837 De
1403 1812 1432 1838 te
1459 1809 1598 1848 largitor,

855 1847 948 1888 puer]
973 1847 1109 1878 Acutius
1131 1850 1168 1878 de
1191 1854 1219 1879 te
1240 1848 1360 1879 dictum
1377 1858 1434 1886 est,
1451 1861 1546 1890 quam
1562 1853 1600 1883 de

858 1895 917 1921 tuo.
958 1890 1001 1921 Et
1016 1891 1097 1921 bene
1113 1890 1146 1921 in
1163 1901 1246 1929 eum,
1262 1892 1316 1932 qui
1332 1893 1523 1933 promiserat
1537 1905 1599 1936 pu-

858 1933 928 1964 ellae
949 1933 1208 1973 conjunctionem
1230 1945 1331 1965 suam.
1369 1936 1601 1969 D.-—Promistz‘

858 1982 956 2007 autem
967 1975 1000 2016 ?]
1018 1976 1080 2007 Ms.
1096 1977 1135 2007 R.
1149 1980 1324 2017 promisisti.
1350 1978 1497 2010 Diomed.
1510 1980 1564 2012 lib.
1578 1981 1600 2013 i.

859 2021 907 2050 De
919 2025 948 2050 te
960 2018 1105 2060 largitor]
1119 2019 1158 2050 V.
1172 2021 1207 2051 C.
1222 2022 1259 2051 de
1272 2026 1300 2052 te
1312 2023 1354 2052 sis
1366 2023 1504 2063 largitor,
1512 2035 1600 2064 puer.

906 2107 953 2136 18.
979 2106 1101 2137 Omnes
1123 2106 1225 2137 nostri
1242 2107 1332 2138 codd.
1349 2114 1445 2144 recte,
1464 2108 1561 2144 Quasi
1573 2113 1602 2141 n·

860 2151 913 2180 hoc
928 2160 984 2179 non
999 2160 1023 2179 s.
1041 2160 1077 2179 m.
1111 2150 1148 2179 B.

912 2193 958 2223 19.
991 2193 1042 2222 Da
1070 2191 1202 2233 veniam]
1247 2193 1368 2224 Praesta
1397 2194 1601 2234 beneficium,

860 2234 1000 2266 concede
1016 2235 1100 2275 quod
1115 2235 1245 2277 petitur.
1279 2238 1327 2267 Ne
1339 2237 1483 2279 gravere]
1502 2238 1554 2270 Ne
1569 2246 1601 2271 te

861 2278 1023 2310 difficilem
1039 2279 1201 2320 praebeas:
1233 2279 1286 2319 qui
1299 2291 1422 2320 gravem
1437 2292 1468 2311 se
1483 2281 1603 2314 dicitur

857 2327 1015 2362 praestare,
1029 2321 1104 2362 quia
1119 2321 1152 2352 id
1167 2321 1260 2353 facile
1275 2333 1339 2354 non
1352 2330 1484 2364 praestat
1495 2324 1530 2356 in
1545 2326 1603 2357 be-

860 2365 985 2400 neficio,
1003 2365 1088 2404 quod
1100 2371 1215 2406 potest.
1253 2367 1304 2396 Da
1322 2368 1447 2404 veniam,
1469 2379 1507 2399 ne
1524 2380 1602 2409 gra-

859 2419 927 2439 vere
938 2422 947 2439 .-
959 2407 1026 2449 sac‚
1036 2410 1187 2448 promitte.
1212 2408 1414 2441 Altrinsecus
1425 2412 1602 2451 agentium,

860 2450 1126 2492 fatigantiumque
1149 2452 1246 2483 verba
1267 2459 1351 2483 sunt.
1393 2453 1551 2486 D.—Non
1567 2468 1600 2488 o·

860 2497 956 2526 mittis
966 2494 998 2535 ?]
1009 2495 1047 2525 V.
1056 2495 1092 2526 c.
1106 2496 1175 2526 Non
1181 2497 1343 2526 omittitis?
1359 2495 1493 2528 1..—0b
1508 2499 1605 2531 codd·

861 2545 893 2568 et
914 2547 1007 2569 usum
1024 2538 1169 2569 Terentii
1184 2537 1255 2579 lege
1273 2550 1413 2579 gravare.
1454 2540 1540 2572 Nam
1555 2542 1604 2574 sic

860 2591 945 2623 saepe
958 2581 1043 2618 alibi,
1057 2592 1094 2612 ne
1109 2592 1193 2622 nega,
1206 2592 1243 2612 ne
1257 2584 1360 2613 crucia
1375 2587 1413 2620 te,
1424 2588 1479 2614 etc.
1497 2584 1603 2617 Dein-

860 2624 901 2655 de
923 2625 963 2655 ob
985 2625 1081 2656 fidem
1108 2624 1199 2655 codd.
1226 2624 1343 2655 Faerni
1365 2632 1399 2657 et
1419 2633 1603 2661 nostrorum

860 2677 919 2708 pro
934 2670 1047 2699 omittis
1062 2667 1132 2708 lege
1149 2669 1298 2698 omittitis.
1331 2668 1369 2698 B.
1600 2697 1603 2698 γ

906 2711 956 2741 20.
973 2713 1041 2752 Age
1053 2712 1177 2749 prolixe,
1191 2709 1302 2751 Micio]
1317 2712 1385 2742 Aut
1397 2714 1465 2754 Age
1474 2716 1600 2754 prolixe,

862 2752 895 2784 id
905 2761 961 2790 est,
973 2764 1031 2795 age
1044 2752 1197 2794 benigne:
1224 2759 1261 2784 ut
1269 2753 1312 2784 sit
1318 2756 1436 2794 proli-te
1450 2757 1600 2800 benigne,

861 2797 1038 2827 secundum
1054 2803 1197 2827 veteres:
1229 2803 1284 2828 aut
1299 2807 1358 2838 per
1372 2797 1549 2840 ἀσύνδετον,
1564 2809 1601 2834 et

862 2837 1013 2879 ἔλλειψιν,
1029 2850 1086 2880 age
1099 2839 1337 2881 correptivum:
1363 2847 1401 2872 ut
1421 2842 1462 2874 ad
1482 2847 1601 2884 prolixe

863 2882 1081 2919 subaudiatur,
1094 2887 1193 2913 noster
1205 2888 1276 2920 etto,
1297 2890 1353 2916 aut
1366 2884 1444 2926 quid
1458 2887 1542 2922 tale:
1565 2898 1602 2923 et

864 2926 959 2956 Micio
975 2925 1063 2957 velut
1078 2924 1112 2956 in
1127 2925 1218 2957 suavi
1233 2925 1355 2959 dictum
1370 2927 1528 2970 siquam·
1539 2947 1601 2976 pra

863 2970 949 3000 mvl
963 2971 1076 3000 dietum
1091 2971 1141 3000 sit.
1158 2967 1213 3011 Z.)
1243 2969 1285 3001 D.
