1852 3216
91 138 234 168 seem&
254 123 305 179 1.]

679 121 1034 167 ADELPHI.

1537 125 1625 168 373

113 223 132 253 5
149 213 248 256 AEs.
271 213 543 268 Quamquam
563 220 633 256 est
656 211 881 264 scelestus,
902 228 987 256 non
1008 214 1243 257 committet
1266 214 1397 257 hodie
1417 229 1621 270 unquam,

233 279 388 321 iterum
407 286 455 320 ut
474 277 662 334 vapulet.

98 381 102 386 .
150 345 226 387 SA.
237 344 463 394 AEschine,
478 345 595 395 audi,
612 359 666 387 ne
681 351 724 387 te
738 344 935 400 ignarum
948 343 1083 387 fuisse
1100 346 1219 389 dicas
1233 360 1425 388 meorum
1441 361 1622 396 morum,

97 431 101 434 ·
153 412 276 454 Leno
302 426 386 466 ego
406 425 514 453 sum.
567 410 666 453 ΖΕΒ.
688 410 803 453 Scio.

233 477 460 532 quisquam
481 484 671 532 optuma.

857 411 935 453 SA.
958 410 1022 453 At
1048 412 1121 459 ita,
1148 420 1198 453 ut
1222 427 1405 467 usquam
1430 411 1512 454 fuit
1534 411 1623 453 fide

96 576 102 584 .
147 541 222 584 Tu
240 542 359 597 quod
380 549 423 584 te
442 543 657 598 posterius
678 556 853 597 purge8‚
874 541 986 584 hanc
1005 542 1204 597 injuriam
1223 541 1325 584 mihi
1345 541 1458 584 nolle

150 607 325 650 Factam
354 622 464 658 esse,
500 607 631 663 hujus
659 623 745 649 non
774 607 951 650 faciam:
987 605 1117 650 crede
1148 607 1247 658 hoc,
1275 623 1358 664 ego
1384 623 1524 650 meum
1549 609 1624 665 jus

235 688 488 729 persequar.

97 747 135 777 10
150 738 308 794 Neque
329 746 376 780 tu
397 738 539 780 verbis
560 737 699 780 solves
721 753 922 793 unquam,
941 739 1059 794 quod
1079 738 1184 780 mihi
1203 753 1249 780 re
1270 738 1547 782 malefeceris.

95 839 102 845 .
151 804 267 846 Novi
287 819 371 860 ego
391 812 536 846 vestra
555 803 673 846 haec:
704 803 879 846 Nollem
898 803 1081 846 factum:
1105 804 1413 860 juSJurandum
1433 804 1624 856 dabitur,

238 878 280 913 te
301 885 397 912 esse

150 935 380 992 Indignum
407 935 562 991 injuria
590 934 700 986 hac;
733 934 919 990 indignis
949 950 1080 990 quum
1111 942 1281 991 egomet
1311 936 1390 978 sim
1419 944 1625 992 acceptus

234 1002 387 1044 modis.

135 1112 138 1114 ,
150 1066 248 1108 AEs.
258 1066 347 1109 Abi
355 1074 638 1122 praestrenue,
648 1081 697 1108 ac
707 1066 820 1109 fores
829 1066 963 1121 aperi.
989 1065 1065 1107 SA.
1076 1065 1294 1107 Caeterum
1301 1065 1385 1108 hoc
1393 1066 1498 1108 nihil
1504 1066 1626 1126 facis.

93 1173 101 1177 -
135 1156 166 1186 5.
184 1154 361 1196 Quanquam
374 1161 419 1187 est
429 1157 580 1192 scelestus,
590 1167 647 1187 non
656 1154 835 1196 committet]

92 1197 321 1230 ’Ambaouoor
337 1198 499 1240 primum.
535 1209 609 1229 nam
632 1208 730 1239 quum
752 1209 837 1240 prae-

92 1241 253 1284 posuiaset
273 1253 463 1283 quanquam,
481 1252 548 1273 non
570 1242 706 1282 subjecit
727 1247 836 1273 tmen.

94 1285 282 1326 Con-uitae]
300 1285 468 1316 Perficiet.
492 1285 550 1316 sed
566 1285 627 1316 hoc
645 1285 777 1327 proprie
796 1285 837 1316 de

92 1328 215 1359 illicitis
230 1335 263 1359 et
277 1328 451 1369 puniendis
470 1328 667 1359 facinoribus
687 1327 834 1359 dicimus.

94 1371 139 1402 Et
153 1371 250 1402 simul
265 1371 318 1402 hic
332 1371 475 1402 ostendit
495 1370 638 1402 comicus
650 1371 837 1402 adolescens

91 1414 208 1445 cedere
222 1424 257 1445 se
272 1414 391 1451 lenoni,
407 1413 547 1445 invitum
562 1424 596 1445 se
612 1424 730 1445 noxam
748 1413 835 1445 intu-

93 1457 189 1488 lisse:
222 1464 255 1488 et
276 1457 310 1488 id
332 1457 418 1498 quod
439 1457 561 1494 fecerit,
577 1457 691 1488 fecisse
709 1457 837 1488 lenonis

91 1500 198 1542 culpa,
214 1511 280 1531 non
295 1511 362 1531 sua.
396 1502 511 1532 Iter-un
522 1506 556 1532 ut
571 1499 708 1541 vapulet]
728 1500 837 1531 Mina-

93 1543 175 1574 citer
186 1543 284 1583 (Mire
299 1546 402 1584 utique
414 1544 470 1583 Z.)
482 1550 579 1585 poeta
592 1543 733 1585 priorem
746 1543 837 1575 litem

91 1587 234 1623 sustulit,
249 1586 385 1617 dicendo
406 1589 516 1618 iterem
532 1600 543 1618 .-
576 1594 614 1618 ut
635 1597 700 1617 non
723 1587 837 1618 eadem

93 1629 134 1661 lis
156 1637 251 1667 esset,
273 1629 314 1661 de
339 1640 404 1670 qua
429 1640 528 1671 supra
554 1630 679 1661 Demea
705 1636 837 1670 questus

92 1679 164 1708 est;
186 1673 243 1704 sed
261 1672 440 1704 instaurata
461 1680 611 1704 nascatur
633 1672 836 1714 (nosceretur)

95 1716 162 1755 Ζ.).
191 1716 394 1747 D.—Iterum
416 1722 451 1747 ut
471 1715 610 1757 vapulet]
627 1716 733 1757 Supra
747 1717 837 1747 enim

92 1770 167 1790 cum
177 1759 331 1790 meretrix
340 1766 517 1800 raperetur,
524 1759 599 1790 leno
605 1759 779 1800 vapulavit.
797 1760 835 1790 E.

137 1802 167 1833 6.
184 1804 234 1833 Ne
250 1808 279 1833 te
297 1805 436 1843 ignarum
447 1801 567 1843 fuisse]
591 1802 729 1833 Prodest
749 1802 837 1834 enim

94 1845 288 1876 absolutioni
306 1856 435 1876 reorum
455 1845 684 1886 imprudentia,
710 1853 766 1876 aut
783 1856 836 1876 ca-

93 1899 158 1926 sus,
174 1896 231 1920 aut
246 1889 430 1919 necessitas.
462 1889 501 1919 E.

138 1933 167 1964 7.
183 1933 267 1963 Leno
279 1943 334 1972 ego
347 1931 429 1972 sum]
445 1933 538 1968 Leno,
554 1931 742 1963 terribiliter
761 1942 834 1973 pro-

92 1975 314 2006 nunciandum
332 1982 399 2006 est·
428 1975 519 2016 quasi
536 1974 631 2011 dicat,
647 1978 697 2006 cui
713 1977 839 2015 supplex

92 2021 164 2050 etis.
210 2019 274 2049 Sed
296 2028 339 2049 ex
359 2024 550 2067 argumento
572 2025 630 2055 est,
652 2018 738 2059 quod
760 2028 838 2049 con-

96 2061 212 2093 temnit
226 2061 402 2093 AEschinus
418 2062 522 2092 minas
543 2060 691 2092 lenonis·
725 2067 838 2102 utpote

93 2104 150 2145 qui
161 2106 229 2145 jam
244 2115 379 2136 uxorem
389 2105 577 2136 decreverat
588 2104 715 2135 ducere.
750 2103 835 2145 Scio]

93 2147 163 2179 Hic
186 2150 270 2188 (Hoc
290 2148 351 2187 sic)
374 2148 551 2190 respondit,
567 2147 659 2189 quasi
672 2147 707 2178 in
722 2147 839 2179 lenone

93 2190 279 2222 imminutio
320 2191 438 2243 capitis
480 2198 607 2222 tantum
648 2190 840 2222 consisteret

96 2232 221 2275 (Forte,
249 2236 314 2266 Ηίσ
341 2237 387 2266 sic
414 2236 579 2274 respondit,
608 2236 696 2275 quasi
727 2236 839 2265 lenanu

94 2280 286 2309 commotio
304 2280 338 2309 ιἰι
357 2280 442 2309 nictu
455 2280 566 2318 capitis
587 2282 704 2308 tantum
725 2280 838 2308 musis-

97 2325 175 2351 teret
201 2321 265 2359 Ζ..)
300 2322 379 2352 Pide
404 2323 562 2362 quisquam
588 2319 725 2360 optuma]
747 2322 839 2351 Pide:

97 2362 134 2393 in
153 2363 374 2405 concipiendis
400 2364 725 2395 comminationibus.
764 2374 840 2395 nam

100 2405 199 2444 (Nan
212 2414 300 2437 recte
314 2407 475 2438 omittitur
489 2408 530 2439 ab
546 2407 617 2438 edd.
635 2414 712 2438 vett.
729 2414 766 2438 ut
780 2417 838 2437 an-

99 2449 250 2480 tecedens
265 2458 299 2480 et
311 2460 511 2491 consequens
521 2460 619 2481 unam
635 2450 752 2481 efficiat
764 2460 839 2481 sen-

101 2492 234 2522 tentiam
251 2492 305 2530 Z.)
320 2495 512 2524 dena-datio
531 2493 758 2524 comminantis
779 2500 838 2524 δι.

102 2533 305 2571 D.'—Leno,
295 2536 463 2577 mquiueg
462 2548 479 2567 o
493 2535 575 2577 nm]
594 2537 678 2568 Cum
698 2536 842 2568 audisset

104 2577 287 2614 AEschinus,
311 2578 392 2609 illud
421 2579 529 2620 potius
555 2578 727 2616 intellexit,
755 2580 841 2620 quod

99 2619 176 2650 leno
190 2619 292 2651 facilis
306 2628 400 2658 esset,
413 2621 469 2662 qui
483 2621 588 2663 plag-is
602 2633 639 2653 ac
654 2623 841 2654 verberibus

101 2663 323 2703 subjiceretur,
336 2664 500 2705 magisque
515 2665 556 2696 ad
570 2673 768 2697 contemtum
780 2666 840 2697 hoc

102 2717 219 2737 nomen
249 2706 396 2738 audivit:
432 2707 507 2738 ideo
531 2707 649 2747 adjecit
673 2708 758 2746 leno,
784 2709 842 2739 sed

102 2749 175 2781 talis
190 2748 439 2790 qualisfuitfide
453 2752 608 2790 quisquan
622 2756 752 2790 optma.
784 2751 823 2782 Ε.

146 2794 175 2824 8.
203 2794 249 2823 Ta
270 2794 350 2833 quod
370 2798 399 2823 te
417 2792 583 2833 posterius]
605 2793 659 2824 Tu
683 2794 842 2835 posterius

92 2835 235 2867 -fortasse
251 2836 297 2866 sic
311 2843 343 2866 te
358 2845 497 2877 purgare
508 2835 654 2877 incipies,
665 2837 750 2877 quod
761 2837 842 2868 mihi

100 2879 204 2910 nolles
239 2879 352 2910 fecisse
387 2879 548 2927 injuriam.

94 2922 228 2963 purges]
246 2922 371 2953 Charis.
388 2922 467 2953 lib.
458 2922 491 2953 ιι.
518 2921 657 2953 L-Sic
675 2922 749 2953 libri
769 2933 839 2954 om·

99 2975 159 2997 nes
180 2973 214 2997 et
234 2965 411 3004 Charisius,
433 2975 465 3007 p.
491 2966 561 2998 191.
585 2965 719 2997 Frustra
739 2965 841 3007 igitur

603 2878 640 2909 Ε.
642 2881 841 2911 —Poeoen‘u
879 2904 882 2907 Α

880 1160 940 1191 est,
950 1154 1005 1196 qui
1013 1154 1243 1197 interpolatum
1255 1155 1344 1193 velit,
1357 1157 1431 1187 Tum
1440 1158 1520 1197 quod
1529 1162 1568 1188 te.
1586 1157 1625 1188 B.

923 1199 954 1229 9.
982 1198 1086 1239 Hujus
1112 1210 1171 1229 non
1190 1198 1328 1240 faciam]
1359 1199 1512 1240 Figurate
1537 1210 1625 1241 ergo,

883 1241 971 1275 Quod
995 1247 1026 1272 te
1046 1253 1159 1283 purges
1186 1242 1366 1284 (distingue
1390 1242 1448 1280 sic,
1464 1245 1624 1284 Figurate.

881 1286 965 1325 Ergo
979 1287 1059 1325 quod
1074 1290 1104 1315 te
1122 1296 1260 1325 purges.-
1281 1285 1321 1316 cf.
1343 1296 1421 1317 mox
1437 1286 1479 1317 ad
1494 1297 1626 1318 versum

880 1327 958 1365 36.‚)
983 1327 1017 1358 id
1041 1334 1100 1364 est,
1124 1327 1351 1369 purgationem
1378 1335 1477 1360 tuam.
1521 1330 1626 1370 Hujus

879 1377 998 1408 autem,
1012 1371 1168 1402 δεικτικὸν
1183 1378 1241 1402 est.
1277 1372 1346 1402 Aut
1358 1372 1446 1404 enim
1461 1372 1625 1422 stipulam,

880 1420 936 1444 aut
957 1413 1094 1445 floccum
1114 1420 1270 1451 moverat,
1286 1422 1343 1445 aut
1363 1425 1525 1446 summum

880 1462 959 1487 tum.
997 1457 1102 1498 Hujus
1114 1456 1316 1498 nonsacimn]
1332 1457 1457 1496 Cicero,
1474 1459 1568 1490 Verr.
1589 1459 1626 1491 ii.

881 1501 933 1531 50.
970 1501 1021 1531 Ne
1052 1502 1203 1531 imula-t
1234 1503 1354 1541 quidem
1381 1507 1540 1533 cmm-otus
1569 1508 1626 1534 est.

879 1545 948 1584 Ego
964 1554 1060 1574 neum
1075 1543 1133 1583 jus
1153 1543 1336 1584 persequar]
1361 1544 1435 1576 Hoc
1456 1552 1515 1582 est,
1533 1545 1625 1577 leno-

879 1586 980 1617 nium.
1001 1588 1104 1617 Meum
1104 1586 1179 1627 jus]
1192 1587 1301 1618 Meam
1310 1587 1501 1619 libertatem.
1522 1590 1626 1620 Meam

871 1629 946 1670 jus]
965 1629 1075 1660 Meam
1091 1629 1276 1662 vindictam.
1315 1631 1399 1662 Nam
1416 1637 1453 1662 ut
1471 1631 1528 1662 illa
1541 1632 1625 1672 inju-

880 1675 930 1704 ria
948 1679 1006 1710 est,
1021 1683 1092 1713 quae
1110 1673 1147 1704 fit
1167 1673 1321 1708 innoxio:
1350 1674 1396 1705 ita
1410 1675 1467 1714 jus
1482 1675 1626 1707 vindicta

879 1715 946 1752 illa,
958 1726 1030 1757 quae
1044 1716 1190 1747 redditur
1207 1727 1273 1748 reo.
1310 1717 1499 1759 Persequar]
1517 1718 1624 1749 Ulcis-

880 1770 944 1790 car.
982 1759 1107 1797 Cicero,
1126 1761 1172 1791 Tu
1187 1762 1259 1791 dum
1274 1765 1343 1791 tum
1356 1761 1488 1801 injurias
1505 1773 1563 1801 per
1585 1768 1624 1799 te,

880 1804 916 1832 id
928 1805 1008 1843 quod
1026 1814 1085 1833 nou
1102 1808 1197 1843 potes,
1214 1806 1356 1844 persequi
1378 1806 1505 1835 conaris.
1538 1805 1627 1836 D.—

880 1845 985 1885 Hujus
999 1845 1198 1886 nonsaciam]
1217 1846 1291 1877 Hoc
1307 1853 1366 1883 est,
1380 1857 1422 1877 ne
1438 1847 1534 1887 hujus
1548 1858 1625 1889 par-

881 1888 948 1919 vuli
969 1896 1001 1919 te
1023 1888 1147 1926 faciam,
1168 1899 1206 1919 ac
1227 1897 1400 1930 propterea
1420 1899 1626 1922 contemnam

881 1941 919 1962 ac
932 1931 1118 1973 despiciam.
1151 1931 1190 1962 E.

928 1975 976 2005 10.
993 1976 1101 2015 Neque
1122 1980 1154 2005 tu
1170 1976 1269 2006 verbis
1286 1977 1379 2007 solves
1392 1987 1533 2017 ιιιιφωπι,
1547 1979 1628 2018 quod

880 2019 955 2048 mihi
976 2029 1009 2049 re
1030 2017 1232 2059 malefeceris]
1255 2021 1407 2057 Νομικῶς.
1459 2019 1503 2051 Ει
1522 2022 1626 2058 solves,

881 2061 962 2097 lues,
986 2061 1159 2102 persolves,
1183 2060 1217 2091 id
1242 2068 1301 2097 est,
1325 2062 1512 2100 satisfacies,
1534 2074 1572 2094 ac
1593 2071 1626 2095 te

880 2104 1043 2145 purgabis
1088 2105 1135 2134 Re
1151 2104 1353 2146 malefeceris]
1370 2106 1561 2138 Aeneadum
1576 2114 1627 2138 est

881 2159 924 2183 re,
935 2155 969 2178 et
977 2147 1198 2188 significanter
1206 2148 1444 2188 proferendum.
1477 2149 1529 2180 Ibi
1537 2150 1627 2181 enim

882 2197 933 2221 est
953 2190 1124 2221 sententia.
1168 2190 1214 2221 Et
1232 2190 1306 2232 plus
1325 2191 1419 2227 dixit,
1444 2203 1478 2223 rc
1500 2192 1625 2233 malese-

882 2245 977 2308 ⁰²'1²‘1'.
985 2232 1374 2318 “23:333‘0332'52s5230'3'
1374 2235 1543 2319 aflai...
1566 2278 1624 2311 a..

881 2327 933 2350 est
962 2320 1049 2351 enim
1078 2322 1179 2351 verba.
1234 2320 1455 2360 anjam-dun
1483 2321 1625 2364 dabit-r]

885 2363 959 2394 Hoc
974 2370 1032 2400 est,
1045 2363 1226 2403 jurabimus
1249 2370 1281 2394 te
1296 2374 1367 2394 esse
1388 2363 1558 2406 indignum
1572 2365 1627 2397 cni

881 2406 1002 2447 injuria
1031 2406 1088 2437 fiat
1116 2406 1310 2446 hujusmodi.
1355 2407 1424 2438 Aut
1452 2408 1627 2449 separatim

873 2449 1095 2490 ‘iu-{iurandum
1109 2451 1255 2480 dabitur.-
1441 2450 1508 2488 tim,
1521 2456 1551 2483 te
1562 2462 1626 2483 em

882 2456 1508 2534 indignuminjmiahae.13ttsicmelius.
1520 2494 1627 2527 Verba

883 2536 972 2567 enim
993 2535 1204 2570 satisfaciunt,
1226 2546 1327 2576 quum
1341 2546 1395 2568 res
1408 2536 1571 2579 colligitur
1590 2538 1627 2570 in

882 2579 1088 2620 generalibus
1114 2578 1228 2610 causis.
1275 2579 1360 2610 Nam
1389 2589 1477 2621 soepe
1506 2580 1564 2612 irae
1588 2592 1626 2613 ac

882 2622 958 2653 lites
967 2621 1178 2662 jurejurando
1192 2629 1269 2653 sunt
1283 2622 1473 2661 terminate,
1489 2623 1566 2656 Ebr.
1581 2625 1625 2656 vi.

886 2666 936 2696 16.
974 2666 1015 2696 D.
1017 2664 1281 2705 ——Jusjumndum
1297 2665 1439 2707 dabitur]
1461 2667 1624 2702 Quemad-

884 2708 1015 2739 modum
1035 2707 1167 2749 sponsio
1181 2715 1257 2739 ante
1274 2708 1433 2748 judicium
1447 2709 1519 2741 fieri
1533 2711 1624 2748 solet,

881 2751 931 2782 ita
951 2751 1004 2782 hic
1025 2750 1118 2787 dixit,
1136 2752 1360 2791 jusjurandum
1382 2752 1520 2791 dabitur,
1540 2754 1626 2796 quod

884 2794 1038 2835 indignus
1059 2793 1167 2831 fueris,
1190 2794 1246 2835 qui
1268 2794 1383 2826 hanc'
1372 2795 1524 2836 injuriam
1545 2797 1625 2829 mihi

884 2837 1015 2868 faceres.
1047 2836 1087 2867 Ε.

930 2881 979 2911 12.
1003 2881 1164 2920 Indignam
1188 2880 1306 2921 injuria
1324 2881 1399 2923 luae]
1421 2882 1554 2915 Comice
1575 2886 1623 2915 in-

883 2924 1007 2964 dignum
1022 2930 1057 2954 et
1070 2924 1214 2964 indignis.
1246 2924 1288 2955 D.

930 2967 978 2997 13.
991 2967 1054 2998 Aba·
1064 2967 1269 3008 mestrem]
1284 2968 1425 3001 Autdbn'
1431 2981 1509 3010 prae,
1521 2970 1554 3002 id
1565 2978 1624 3009 est,
