1852 3216
217 138 341 178 xxxiv
728 136 875 177 DAN.
917 134 1229 177 HEINSIUS

217 243 287 266 m
303 227 468 265 σύνθεσιν
486 237 626 264 vocare
651 222 763 263 solet.
821 223 901 267 Qui
929 232 970 262 et
996 222 1129 262 multis
1156 223 1309 274 probat,
1326 235 1418 261 eum
1444 221 1511 273 qui
1538 221 1610 260 hac
1638 227 1747 272 parte

218 279 390 327 excellit,
413 279 565 319 etiamsi
593 278 746 318 caeteris
773 277 1019 323 destituatur,
1047 276 1300 316 dramaticum
1328 285 1484 329 poetam
1511 275 1588 315 dici

219 333 316 374 Pars
344 333 515 374 secunda
542 342 602 372 est
627 337 668 372 τὸ
696 334 789 381 ἦθος,
808 331 913 383 quod
941 344 1028 370 cum
1055 331 1242 370 Terentio
1269 331 1439 382 assignet
1460 328 1597 374 Varro,
1619 328 1749 367 locum

219 388 276 428 illi
295 388 516 440 proximum
537 386 730 426 concedit.
786 385 905 430 Quod
925 398 1000 424 non
1024 394 1154 437 potest
1181 385 1370 436 ignorare,
1390 384 1455 435 qui
1474 384 1653 434 antiquos
1673 383 1748 422 cri·

220 443 333 488 ticos,
354 442 527 495 inprimis
552 451 681 480 autem
707 439 970 485 Aristotelem,
996 453 1084 478 cum
1112 452 1205 478 cura
1232 438 1326 490 legit
1344 452 1389 477 ac
1409 437 1601 489 intelligit.
1659 436 1749 475 Ser-

219 497 346 537 monis
374 497 477 535 enim
504 495 600 540 laus,
621 509 735 546 quam
766 494 904 533 Plauto
933 493 1050 532 tribui
1079 494 1127 531 ab
1156 506 1203 531 eo
1223 493 1369 537 volunt,
1390 501 1539 531 tantum
1565 493 1675 530 abest
1705 500 1750 529 ut

222 564 310 591 cum
330 550 487 601 reliquis
506 549 672 589 conferri
691 549 824 600 possit.
845 559 887 586 ut
916 557 1113 599 postremo
1132 546 1230 592 loco,
1248 556 1288 585 et
1312 555 1401 598 post
1418 549 1479 594 τὴν
1496 550 1656 590 διάνοιαν,
1678 558 1750 597 po·

221 614 350 645 natur.
407 604 541 649 Quare
569 617 619 642 ex
647 603 839 642 sententia
859 600 1057 646 Varronis,
1077 600 1142 650 qui
1172 600 1234 639 hic
1262 600 1513 639 Aristotelem
1542 600 1750 651 expressit,

221 659 371 712 primus
389 667 448 698 est
468 657 661 702 Caecilius,
680 655 872 695 secundus
891 665 950 694 est
968 654 1202 693 Terentius:
1231 667 1328 704 quos
1346 653 1486 693 deinde
1508 653 1668 693 Plautus
1689 667 1750 691 se-

222 714 366 765 quitur.
423 712 542 756 Quod
562 711 729 750 debebat
747 710 938 761 cogitasse
957 708 1068 747 Siren
1086 708 1161 747 aevi
1181 708 1302 747 nostri
1320 706 1343 746 J
1348 717 1458 747 ustus
1477 708 1634 759 Lipsius
1650 721 1659 745 :
1684 707 1750 758 qui

223 767 400 820 profecto
432 766 560 805 locum
588 765 727 804 summi
760 763 1022 802 Romanorum
1053 762 1175 801 critici
1205 775 1281 800 non
1310 762 1544 814 penetravit.
1596 766 1643 800 Τὸ
1671 763 1752 809 ἦθος

225 831 355 861 autem
374 820 514 859 Plauto
533 819 722 858 Horatius
741 817 951 870 abjudicat,
972 831 1060 855 cum
1080 816 1228 866 inquit:

1013 880 1130 925 aspice
1148 878 1294 914 Plautus

503 930 587 974 Quo
603 935 708 976 pacto
724 935 842 976 partes
858 934 994 964 tutetur
1009 926 1161 962 amantis
1177 926 1316 972 ephebi.

224 991 279 1031 Et
305 990 458 1029 videtur
485 988 698 1028 Charinum
724 988 905 1027 habuisse
932 988 970 1025 in
995 987 1136 1031 animo,
1156 986 1222 1036 qui
1248 985 1470 1025 Mercatore
1487 989 1528 1025 τὸ
1545 990 1684 1035 μανικὸν
1699 990 1753 1024 ml

225 1050 265 1086 τὸ
293 1049 451 1096 ἐρωτικὸν
477 1043 680 1083 confundit
706 1044 798 1090 ἦθος,
831 1042 905 1081 hoc
935 1050 1006 1087 est,
1038 1042 1092 1079 ita
1123 1049 1238 1086 amat,
1272 1049 1315 1078 ut
1347 1039 1615 1079 Menaechmus
1645 1040 1750 1079 furit.

224 1099 370 1139 Furere
389 1107 518 1138 autem
538 1111 620 1150 prae
640 1111 783 1142 amore,
805 1096 1008 1135 comoediae
1027 1109 1103 1133 non
1123 1096 1215 1142 ἦθος,
1235 1094 1305 1133 sed
1324 1094 1527 1146 tragoedioe
1546 1103 1607 1133 est
1624 1098 1751 1135 πόθοι-ε

224 1163 271 1203 ut
301 1167 352 1193 ex
380 1152 562 1192 Phaedria
589 1151 748 1202 aliisque
777 1159 897 1203 patet.
955 1149 1116 1193 Quare?
1146 1149 1236 1199 quia
1262 1151 1372 1189 πάθος
1398 1148 1555 1199 aliquod
1585 1149 1752 1187 immane

223 1216 487 1260 exspectatur.
544 1205 665 1249 Quod
692 1204 923 1257 tragoediam
951 1203 1162 1248 constituit,
1183 1212 1227 1241 ut
1243 1207 1433 1252 μετάβασις
1459 1203 1663 1242 conveniat
1691 1203 1753 1241 fu-

225 1263 336 1301 renti.
394 1261 472 1299 Sed
490 1260 574 1299 haec
593 1258 765 1298 triviales
784 1272 862 1298 non
882 1257 1125 1309 intelligunt:
1154 1257 1219 1307 qui
1239 1270 1431 1295 summum
1451 1257 1577 1295 virum
1598 1257 1753 1296 Aristo·

225 1316 342 1355 telem
361 1325 439 1354 tam
459 1314 571 1353 facile
590 1322 851 1358 contemnunt,
871 1325 986 1363 quam
1005 1325 1077 1350 nos
1095 1320 1136 1350 et
1149 1310 1299 1363 judicia
1318 1311 1471 1350 illorum
1490 1320 1529 1349 et
1547 1311 1753 1363 magistros

223 1370 364 1410 merito
392 1368 685 1413 contemnimus,
705 1368 846 1418 quibus
874 1379 1102 1418 persuasum
1129 1374 1201 1411 est,
1224 1379 1379 1404 omnem
1406 1379 1538 1405 veram
1565 1364 1753 1404 eruditio-

223 1438 311 1464 nem
330 1437 380 1462 ex
399 1424 473 1462 hoc
490 1436 568 1462 uno
585 1422 692 1461 sonte
708 1421 979 1473 limpidissimo
996 1419 1217 1472 petendam.
1255 1419 1448 1459 Charinus
1465 1429 1594 1459 autem
1611 1419 1751 1465 Plauti,

225 1478 276 1518 ad
294 1477 545 1530 frigiditatem
565 1489 686 1527 usque
706 1475 817 1522 calet,
838 1488 952 1526 quam
972 1488 1050 1513 non
1068 1474 1196 1526 potuit
1214 1474 1351 1513 vitare.
1397 1474 1541 1518 Qualia
1558 1483 1648 1513 sunt
1666 1474 1753 1520 ista,

226 1546 341 1572 scena
357 1531 496 1571 Divum
514 1537 626 1583 atque
644 1529 852 1569 hominum.-

592 1593 669 1640 jam
684 1592 845 1639 Cyprum
861 1592 956 1635 veni,
975 1596 1042 1626 etc.

225 1644 339 1691 Item,

411 1694 525 1731 Porro
540 1693 748 1749 proficiscor
764 1693 975 1741 quaesitum:
1002 1705 1099 1730 nunc
1115 1694 1260 1740 perveni
1276 1692 1493 1731 Chalcidem.

411 1741 527 1778 Video
543 1741 593 1778 ibi
609 1741 787 1787 hospitem
804 1740 1002 1788 Zacyntho.
1051 1740 1146 1777 Dico
1163 1741 1248 1789 quid
1266 1753 1309 1777 eo
1325 1741 1528 1777 advenerim
1544 1755 1553 1776 ε

415 1788 550 1836 Rogito
566 1788 646 1836 quis
662 1800 739 1824 eam
756 1788 903 1831 vexerit,
923 1789 1002 1836 quis
1018 1787 1147 1824 habeat
1163 1791 1193 1824 si
1209 1789 1259 1825 ibi
1275 1788 1501 1826 inaudiverit.

412 1835 556 1883 Hospes
572 1835 768 1882 respondit,
787 1835 972 1883 Zacyntho
989 1835 1078 1871 ficus
1094 1835 1169 1871 fieri
1185 1848 1259 1872 non
1275 1836 1397 1872 malas.

227 1900 348 1941 Vides
365 1900 560 1941 hominem
579 1909 659 1939 tam
678 1901 841 1947 tristem,
861 1909 905 1939 ut
924 1900 1087 1939 festivus
1106 1914 1192 1940 esse
1210 1910 1371 1952 quaerat.
1419 1901 1475 1940 At
1503 1900 1657 1940 divinus
1682 1901 1755 1940 hac

227 1956 269 1995 in
296 1965 417 2008 parte,
445 1955 544 1994 duos
571 1963 762 1994 amatores
790 1955 828 1993 in
858 1954 1060 2000 Eunucho,
1089 1969 1161 1994 suo
1188 1969 1307 2000 more,
1329 1955 1548 1995 Phaedriam
1572 1965 1612 1994 et
1638 1954 1754 1995 Chae-

228 2024 345 2055 ream,
366 2009 551 2048 divinitus
570 2018 788 2060 utrumque,
808 2010 973 2057 ἠθοποιεῖ.
1015 2009 1149 2052 Quare
1169 2023 1256 2049 cum
1278 2019 1405 2062 poetae
1422 2023 1570 2054 omnes,
1589 2023 1755 2060 quorum

229 2064 443 2103 imitatione
468 2072 618 2103 constat
643 2063 861 2102 institutum
890 2077 935 2102 ac
960 2063 1174 2110 consilium,
1194 2065 1388 2116 pictorum
1408 2064 1542 2108 instar,
1562 2074 1661 2103 teste
1680 2065 1756 2103 cri-

230 2119 393 2158 ticorum
413 2131 503 2169 rege
522 2131 567 2156 ac
596 2118 783 2170 principe,
802 2127 869 2156 aut
897 2117 1055 2162 similes,
1075 2127 1141 2156 aut
1160 2118 1283 2169 (quod
1311 2132 1388 2157 non
1415 2131 1503 2157 raro
1529 2119 1672 2164 evenit,
1692 2118 1755 2156 vel

231 2172 407 2224 imperite
431 2175 485 2211 ml
511 2174 549 2221 ἐξ
571 2174 747 2212 ἀσθενείας
763 2171 826 2211 vel
852 2171 1034 2223 captandi
1062 2172 1163 2211 risus
1187 2172 1322 2222 causa)
1339 2186 1441 2211 nunc
1468 2172 1620 2225 pejores
1639 2186 1756 2223 quam

232 2235 321 2266 sunt
339 2226 570 2278 exprimant,
590 2239 691 2265 nunc
710 2225 911 2271 meliores;
942 2239 1076 2264 servos
1095 2226 1248 2278 pejores
1269 2226 1442 2271 Plautus.
1462 2236 1506 2265 ut
1525 2226 1755 2278 plurimum:

230 2280 437 2320 Terentius
465 2280 536 2319 hos
563 2293 715 2331 semper
739 2279 895 2326 similes,
916 2293 991 2318 non
1012 2280 1214 2327 meliores;
1244 2281 1464 2320 meretrices
1493 2294 1587 2319 vero
1615 2281 1756 2332 partim

232 2334 388 2380 similes,
407 2334 547 2388 partim
565 2333 746 2373 meliores
769 2333 978 2385 aliquando
1008 2334 1231 2374 introducit.
1288 2334 1453 2381 Similes,
1474 2344 1517 2373 ut
1536 2334 1752 2380 Thaidem

231 2388 422 2436 meliores,
450 2397 493 2427 ut
523 2387 768 2428 Bacchidem.
825 2387 1021 2427 Parasitos
1048 2402 1200 2441 semper
1230 2389 1442 2429 deteriores
1469 2398 1509 2427 et
1536 2389 1757 2427 veraciores

232 2442 405 2488 Plautus,
424 2455 619 2493 nunquam
638 2441 831 2481 meliores.
890 2441 943 2480 Ut
970 2452 1008 2480 et
1030 2442 1267 2489 Dossennus,
1287 2443 1352 2495 qui
1381 2443 1452 2482 hos
1480 2442 1584 2482 solos
1613 2456 1756 2495 prope-

231 2497 389 2536 modum
417 2497 589 2541 curabat,
617 2496 655 2534 in
683 2495 858 2547 personis
886 2495 1042 2546 reliquis
1070 2500 1250 2537 ἐκπίπτων.
1300 2497 1482 2536 Phormio
1500 2497 1757 2536 Terentianus

232 2550 343 2603 plane
370 2558 430 2590 est
457 2548 726 2590 admirandus:
755 2559 798 2588 ut
825 2559 863 2588 et
892 2548 1064 2589 Gnatho.
1123 2551 1291 2591 Plautini
1309 2552 1398 2603 quia
1423 2551 1541 2590 risum
1561 2561 1754 2602 quaerunt,

232 2605 435 2644 veritatem
469 2613 509 2643 et
544 2617 721 2643 sermone
754 2613 793 2642 et
826 2604 1023 2642 sententiis
1059 2606 1254 2644 amittunt.
1318 2605 1419 2645 Tres
1454 2607 1616 2644 virtutes
1652 2606 1757 2644 enim

233 2672 372 2704 sermo,
390 2671 503 2709 quem
523 2671 597 2697 non
617 2658 698 2697 sine
717 2671 833 2697 causa
852 2659 966 2706 ἠθικὸν
984 2658 1166 2698 dixerunt
1186 2659 1330 2706 Gra-ci,
1350 2674 1423 2699 nos
1441 2669 1631 2699 moratum
1660 2659 1757 2698 dici-

228 2726 327 2757 mus,
347 2713 565 2763 {equitatem
595 2725 745 2764 nempe,
766 2712 979 2756 veritatem,
1000 2723 1038 2751 ct
1066 2713 1351 2764 simplicitatem
1380 2713 1575 2766 postulat:
1605 2727 1694 2765 quoe
1711 2718 1751 2752 τὸ

230 2770 433 2810 &adorna
453 2766 526 2806 hoc
544 2776 616 2811 est,
636 2765 674 2805 id
694 2765 797 2817 quod
817 2766 1025 2816 unicuique
1053 2776 1112 2805 est
1138 2768 1306 2812 insitum.
1324 2769 1376 2807 ob
1400 2767 1533 2807 oculos
1560 2768 1754 2819 proponit.

232 2819 332 2860 Cum
351 2819 566 2866 ridiculum,
587 2829 630 2859 ut
650 2818 873 2865 violentum,
894 2820 983 2871 quia
1002 2834 1025 2859 a
1043 2831 1178 2860 natura
1197 2821 1376 2868 alienum,
1391 2822 1495 2873 quod
1516 2832 1620 2861 recte
1638 2821 1687 2860 de
1707 2835 1755 2860 eo

232 2873 462 2915 Aristoteles
480 2874 719 2926 pronunciat,
738 2883 962 2926 corruptum
988 2874 1050 2920 sit,
1070 2884 1110 2913 et
1130 2889 1152 2914 a
1171 2877 1364 2928 corruptis
1386 2876 1525 2922 causis,
1544 2874 1649 2926 quod
1671 2875 1755 2927 jam

230 2927 327 2974 dixi,
351 2936 565 2967 moveatur.
621 2926 820 2968 Moratum
848 2928 939 2980 quia
968 2926 1093 2968 simile
1121 2939 1180 2968 est
1207 2939 1368 2976 nature,
1396 2929 1534 2970 leniter
1558 2928 1753 2969 delectat:

228 2980 334 3034 quod
362 2989 523 3023 atamm
559 2981 809 3034 singularum,
841 2982 1052 3031 hominum,
1089 2996 1135 3024 ac
1170 2984 1382 3032 nationum,
1420 2984 1616 3035 totiusque
1648 2983 1753 3029 vitre,
