1852 3216
100 153 240 183 semu
262 139 331 194 11.]
394 133 1334 180 HEAUTONTIMORUMENOS.

1537 136 1623 178 275

154 229 217 272 Et
234 227 347 272 illam
366 226 491 270 simul
510 242 607 270 cum
627 226 783 269 nuncio
801 226 880 268 tibi
898 225 970 268 hic
989 240 1073 282 ego
1091 224 1337 268 adfuturam
1356 223 1487 267 hodie
1507 225 1610 268 scio.

153 295 285 337 Proin
307 302 355 336 tu
376 293 701 336 sollicitudinem
718 293 843 334 istam
857 292 1020 343 falsam,
1038 307 1135 347 quae
1150 299 1193 334 te
1208 291 1442 340 excruciat,
1461 291 1619 333 mittas.

153 360 237 403 Cn.
261 360 448 408 Quicum
467 359 657 415 loquitur
676 358 821 401 filius?

116 434 136 464 5
153 426 231 468 CL.
251 425 384 468 Pater
396 426 535 475 adest,
550 439 675 480 quem
688 424 826 467 volui:
860 423 1003 465 adibo.
1043 422 1190 473 Pater,
1205 429 1416 478 oportune
1429 421 1621 464 advenis.

151 491 237 534 Cn.
265 491 387 540 Quid
416 490 459 532 id
480 493 580 532 est?
636 490 716 532 CL.
749 489 882 531 Hunc
912 488 1219 531 Menedemum
1246 487 1401 530 nostin'
1430 495 1624 530 nostrum

239 559 451 600 vicinum?
502 557 585 599 Cn.
609 556 767 598 Probe.

152 624 231 666 C1..
266 623 384 665 Huic
410 622 543 675 filium
571 622 653 664 scis
677 623 800 663 esse?

238 689 342 730 Non
362 696 444 738 est,
464 695 612 744 pater:

153 754 289 810 Apud
320 769 398 796 nos
428 762 510 796 est.

240 820 545 876 egredientem,
565 818 661 860 ilico

864 620 949 662 Cn.
977 618 1140 661 Audivi
1166 634 1263 662 esse
1291 620 1335 661 in
1360 618 1482 662 Asia.

1542 618 1622 661 Cr..

570 753 655 795 Cu.
690 752 811 801 Quid
842 752 934 794 ais?
998 752 1077 794 CL.
1110 751 1440 802 Advenientem,
1472 766 1496 793 e
1526 750 1625 792 navi

153 884 337 927 Adduxi
356 885 412 926 ad
432 899 598 926 coenam
616 900 626 925 t
657 898 755 925 nam
778 882 882 924 mihi
900 898 1054 938 magna
1074 897 1172 925 cum
1191 898 1245 925 eo
1259 883 1350 939 jam
1368 882 1469 925 inde
1486 896 1625 938 usque

240 966 266 992 a
284 950 469 1006 pueritia

101 1026 140 1056 ιο
155 1016 257 1058 Fuit
276 1029 445 1070 semper
462 1013 738 1056 familiaritas.
785 1012 870 1054 Cu.
887 1012 1168 1067 Voluptatem
1188 1027 1384 1068 magnam
1400 1013 1593 1055 nuncias-

155 1082 298 1130 Quam
317 1080 467 1123 vellem
483 1079 789 1122 Menedemum
809 1078 1047 1128 invitatum,
1064 1085 1113 1119 ut
1132 1078 1355 1120 nobiscum
1367 1086 1483 1120 esset
1497 1077 1627 1120 hodie

239 1146 420 1202 amplius
434 1165 445 1195 3

154 1212 219 1255 Ut
236 1212 347 1254 hanc
367 1211 556 1254 laetitiam
575 1226 655 1254 nec
676 1211 867 1267 opinanti
887 1211 1050 1267 primus
1071 1211 1111 1252 ei
1132 1211 1361 1266 objicerem
1381 1210 1520 1253 domi!

154 1277 303 1334 Atque
325 1278 453 1320 etiam
472 1292 586 1319 nunc
601 1284 771 1333 tempus
787 1285 867 1320 est.
915 1277 995 1319 CL.
1019 1276 1135 1319 Cave
1150 1276 1260 1318 faxis
1277 1293 1288 1319 ι
1319 1292 1406 1318 ιιοιι
1421 1284 1488 1319 est
1501 1291 1627 1332 opus,

239 1350 377 1399 pater.

99 1433 176 1454 vum
195 1422 251 1463 qui
273 1421 391 1453 missus
413 1421 457 1452 sit
480 1431 546 1452 non
566 1421 683 1458 redire,
701 1422 754 1454 cui
773 1423 843 1463 jam

99 1465 238 1497 multum
276 1464 430 1506 temporis
467 1464 614 1496 videatur
653 1474 842 1497 assumtum.

102 1509 198 1540 Unde
232 1508 370 1540 efficitur
401 1508 578 1539 consolatio
606 1518 627 1539 a
656 1508 843 1550 Clitiphone

100 1552 214 1589 amico,
230 1562 304 1583 cum
319 1551 415 1582 dicit:
438 1552 530 1582 ΝιΙιίΙ
542 1553 622 1592 quod
634 1554 767 1583 videaris
780 1563 843 1583 esse

100 1597 244 1632 solicitus,
274 1596 505 1636 haudquaquam
533 1600 661 1632 cessam,
690 1595 752 1626 hoc
782 1602 841 1633 est,

101 1649 167 1670 nou
186 1638 368 1670 diutissime
390 1637 527 1669 tardant.
564 1637 686 1669 Verum
701 1649 775 1669 cum
790 1638 840 1669 in-

102 1688 155 1713 tus
173 1681 315 1723 positum
331 1681 470 1712 cuniam
490 1680 648 1712 allocutus
662 1688 757 1731 esset,
774 1681 842 1713 Cli—

102 1725 194 1766 tipho
209 1724 383 1766 egreditur,
396 1731 521 1765 patrem
536 1724 702 1766 prospicit,
712 1725 742 1756 ei
753 1735 841 1756 oom-

102 1767 234 1799 mendat
248 1767 388 1798 officium
403 1777 507 1804 suum,
518 1777 559 1798 ne
570 1767 718 1799 videatur
731 1768 841 1799 nescio

102 1821 198 1852 quem
221 1810 496 1842 adolescentulum
520 1810 689 1852 recepisse,
713 1818 751 1842 ιιι
772 1821 841 1842 me-

102 1855 166 1886 rito
188 1854 249 1885 hoc
269 1853 412 1885 effecisse
434 1853 584 1884 declaret.
623 1853 752 1885 Sumit'
742 1854 843 1895 igitur

102 1897 282 1934 exordium,
310 1896 396 1937 quod
425 1896 628 1927 commendat
656 1896 842 1928 adolescen-

102 1948 169 1971 tem
184 1940 246 1971 sibi
261 1940 339 1971 οΙιιιι
357 1941 426 1980 jam
446 1939 545 1971 fuisse
566 1939 741 1981 cognitum,
757 1950 795 1971 ac
810 1950 846 1971 se

104 1992 250 2015 coactum
262 1983 404 2014 amicitia
417 1993 490 2014 eum
506 1984 682 2024 recepisse:
699 1982 773 2014 ideo
787 1983 844 2014 ad-

99 2027 189 2067 jecit,
204 2038 274 2058 nan
296 2028 370 2057 mihi
391 2037 458 2057 eum
472 2037 506 2057 eo
525 2037 636 2067 magna
655 2038 692 2057 ex
709 2029 846 2067 pueritia

95 2069 310 2111 familiaritas.
330 2070 368 2100 E.
370 2070 537 2100 -Versus
549 2076 599 2100 est
607 2070 786 2101 trochaicus
797 2076 844 2101 te-

104 2120 258 2144 trameter
272 2112 505 2144 acatalecticus.
537 2112 576 2143 Β.

148 2158 178 2188 2.
219 2158 289 2187 Tibi
317 2158 368 2187 hic
390 2168 444 2196 ego
471 2155 654 2197 affuturam]
683 2155 723 2187 In
742 2156 783 2187 V.
808 2156 845 2188 C.

105 2199 299 2231 omittuntur
319 2199 391 2236 ista,
413 2201 462 2230 hic
487 2211 549 2240 ego.
582 2199 782 2236 L—Verba,
798 2201 848 2231 hic

105 2254 168 2284 ego,
183 2253 257 2274 cum
279 2253 407 2274 versum
430 2243 629 2284 perturbent,
653 2249 686 2273 et
706 2242 813 2274 absint
828 2253 847 2273 a

105 2286 175 2318 cod.
192 2286 273 2327 Reg-
290 2293 324 2317 et
337 2293 447 2317 vetere
457 2285 700 2327 Lindenbrogii,
710 2285 848 2317 delenda

106 2339 177 2360 esse
191 2339 316 2360 censeo.
349 2329 387 2360 B.

149 2373 180 2403 8.
206 2373 442 2404 Sollicitudinem
459 2371 566 2413 istam]
591 2372 682 2403 Bene
697 2373 845 2403 sollicitu-

107 2415 207 2446 dina-
226 2415 330 2446 dixit:
353 2425 428 2447 nam
449 2417 683 2446 sollicitudoest
703 2425 775 2456 quae
795 2415 847 2446 iu-

107 2456 210 2488 haeret
229 2458 407 2490 mentibus:
429 2460 613 2496 sollicitatio,
628 2469 700 2500 quae
720 2459 761 2489 ab
783 2458 846 2489 alio

108 2500 156 2531 fit.
186 2500 388 2538 CU—M‘utas
403 2511 462 2543 pro
476 2504 606 2539 omittas,
619 2502 847 2550 comprobatur

109 2552 267 2574 consensu
277 2544 368 2575 codd.
378 2551 412 2575 et
425 2554 535 2576 versus
549 2525 606 2576 hic’
616 2545 731 2576 similis
741 2545 847 2587 primo

110 2586 255 2617 efficitur.
287 2586 325 2617 B.

153 2631 184 2659 4.
210 2629 333 2703 νὲςιιε
354 2629 532 2662 uoehaicm
553 2630 691 2663 dimeter
710 2631 847 2662 oetalec·

111 2671 204 2703 ticus.

154 2716 184 2746 6.
207 2715 476 2747 Versusetcodd.
491 2716 849 2757 probata-sidiam?

108 2769 170 2800 pro
188 2760 271 2792 Quid
284 2764 330 2789 eit
340 2761 357 2789 .⁷
386 2758 424 2789 B.

154 2802 184 2834 7.
207 2802 329 2838 Audivi,
352 2804 384 2832 ίπ
405 2803 484 2833 Λεία
503 2800 584 2842 me]
609 2801 712 2833 Recta
726 2804 848 2843 eiunce-
891 2813 933 2844 ga

110 2844 199 2876 modi
213 2852 263 2876 est
276 2844 379 2876 oratio
394 2855 452 2886 per
466 2844 639 2876 infinitum.
684 2845 769 2876 Nam
784 2855 850 2877 non

112 2888 229 2919 Latine
258 2888 387 2925 dicitur,
411 2890 526 2919 Audivi
546 2889 626 2928 quod
645 2890 678 2919 i·
697 2889 774 2919 Δεία
795 2894 850 2920 est.

112 2931 377 2972 (le-Distingue,
387 2933 491 2962 audivi
499 2942 580 2962 esse.-
599 2933 631 2962 in
642 2933 728 2962 Λεία.
764 2931 851 2963 Pra-

114 2974 223 3007 aertim
237 2985 311 3007 cum
327 2974 361 3006 in
374 2974 465 3006 libris
479 2980 555 3006 vett.
574 2974 690 3006 Faerni
705 2986 777 3013 me,
793 2985 852 3016 po-

885 1427 982 1452 natur
995 1426 1071 1463 post
1084 1422 1172 1452 Λεία.
1204 1421 1242 1452 Β.

930 1466 959 1496 8.
991 1466 1085 1504 Apud
1107 1475 1159 1495 nos
1180 1463 1243 1505 est]
1269 1464 1381 1502 Recte,
1405 1470 1438 1495 et
1455 1474 1521 1495 non
1537 1475 1630 1505 penes

886 1519 947 1539 nos.
994 1508 1079 1539 Nam
1091 1518 1183 1547 penes
1197 1519 1249 1538 noe
1264 1515 1313 1539 est
1327 1507 1480 1548 quicquid
1494 1518 1514 1539 a
1534 1507 1628 1539 nobis

886 1550 1078 1593 possidetur,
1094 1557 1128 1582 et
1147 1550 1182 1582 in
1203 1557 1313 1582 nostra
1333 1557 1493 1592 potestate
1508 1557 1567 1589 est,
1582 1557 1629 1589 ιιι,

880 1605 973 1634 penes
989 1596 1159 1634 principem
1178 1595 1262 1625 salus
1284 1599 1393 1625 norint
1401 1599 1455 1631 est,
1472 1594 1507 1625 id
1521 1601 1580 1631 est,
1595 1593 1632 1625 in

886 1639 955 1677 ejus
970 1643 1138 1679 potestate.
1179 1639 1263 1671 Quid
1275 1639 1322 1668 αἰε
1333 1636 1368 1678 2]
1393 1637 1577 1678 Interrogat
1595 1636 1631 1668 id

885 1681 971 1722 quod
986 1680 1111 1711 audivit
1132 1680 1392 1717 admirabundus,
1414 1690 1519 1721 neque
1538 1679 1631 1711 facile

885 1724 1030 1755 credens.
1076 1724 1152 1755 Non
1171 1730 1221 1754 est
1242 1723 1482 1765 interrogantis,
1500 1723 1558 1755 sed
1572 1724 1631 1755 ad-

884 1767 1040 1798 mirantis.
1086 1767 1258 1800 c.-Qm·d
1285 1766 1378 1808 aid]
1410 1767 1451 1797 V.
1475 1767 1513 1798 C.
1547 1766 1631 1801 Quid

884 1813 956 1841 vis?
991 1812 1208 1841 Aduenientem
1232 1821 1250 1841 c
1275 1809 1365 1851 navi]
1394 1809 1550 1841 Priscian.
1573 1809 1630 1841 lib.

885 1853 940 1884 vii.
972 1853 1011 1884 L.

929 1897 959 1927 9.
994 1896 1072 1937 Leg.
1096 1897 1232 1932 Abda-ri,
1260 1895 1345 1936 quod
1373 1896 1528 1937 probatm·
1558 1895 1630 1927 cod.

889 1939 1001 1970 Bemb.
1018 1946 1052 1970 et
1065 1938 1147 1970 aliis.
1191 1939 1287 1975 Tum,
1302 1944 1339 1969 ut
1353 1939 1461 1970 versui
1481 1939 1629 1971 conmla-

889 1989 951 2019 tur,
976 1981 1048 2013 dele
1074 1982 1218 2019 verbum,
1244 1993 1364 2022 magna,
1388 1981 1474 2022 quod
1499 1982 1590 2014 abest
1611 1992 1632 2013 a

888 2025 980 2057 codd.
997 2025 1118 2056 nostris
1132 2031 1209 2056 vett.
1225 2035 1286 2056 nec
1301 2035 1322 2056 a
1335 2025 1496 2057 sententia
1516 2032 1630 2068 postu-

888 2068 982 2100 latur.
1014 2068 1053 2099 B.

936 2113 985 2143 10.
1027 2113 1215 2151 Voluptatem
1244 2122 1384 2152 nagnam
1412 2111 1555 2152 nuncius]
1585 2111 1632 2143 Ut

890 2154 1005 2186 Cicero
1028 2154 1064 2185 in
1085 2154 1252 2196 Epistoli&
1274 2155 1316 2185 ad
1340 2154 1417 2186 Div.
1432 2154 1466 2186 ii.
1483 2156 1512 2186 9.
1528 2156 1632 2196 volup-

890 2203 983 2229 tatem
997 2200 1091 2229 habui
1104 2200 1236 2228 nimiam.
1262 2197 1298 2228 C.
1299 2199 1631 2240 —Volupiatennag-

889 2240 976 2282 nom]
993 2240 1062 2272 Scit
1076 2240 1163 2272 enim
1179 2241 1334 2272 Chremes
1348 2241 1557 2272 vehementer
1572 2251 1632 2283 pa-

890 2291 972 2316 trem
999 2294 1070 2315 esse
1096 2283 1278 2315 sollicitum.
1322 2284 1419 2320 Quod
1442 2283 1534 2315 audit
1555 2294 1633 2327 ergo

890 2337 1056 2359 reversum
1074 2327 1321 2363 adolescentem,
1339 2326 1419 2358 dicit
1439 2327 1500 2359 sibi
1523 2333 1633 2360 natam

890 2381 1039 2412 mag-nam
1051 2370 1259 2412 voluptatem.
1299 2370 1449 2411 Denique
1463 2370 1560 2411 hujus
1574 2381 1631 2402 vo-

890 2414 1024 2456 luptatis
1053 2423 1182 2445 causam
1205 2413 1241 2444 in
1270 2413 1379 2444 animo
1408 2413 1530 2445 habens
1555 2414 1631 2446 mb-

884 2457 1014 2498 junxit:
1039 2458 1247 2491 Qua-avellens
1258 2458 1633 2489 Menedemo-invitam

888 2503 1027 2541 amplius,
1044 2506 1078 2531 ue
1092 2502 1171 2531 hanc
1185 2502 1325 2531 laetition
1334 2511 1388 2531 nec
1401 2502 1536 2549 φίιαιεί
1545 2503 1634 2542 prius

889 2544 1048 2592 objicerent
1061 2545 1149 2574 doni.
1196 2543 1254 2574 Uti
1276 2553 1341 2574 non
1358 2542 1547 2584 suspicanti,
1562 2554 1631 2576 nm-

889 2587 975 2629 plius
1001 2586 1098 2618 etiam
1122 2596 1218 2627 quam
1240 2592 1358 2628 speret,
1382 2586 1466 2618 hanc
1487 2585 1634 2619 latitim

890 2630 978 2662 domi
992 2630 1155 2670 objiceret.
1188 2629 1226 2660 E.

937 2674 986 2704 ll.
1007 2675 1109 2704 Hodie
1130 2678 1164 2703 et
1178 2683 1198 2703 a
1218 2671 1406 2704 melioribm
1423 2671 1516 2705 codd.
1530 2673 1631 2712 abent,

891 2722 925 2748 et
938 2726 1067 2747 versum
1082 2716 1199 2747 turbat.
1231 2715 1269 2766 Β.

893 2853 927 2877 et
941 2845 1033 2876 dolor
1047 2844 1200 2882 acerbior,
1212 2844 1241 2876 si
1254 2855 1312 2876 no·
1326 2846 1463 2885 ορίωοιει
1472 2845 1631 2886 objiciam

894 2887 1076 2924 c.‚—0rdo
1095 2890 1213 2928 prin-«e
1233 2887 1390 2928 objicere-
1408 2890 1439 2920 α’
1452 2890 1542 2927 donni,
1554 2899 1632 2921 con-

894 2941 992 2964 sensu
1006 2931 1097 2962 codd.
1112 2931 1347 2973 comprobatur.
1377 2931 1416 2962 B.

942 2976 990 3006 13.
1013 2973 1131 3016 Atque]
1150 2974 1222 3006 Hoc
1236 2981 1296 3013 est,
1306 2980 1345 3007 ιιι
1357 2974 1528 3017 aliquando
1542 2974 1633 3018 prius
