1852 3216
119 192 262 221 semu
282 177 335 232 1.]

676 175 1096 219 EUNUCHUS.

175 265 265 308 ΤΗ.
289 264 497 315 Scelesta,
518 264 621 321 lupo
642 279 765 307 ovem
785 263 1057 307 commisisti.

1572 175 1660 218 227

1090 264 1311 319 dispudet,

176 330 248 372 Sic
268 329 372 372 mihi
391 330 494 372 data
512 343 610 372 esse
630 330 786 372 verba:
818 329 924 385 quid
944 328 1027 372 illic
1046 320 1231 371 homims
1251 330 1348 371 est?

176 395 260 437 ΡΥ.
286 394 408 436 Hera
427 409 536 445 mea,
559 402 678 446 tace3
710 402 804 437 tace
825 395 1023 444 obsecro,
1043 393 1172 435 salvae
1193 407 1359 436 sumus:

172 459 399 501 Habemus
428 458 644 501 hominem
672 460 827 515 ipsum.
877 459 969 501 ΤΗ.
998 459 1089 501 Ubi
1117 459 1154 500 is
1174 460 1270 502 est?

259 525 488 574 sinistram,

115 597 157 627 20
173 588 401 631 Videsne?
461 587 553 630 Τιι.
586 588 745 630 Video.

256 661 415 708 potest.

1332 458 1416 500 ΡΥ.
1450 457 1568 500 Hem
1597 459 1654 500 ad

817 588 901 631 ΡΥ.
935 588 1258 644 Comprehendi
1286 588 1412 643 jube,
1445 594 1655 643 quantum

170 717 262 759 Τιι.
285 717 406 765 Quid
425 701 498 759 illo
517 717 736 768 faciemus,
759 717 920 760 stulta.
906 719 923 747 '²
975 718 1059 760 PY.
1083 717 1204 765 Quid
1224 717 1372 768 facias,
1394 719 1554 773 rogas?

172 782 288 824 Vide
309 783 476 832 amabo,
500 783 535 825 si
555 797 656 833 non,
678 798 812 837 quum
831 783 1029 838 aspicias,
1050 798 1099 825 os
1118 783 1348 838 impudens

173 847 363 890 Videtur
381 864 391 890 z
423 862 513 890 non
533 850 632 890 est?
664 855 756 889 tum
775 862 874 903 quae
893 848 989 903 ejus
1010 847 1328 890 confidentia'st
1345 851 1355 889 ἔ

114 974 184 999 erat
208 968 295 999 enim
324 968 416 1009 prius
443 968 588 1005 Cbaerea,
618 969 727 999 Edicit
752 979 787 999 ne
814 970 862 999 vir

114 1013 270 1052 quisquam
292 1013 335 1042 ad
348 1022 413 1042 eam
434 1012 536 1047 adeat,
552 1016 583 1041 et
601 1012 684 1047 mihi,
704 1021 741 1041 ne
756 1012 860 1041 absce-

114 1056 194 1090 dam,
220 1056 357 1093 imperat.
401 1052 502 1093 Iusti]
525 1052 678 1092 Συγκοτὴ
695 1051 747 1084 καὶ
762 1064 860 1090 μετα-

113 1095 270 1135 πλασμδς,
298 1106 358 1137 pro
370 1095 505 1136 jussisti.
547 1096 683 1127 D.—-Ut
709 1101 742 1126 tu
757 1094 860 1136 justi]

115 1139 179 1170 Ms-
198 1139 237 1169 R.
246 1139 382 1178 jussisti.
415 1139 452 1169 1..

160 1182 208 1212 16.
225 1183 367 1219 Scelesta,
383 1192 464 1213 ovem
478 1183 548 1221 lupo
562 1180 753 1222 commisisti]
772 1180 862 1212 Bene

113 1223 248 1255 dilatum
263 1230 311 1255 tot
323 1223 545 1256 occasionibus
556 1224 773 1266 proverbium,
786 1234 861 1264 per-

113 1277 201 1299 sonae
228 1267 363 1299 Thaidis
390 1266 583 1308 asscriptum
614 1272 681 1303 est3
715 1266 863 1298 continet

113 1309 201 1347 enim
222 1309 397 1341 femineam
418 1309 635 1341 reverentiam
658 1316 691 1340 et
712 1308 862 1340 meretri-

113 1351 201 1384 cium
222 1362 366 1389 sensum,
381 1352 530 1392 reditque
545 1362 658 1384 rursus
673 1352 715 1383 ad
736 1351 864 1386 minora

113 1395 277 1428 convicia:
311 1394 387 1435 quia
407 1394 498 1427 videt
519 1405 554 1426 se
578 1404 649 1426 esse
670 1394 862 1426 convictam.

116 1437 161 1468 Et
176 1444 225 1469 est
246 1437 463 1478 proverbium,
483 1439 573 1470 Ovem
595 1439 665 1477 lupo
679 1439 862 1468 commisisti.

115 1480 297 1512 D.—Ovem
323 1482 394 1520 lupo
414 1479 606 1520 commisisti]
632 1479 789 1515 Praedam,
811 1478 863 1510 in-

113 1523 193 1563 quit,
210 1522 383 1564 praedatori
398 1522 526 1554 dedisti.
570 1521 742 1562 Dispudet]
760 1521 863 1553 Valde

114 1575 175 1606 ego
202 1565 255 1596 hic
279 1571 313 1596 et
340 1565 551 1596 vehementer
574 1565 737 1596 erubesco.
778 1564 865 1595 E.-

114 1607 265 1648 Scelesta]
282 1607 428 1639 Isidorus
442 1607 611 1639 Differ-ent.
625 1618 656 1648 p.
672 1607 744 1640 771.
775 1608 864 1647 Lupo

113 1649 210 1691 ovem]
230 1650 387 1682 Herodot.
408 1650 463 1681 lib.
479 1650 523 1682 iv.
545 1651 714 1689 τοιγαροῦν
728 1649 790 1690 ἔφη
806 1650 860 1682 αὖ·

113 1692 172 1724 τὸν
196 1691 401 1733 καταλείψειν
430 1692 479 1725 &fv
509 1693 543 1725 ἐν
572 1691 706 1725 λύκοισι.
755 1692 860 1724 Plaut.

115 1735 286 1772 Pseudolo,
299 1735 319 1766 i.
335 1737 365 1766 2.
377 1737 406 1767 8.
450 1737 582 1767 Mandis
600 1737 684 1775 lupas
699 1737 784 1776 apud
796 1746 862 1767 oves

115 1780 664 1819 linquereauamhosdomicustodes.
696 1778 860 1809 1..—0m-

115 1831 174 1852 nes
198 1821 328 1861 quidem
354 1821 439 1857 libri,
468 1820 607 1858 Nonius,
632 1827 667 1852 et
687 1821 799 1853 Acron
821 1821 863 1852 ad

117 1864 233 1895 Horat.
246 1864 354 1895 Carm.
371 1863 392 1894 i.
406 1864 436 1893 3.
449 1862 570 1894 habent
579 1865 760 1894 commisisti.
799 1863 864 1893 Sed

116 1914 154 1937 ut
168 1916 281 1938 versus
296 1906 341 1937 sit
361 1905 478 1943 salvus,
501 1905 562 1946 leg.
577 1907 718 1937 commisi.
754 1905 786 1937 N
790 1905 863 1936 imi-

115 1959 189 1980 rum
206 1948 308 1980 Thais
322 1948 484 1980 commisit
501 1948 655 1988 jubendo,
672 1954 710 1979 ut
731 1948 865 1989 Pythias

115 1991 269 2034 parendo.
316 1991 406 2022 Hinc
428 1991 575 2031 sequitur
589 1993 672 2028 mihi,
695 2001 771 2027 non,
795 1992 861 2021 tibi.

115 2035 226 2075 Atque
241 2044 276 2065 se
290 2036 445 2066 scelestam
458 2033 529 2075 ipsa
543 2033 632 2071 dicit,
644 2040 680 2065 ut
697 2034 817 2064 Heaut.
832 2043 861 2064 v.

117 2079 147 2108 2.
181 2078 231 2111 17.
278 2077 398 2118 Syrus:
432 2078 581 2108 Scelestus
604 2082 735 2117 quantas
758 2078 864 2108 turbas

116 2122 231 2151 concivi
242 2122 381 2151 insciens.
400 2119 529 2150 Deinde
541 2119 672 2156 colloca,
684 2121 764 2150 ove‘m
775 2121 863 2159 lupo'‚·

115 2169 154 2194 ut
168 2163 212 2194 sit
226 2170 399 2203 utrumque
415 2162 449 2193 in
466 2161 553 2200 Arsi,
571 2168 603 2192 et
619 2162 653 2193 in
668 2162 864 2204 pronuncia-

118 2205 205 2241 tione
221 2206 278 2237 fiat
293 2215 391 2236 mora.
425 2205 463 2236 B.

163 2248 212 2281 17.
248 2250 299 2281 Sic
319 2250 394 2283 mihi
415 2250 490 2279 data
511 2258 575 2279 esse
594 2246 702 2288 verba]
727 2247 867 2279 Videtur

116 2291 212 2332 plura
238 2291 338 2322 fuisse
368 2290 503 2327 dictura,
534 2290 598 2322 nisi
625 2290 867 2331 supervenisset

118 2334 261 2366 Chaerea.
307 2335 390 2368 Quid
403 2336 529 2365 hominis
544 2335 609 2364 illic
624 2339 670 2365 est
678 2332 712 2374 2]
730 2333 794 2364 Per
807 2343 862 2374 ge-

118 2376 257 2408 nitivum
272 2387 383 2408 casum
397 2376 553 2416 injuriose
568 2375 706 2408 dicitur:
731 2386 790 2418 per
805 2386 864 2407 no-

119 2418 320 2457 minativum,
335 2419 521 2451 honorifice.
563 2418 646 2453 Quid
659 2421 786 2450 hominis
801 2420 867 2450 illic

118 2466 164 2492 est
176 2460 210 2502 t]
226 2461 303 2494 Non
316 2462 471 2494 continuo
486 2462 633 2504 agnoscit
653 2462 740 2494 hunc
762 2461 867 2494 homi-

120 2514 196 2535 nem
218 2505 381 2536 meretrix.
425 2505 511 2541 Quia
527 2505 587 2536 etsi
604 2505 708 2536 adhuc
725 2504 867 2536 eunuchi

122 2552 212 2578 veste
226 2546 359 2579 indutus
373 2554 432 2586 est,
448 2554 591 2579 attamen
607 2548 699 2580 exuit
713 2547 867 2596 spadonis

121 2588 301 2622 incemum.
324 2589 459 2628 vultum,
478 2590 689 2631 habitumque
706 2590 865 2623 mutavit:

122 2638 156 2662 et
175 2640 293 2673 preter
316 2638 448 2670 vestem,
467 2638 553 2665 totus
574 2633 609 2664 in
625 2634 793 2665 Chaeream
813 2643 865 2665 re-

122 2674 192 2705 diit.
233 2674 373 2706 D.—S=·‹:
394 2655 468 2706 .ιόιί
493 2677 568 2708 data
591 2687 655 2709 csse
677 2675 785 2717 verba]
812 2676 866 2708 Sic

121 2726 174 2747 me
183 2726 254 2748 esse
264 2716 365 2758 decep
367 2723 443 2748 tam.
483 2719 771 2752 witliche-uasis
779 2719 865 2760 est?]

123 2759 190 2791 Hic
210 2759 414 2800 intelligitur,
429 2760 549 2792 reverti
568 2761 746 2799 ebat-eam,
761 2762 867 2795 adhuc

122 2802 264 2833 eunuchi
286 2809 376 2834 veste
396 2802 557 2840 indutum,
579 2803 676 2837 sicuti
697 2810 771 2845 post
791 2815 867 2845 cog-

122 2844 276 2882 noscitur,
307 2852 340 2876 et
367 2844 441 2876 ideo
468 2845 660 2879 miraculum
690 2846 744 2879 fit:
778 2848 868 2879 Hera

906 978 981 1004 mea,
998 972 1064 998 tace
1079 969 1208 1003 obsecro,
1220 969 1312 998 salvae
1323 979 1434 999 sumus.
1466 968 1657 1000 E.—Recte

907 1009 1053 1040 Faernus
1079 1019 1139 1050 pro
1164 1011 1229 1040 illic
1255 1010 1371 1050 probat
1393 1012 1467 1042 illuc
1493 1011 1534 1043 ob
1558 1012 1658 1043 fidem

904 1051 974 1083 cod.
995 1052 1106 1082 Bemb.
1123 1057 1158 1082 et
1172 1051 1295 1083 Victor.
1330 1052 1368 1083 B.

951 1095 1001 1126 18.
1025 1096 1113 1126 Hera
1121 1105 1187 1125 mea
1196 1099 1262 1126 tace
1272 1108 1285 1130 ,·
1308 1100 1374 1126 tace
1383 1094 1518 1136 obsecro]
1531 1095 1657 1128 Blande

906 1147 943 1168 ac
961 1136 1150 1179 puellariter
1164 1136 1294 1168 arridet.
1343 1137 1439 1179 Tace]
1464 1139 1539 1170 Non
1556 1138 1656 1170 silen-

905 1179 988 1211 tium
998 1179 1174 1211 indicentis
1186 1187 1245 1218 est,
1259 1181 1317 1211 sed
1329 1191 1476 1212 securam
1488 1180 1655 1213 facientis:

905 1228 952 1261 ut,
971 1224 1060 1260 Tace,
1076 1228 1191 1264 egomet
1204 1225 1375 1254 conveniam
1390 1227 1497 1264 ipsum.
1530 1224 1572 1255 D.

952 1266 1001 1298 19.
1031 1267 1188 1298 Habemus
1211 1265 1373 1307 hominem]
1400 1267 1488 1298 Mire
1511 1269 1657 1299 hominem

906 1308 999 1346 dixit,
1023 1314 1061 1339 ut
1083 1318 1184 1340 reum.
1228 1309 1442 1341 D.—Versus
1464 1309 1570 1350 gratia
1592 1310 1656 1351 leg.

905 1353 1088 1382 sinisteram.
1122 1351 1159 1382 Β.

951 1395 1002 1425 20.
1026 1395 1105 1425 Jube
1118 1392 1342 1434 comprehendi]
1356 1394 1421 1425 Pro
1432 1396 1655 1435 comprehende.

906 1437 1019 1467 Iubere
1049 1436 1137 1467 enim
1167 1438 1242 1468 velle
1270 1436 1442 1478 Significat.
1503 1436 1659 1472 Quantum

904 1478 1021 1519 potest]
1039 1479 1142 1510 Deest
1157 1479 1242 1519 (Hoc
1252 1485 1298 1510 est
1312 1479 1368 1519 Z.)
1381 1482 1450 1511 cito.
1483 1480 1525 1511 D.
1527 1480 1659 1512 —Cum

907 1521 1058 1552 omnibus
1074 1521 1140 1552 fere
1155 1521 1276 1553 nostris
1290 1521 1374 1563 lego,
1395 1523 1500 1554 Viden’
1513 1525 1529 1553 ?
1558 1523 1598 1554 B.

951 1565 1002 1595 21.
1022 1566 1106 1598 Quid
1119 1566 1173 1595 illo
1183 1563 1345 1604 faciemus,
1362 1567 1459 1596 stulta
1470 1564 1505 1606 ?]
1529 1565 1656 1597 Suban-

906 1606 996 1638 ditur
1016 1609 1231 1646 comprehenso.
1289 1609 1373 1641 Quid
1383 1606 1499 1647 facias,
1522 1619 1613 1649 rogas
1621 1608 1656 1649 ?]

907 1649 1079 1681 Moraliter
1101 1649 1262 1691 expressit
1287 1649 1405 1691 pueuae
1434 1650 1543 1690 (forte,
1564 1656 1659 1690 poeta

907 1692 960 1732 Z.)
977 1692 1139 1733 stupentis
1153 1693 1261 1731 verba,
1277 1699 1312 1723 et
1326 1703 1392 1723 non
1414 1693 1564 1724 habentis
1578 1693 1658 1734 quid

904 1735 1100 1776 respondeat
1114 1737 1156 1766 ad
1171 1745 1218 1772 ea,
1240 1746 1312 1776 quae
1334 1735 1422 1767 dicta
1443 1742 1529 1767 sunt.
1568 1736 1659 1767 D.—

907 1779 973 1815 1llo,
988 1785 1107 1819 praeter
1128 1778 1248 1809 Donat.
1265 1784 1299 1809 et
1321 1778 1435 1809 Bemb.
1459 1778 1557 1810 habet
1571 1789 1660 1811 ιιιιιιι

907 1820 1109 1857 veterrimus,
1120 1827 1154 1852 et
1166 1820 1362 1857 Priscianus,
1374 1831 1405 1862 p.
1417 1822 1431 1851 1
1439 1822 1509 1852 101.
1526 1821 1658 1859 Caeteri,

908 1864 956 1893 itti
966 1875 978 1897 ‚·
1000 1862 1111 1894 nescio
1133 1873 1175 1894 an
1197 1863 1327 1894 rectius.
1374 1864 1461 1894 Nam
1479 1873 1566 1895 scen.
1588 1873 1654 1905 seq.

910 1906 959 1935 10.
977 1905 1127 1942 occurrit,
1134 1905 1237 1945 saciet
1250 1908 1333 1936 milui.
1352 1906 1390 1936 B.

952 1948 1003 1978 22.
1032 1949 1108 1978 Vide
1126 1950 1232 1978 amabo
1244 1950 1257 1978 !
1283 1950 1312 1978 si
1327 1959 1394 1985 non,
1410 1959 1501 1989 quun
1513 1950 1657 1989 aspicias,

907 2001 939 2020 os
961 1992 1116 2030 impudens
1137 1989 1273 2030 videtur]
1291 1990 1379 2021 Mire
1394 1991 1434 2022 ab
1449 1992 1589 2032 eoquod
1604 2001 1658 2024 re·

908 2032 1068 2073 spondere
1079 2038 1232 2074 coeperat,
1244 2033 1285 2064 ad
1294 2033 1383 2064 aliud
1399 2034 1524 2071 transit,
1541 2034 1659 2067 mirata

907 2075 1137 2106 confidentiam
1167 2075 1319 2107 Chaereae.
1365 2076 1443 2107 Non
1470 2083 1520 2108 est
1545 2077 1654 2126 impu-

908 2118 998 2155 dens,
1021 2117 1145 2158 inquit;
1169 2128 1234 2150 uon
1251 2124 1310 2156 est,
1325 2118 1390 2151 nisi
1410 2119 1557 2151 similis'
1548 2130 1657 2162 impu-

908 2161 1008 2192 denti.
1055 2161 1109 2192 Sic
1123 2160 1210 2198 alibi,
1232 2163 1384 2193 Severitas
1405 2164 1484 2193 inest
1505 2164 1539 2193 in
1560 2165 1657 2201 uuus,

908 2209 999 2244 atque
1014 2205 1047 2234 in
1061 2205 1256 2243 verbisfldes.
1292 2204 1334 2235 D.
1337 2205 1463 2236 -Vide
1477 2206 1607 2237 amabo!
1628 2207 1659 2238 si

910 2258 977 2283 non,
1009 2258 1076 2277 cum
1105 2249 1248 2286 aspicias,
1275 2258 1308 2278 os
1337 2246 1508 2288 impudens]
1539 2249 1659 2280 Amabo

909 2289 1003 2326 dixit,
1016 2289 1102 2329 quod
1114 2299 1243 2331 semper
1257 2289 1344 2321 inter
1358 2297 1472 2331 poetas
1486 2290 1576 2321 nulla
1589 2290 1657 2332 sig·-

908 2332 1095 2363 nificatione
1111 2339 1170 2363 est.
1209 2333 1331 2364 Sensus
1343 2339 1451 2364 autem
1465 2332 1539 2364 talis
1549 2345 1560 2364 ι
1583 2333 1659 2366 vide

908 2374 1154 2416 impudentiam,
1171 2375 1244 2407 vide
1260 2381 1436 2417 aspectum,
1448 2375 1658 2416 quemadmo-

909 2418 987 2450 dum
1009 2418 1141 2449 incedit.
1189 2420 1231 2449 Os
1246 2429 1324 2460 ergo
1346 2421 1502 2459 impudens
1518 2418 1657 2457 videtur,

909 2472 976 2492 cum
1005 2463 1138 2501 aspicias
1167 2461 1289 2492 venire.
1340 2462 1384 2492 Et
1414 2461 1506 2501 quasi
1534 2461 1659 2503 alithid

909 2504 1066 2536 meretrix
1080 2503 1210 2541 dixerit,
1233 2504 1279 2535 ita
1300 2504 1477 2545 subjungit,
1500 2506 1572 2536 Non
1585 2507 1659 2536 est?

909 2547 1012 2588 quasi,
1038 2557 1139 2587 negas
1163 2557 1243 2584 esse,
1265 2547 1350 2587 quod
1369 2546 1466 2578 dico?
1517 2547 1659 2585 Euhoe

910 2596 947 2623 ut
970 2590 1149 2627 confirmet,
1178 2589 1335 2630 adjungit,
1359 2591 1423 2620 Cur
1446 2591 1544 2631 igitur
1569 2595 1659 2622 unta

910 2635 1088 2672 confidentia
1094 2632 1199 2672 fretus
1213 2634 1327 2664 incedit
1336 2635 1352 2663 2
1384 2632 1422 2663 E.

954 2677 1005 2707 23.
1031 2675 1149 2706 Faerni
1159 2675 1233 2706 libri
1245 2675 1354 2706 omnia
1363 2674 1512 2706 tribuunt

910 2719 968 2750 sed
989 2718 1122 2760 plurimi
1144 2718 1247 2749 nostri
1262 2718 1370 2754 verba,
1386 2729 1444 2749 non
1458 2723 1514 2756 est,

913 2762 1009 2793 Hanc
1024 2760 1183 2792 rationem
1205 2760 1402 2801 sequendam
1422 2767 1514 2802 puto,
1527 2760 1586 2792 sed
1599 2761 1659 2792 de-

910 2804 987 2841 leto,
1014 2809 1068 2840 est,
1095 2809 1132 2834 ut
1159 2802 1369 2844 intelligatur,
1395 2805 1524 2835 videtur.
1569 2803 1659 2836 Nam

911 2857 1009 2888 supra
1024 2845 1124 2877 Thais
1140 2848 1293 2877 honestum
1307 2845 1443 2878 dixerat.
1474 2846 1512 2877 B.
