<?xml version="1.0" encoding="UTF-8"?>
<!DOCTYPE html PUBLIC "-//W3C//DTD XHTML 1.0 Transitional//EN"
    "http://www.w3.org/TR/xhtml1/DTD/xhtml1-transitional.dtd">
<html xmlns="http://www.w3.org/1999/xhtml" xml:lang="en" lang="en">
 <head>
  <title>
</title>
<meta http-equiv="Content-Type" content="text/html;charset=utf-8" />
  <meta name='ocr-system' content='tesseract 3.04.00' />
  <meta name='ocr-capabilities' content='ocr_page ocr_carea ocr_par ocr_line ocrx_word'/>
</head>
<body>
  <div class='ocr_page' id='page_1' title='image "./comoediaesex00tereuoft_0431.png"; bbox 0 0 1852 3216; ppageno 0'>
   <div class='ocr_carea' id='block_1_1' title="bbox 119 124 1339 183">
    <p class='ocr_par' dir='ltr' id='par_1_1' title="bbox 119 124 1339 183">
     <span class='ocr_line' id='line_1_1' title="bbox 119 124 1339 183; baseline 0 -12"><span class='ocrx_word' id='word_1_1' title='bbox 119 142 258 171; x_wconf 67' lang='lat' dir='ltr'>semu</span> <span class='ocrx_word' id='word_1_2' title='bbox 280 127 342 183; x_wconf 87' lang='lat' dir='ltr'>v.]</span> <span class='ocrx_word' id='word_1_3' title='bbox 398 124 1339 171; x_wconf 85' lang='lat' dir='ltr'><strong>HEAUTONTIMORUMENOS.</strong></span> 
     </span>
    </p>
   </div>
   <div class='ocr_carea' id='block_1_2' title="bbox 117 214 1647 1126">
    <p class='ocr_par' dir='ltr' id='par_1_2' title="bbox 117 214 1647 1126">
     <span class='ocr_line' id='line_1_2' title="bbox 175 214 1275 274; baseline 0 -14"><span class='ocrx_word' id='word_1_4' title='bbox 175 219 254 260; x_wconf 77' lang='lat' dir='ltr'>SY.</span> <span class='ocrx_word' id='word_1_5' title='bbox 274 217 394 260; x_wconf 88' lang='lat' dir='ltr'>Fiat:</span> <span class='ocrx_word' id='word_1_6' title='bbox 427 224 646 274; x_wconf 75' lang='lat' dir='ltr'>quaeratur</span> <span class='ocrx_word' id='word_1_7' title='bbox 666 215 807 259; x_wconf 83' lang='lat' dir='ltr'>aliud:</span> <span class='ocrx_word' id='word_1_8' title='bbox 839 216 916 258; x_wconf 84' lang='lat' dir='ltr'>sed</span> <span class='ocrx_word' id='word_1_9' title='bbox 935 214 1040 258; x_wconf 88' lang='lat' dir='ltr'>illud</span> <span class='ocrx_word' id='word_1_10' title='bbox 1061 217 1180 272; x_wconf 89' lang='lat' dir='ltr'>quod</span> <span class='ocrx_word' id='word_1_11' title='bbox 1198 218 1275 260; x_wconf 85' lang='lat' dir='ltr'>tibi</span> 
     </span>
     <span class='ocr_line' id='line_1_3' title="bbox 175 281 1205 338; baseline 0 -13"><span class='ocrx_word' id='word_1_12' title='bbox 175 284 280 326; x_wconf 84' lang='lat' dir='ltr'>Dixi</span> <span class='ocrx_word' id='word_1_13' title='bbox 300 283 356 325; x_wconf 92' lang='lat' dir='ltr'>de</span> <span class='ocrx_word' id='word_1_14' title='bbox 375 288 569 338; x_wconf 86' lang='lat' dir='ltr'>argento,</span> <span class='ocrx_word' id='word_1_15' title='bbox 590 281 708 338; x_wconf 90' lang='lat' dir='ltr'>quod</span> <span class='ocrx_word' id='word_1_16' title='bbox 727 282 810 324; x_wconf 86' lang='lat' dir='ltr'>ista</span> <span class='ocrx_word' id='word_1_17' title='bbox 829 281 961 324; x_wconf 84' lang='lat' dir='ltr'>debet</span> <span class='ocrx_word' id='word_1_18' title='bbox 980 281 1205 334; x_wconf 80' lang='lat' dir='ltr'><strong>Bacchidi,</strong></span> 
     </span>
     <span class='ocr_line' id='line_1_4' title="bbox 175 346 1228 403; baseline 0.001 -13"><span class='ocrx_word' id='word_1_19' title='bbox 175 349 228 391; x_wconf 92' lang='lat' dir='ltr'>Id</span> <span class='ocrx_word' id='word_1_20' title='bbox 249 348 705 390; x_wconf 69' lang='lat' dir='ltr'>nunereddendum&#39;st</span> <span class='ocrx_word' id='word_1_21' title='bbox 723 346 806 390; x_wconf 88' lang='lat' dir='ltr'>illi:</span> <span class='ocrx_word' id='word_1_22' title='bbox 838 362 978 403; x_wconf 90' lang='lat' dir='ltr'>neque</span> <span class='ocrx_word' id='word_1_23' title='bbox 1000 355 1047 390; x_wconf 87' lang='lat' dir='ltr'>tu</span> <span class='ocrx_word' id='word_1_24' title='bbox 1068 348 1228 392; x_wconf 87' lang='lat' dir='ltr'>scilicet</span> 
     </span>
     <span class='ocr_line' id='line_1_5' title="bbox 117 412 1424 469; baseline 0.002 -15"><span class='ocrx_word' id='word_1_25' title='bbox 117 423 159 452; x_wconf 76' lang='lat'>45</span> <span class='ocrx_word' id='word_1_26' title='bbox 177 414 247 456; x_wconf 91' lang='lat' dir='ltr'>Eo</span> <span class='ocrx_word' id='word_1_27' title='bbox 266 428 379 456; x_wconf 92' lang='lat' dir='ltr'>nunc</span> <span class='ocrx_word' id='word_1_28' title='bbox 398 412 635 469; x_wconf 86' lang='lat' dir='ltr'>confugies,</span> <span class='ocrx_word' id='word_1_29' title='bbox 658 413 779 462; x_wconf 84' lang='lat' dir='ltr'><strong>Quid</strong></span> <span class='ocrx_word' id='word_1_30' title='bbox 799 416 924 456; x_wconf 73' lang='lat' dir='ltr'>mea?</span> <span class='ocrx_word' id='word_1_31' title='bbox 952 429 1054 456; x_wconf 90' lang='lat' dir='ltr'>num</span> <span class='ocrx_word' id='word_1_32' title='bbox 1071 414 1175 456; x_wconf 89' lang='lat' dir='ltr'>mihi</span> <span class='ocrx_word' id='word_1_33' title='bbox 1194 413 1424 456; x_wconf 72' lang='lat' dir='ltr'>datum’st?</span> 
     </span>
     <span class='ocr_line' id='line_1_6' title="bbox 173 478 1131 535; baseline 0 -13"><span class='ocrx_word' id='word_1_34' title='bbox 173 480 291 522; x_wconf 89' lang='lat' dir='ltr'>Num</span> <span class='ocrx_word' id='word_1_35' title='bbox 306 480 418 535; x_wconf 88' lang='lat' dir='ltr'>jussi</span> <span class='ocrx_word' id='word_1_36' title='bbox 435 482 451 521; x_wconf 65' lang='grc' dir='ltr'>ἓ</span> <span class='ocrx_word' id='word_1_37' title='bbox 482 486 584 521; x_wconf 88' lang='lat' dir='ltr'>num</span> <span class='ocrx_word' id='word_1_38' title='bbox 603 478 675 521; x_wconf 86' lang='lat' dir='ltr'>illa</span> <span class='ocrx_word' id='word_1_39' title='bbox 694 479 980 535; x_wconf 83' lang='lat' dir='ltr'>oppignerare</span> <span class='ocrx_word' id='word_1_40' title='bbox 999 479 1131 522; x_wconf 89' lang='lat' dir='ltr'>filiam</span> 
     </span>
     <span class='ocr_line' id='line_1_7' title="bbox 174 545 1287 601; baseline 0 -14"><span class='ocrx_word' id='word_1_41' title='bbox 174 545 322 587; x_wconf 84' lang='lat' dir='ltr'>Meam</span> <span class='ocrx_word' id='word_1_42' title='bbox 342 561 408 588; x_wconf 89' lang='lat' dir='ltr'>me</span> <span class='ocrx_word' id='word_1_43' title='bbox 429 546 560 587; x_wconf 87' lang='lat' dir='ltr'>invito</span> <span class='ocrx_word' id='word_1_44' title='bbox 580 545 750 601; x_wconf 75' lang='lat' dir='ltr'>potuit?</span> <span class='ocrx_word' id='word_1_45' title='bbox 780 560 927 587; x_wconf 90' lang='lat' dir='ltr'>verum</span> <span class='ocrx_word' id='word_1_46' title='bbox 946 545 1066 596; x_wconf 88' lang='lat' dir='ltr'>illud,</span> <span class='ocrx_word' id='word_1_47' title='bbox 1088 545 1287 596; x_wconf 86' lang='lat' dir='ltr'>Chreme,</span> 
     </span>
     <span class='ocr_line' id='line_1_8' title="bbox 174 609 1271 666; baseline 0 -14"><span class='ocrx_word' id='word_1_48' title='bbox 174 611 355 661; x_wconf 84' lang='lat' dir='ltr'>Dicunt,</span> <span class='ocrx_word' id='word_1_49' title='bbox 372 612 445 666; x_wconf 92' lang='lat' dir='ltr'>jus</span> <span class='ocrx_word' id='word_1_50' title='bbox 468 625 675 653; x_wconf 90' lang='lat' dir='ltr'>summum</span> <span class='ocrx_word' id='word_1_51' title='bbox 696 625 812 666; x_wconf 87' lang='lat' dir='ltr'>saepe</span> <span class='ocrx_word' id='word_1_52' title='bbox 833 625 994 652; x_wconf 90' lang='lat' dir='ltr'>summa</span> <span class='ocrx_word' id='word_1_53' title='bbox 1013 618 1080 653; x_wconf 85' lang='lat' dir='ltr'>est</span> <span class='ocrx_word' id='word_1_54' title='bbox 1101 609 1271 653; x_wconf 85' lang='lat' dir='ltr'>malitia.</span> 
     </span>
     <span class='ocr_line' id='line_1_9' title="bbox 175 674 1553 727; baseline 0 -9"><span class='ocrx_word' id='word_1_55' title='bbox 175 676 259 718; x_wconf 73' lang='lat' dir='ltr'>Cn.</span> <span class='ocrx_word' id='word_1_56' title='bbox 284 676 419 718; x_wconf 91' lang='lat' dir='ltr'>Haud</span> <span class='ocrx_word' id='word_1_57' title='bbox 439 676 603 719; x_wconf 85' lang='lat' dir='ltr'>faciam.</span> <span class='ocrx_word' id='word_1_58' title='bbox 654 675 732 718; x_wconf 77' lang='lat' dir='ltr'>SY.</span> <span class='ocrx_word' id='word_1_59' title='bbox 755 676 903 727; x_wconf 91' lang='lat' dir='ltr'>Immo,</span> <span class='ocrx_word' id='word_1_60' title='bbox 924 676 1016 719; x_wconf 88' lang='lat' dir='ltr'>aliis</span> <span class='ocrx_word' id='word_1_61' title='bbox 1037 677 1073 718; x_wconf 91' lang='lat' dir='ltr'>si</span> <span class='ocrx_word' id='word_1_62' title='bbox 1092 676 1206 727; x_wconf 90' lang='lat' dir='ltr'>licet,</span> <span class='ocrx_word' id='word_1_63' title='bbox 1229 676 1306 718; x_wconf 87' lang='lat' dir='ltr'>tibi</span> <span class='ocrx_word' id='word_1_64' title='bbox 1325 690 1411 718; x_wconf 92' lang='lat' dir='ltr'>non</span> <span class='ocrx_word' id='word_1_65' title='bbox 1431 674 1553 718; x_wconf 88' lang='lat' dir='ltr'>licet:</span> 
     </span>
     <span class='ocr_line' id='line_1_10' title="bbox 119 741 1260 798; baseline 0.004 -18"><span class='ocrx_word' id='word_1_66' title='bbox 119 751 160 780; x_wconf 86' lang='lat'>50</span> <span class='ocrx_word' id='word_1_67' title='bbox 178 742 341 784; x_wconf 89' lang='lat' dir='ltr'>Omnes</span> <span class='ocrx_word' id='word_1_68' title='bbox 363 751 406 784; x_wconf 87' lang='lat' dir='ltr'>te</span> <span class='ocrx_word' id='word_1_69' title='bbox 425 743 469 784; x_wconf 88' lang='lat' dir='ltr'>in</span> <span class='ocrx_word' id='word_1_70' title='bbox 487 741 619 792; x_wconf 81' lang='lat' dir='ltr'>lauta,</span> <span class='ocrx_word' id='word_1_71' title='bbox 640 749 685 784; x_wconf 89' lang='lat' dir='ltr'>et</span> <span class='ocrx_word' id='word_1_72' title='bbox 701 742 812 784; x_wconf 90' lang='lat' dir='ltr'>bene</span> <span class='ocrx_word' id='word_1_73' title='bbox 832 750 930 784; x_wconf 82' lang='lat' dir='ltr'><strong>acta</strong></span> <span class='ocrx_word' id='word_1_74' title='bbox 949 751 1073 798; x_wconf 87' lang='lat' dir='ltr'>parte</span> <span class='ocrx_word' id='word_1_75' title='bbox 1092 748 1260 798; x_wconf 83' lang='lat' dir='ltr'>putant.</span> 
     </span>
     <span class='ocr_line' id='line_1_11' title="bbox 176 806 1552 864; baseline -0.001 -14"><span class='ocrx_word' id='word_1_76' title='bbox 176 808 261 850; x_wconf 74' lang='lat' dir='ltr'>Cn.</span> <span class='ocrx_word' id='word_1_77' title='bbox 286 808 403 856; x_wconf 83' lang='lat' dir='ltr'>Quin</span> <span class='ocrx_word' id='word_1_78' title='bbox 424 815 594 864; x_wconf 88' lang='lat' dir='ltr'>egomet</span> <span class='ocrx_word' id='word_1_79' title='bbox 606 808 698 863; x_wconf 87' lang='lat' dir='ltr'>jam</span> <span class='ocrx_word' id='word_1_80' title='bbox 717 808 774 849; x_wconf 87' lang='lat' dir='ltr'>ad</span> <span class='ocrx_word' id='word_1_81' title='bbox 794 821 887 849; x_wconf 89' lang='lat' dir='ltr'>eam</span> <span class='ocrx_word' id='word_1_82' title='bbox 907 807 1111 850; x_wconf 85' lang='lat' dir='ltr'>deferam.</span> <span class='ocrx_word' id='word_1_83' title='bbox 1164 807 1241 849; x_wconf 83' lang='lat' dir='ltr'>SY.</span> <span class='ocrx_word' id='word_1_84' title='bbox 1265 806 1400 849; x_wconf 91' lang='lat' dir='ltr'>Immo</span> <span class='ocrx_word' id='word_1_85' title='bbox 1419 806 1552 849; x_wconf 90' lang='lat' dir='ltr'>filium</span> 
     </span>
     <span class='ocr_line' id='line_1_12' title="bbox 175 871 1647 929; baseline -0.001 -14"><span class='ocrx_word' id='word_1_86' title='bbox 175 873 291 916; x_wconf 86' lang='lat' dir='ltr'>Jube</span> <span class='ocrx_word' id='word_1_87' title='bbox 311 874 468 929; x_wconf 87' lang='lat' dir='ltr'>potius.</span> <span class='ocrx_word' id='word_1_88' title='bbox 516 872 601 915; x_wconf 76' lang='lat' dir='ltr'>Cn.</span> <span class='ocrx_word' id='word_1_89' title='bbox 624 871 946 920; x_wconf 72' lang='lat' dir='ltr'>Quamobrem?</span> <span class='ocrx_word' id='word_1_90' title='bbox 991 873 1069 915; x_wconf 80' lang='lat' dir='ltr'>SY.</span> <span class='ocrx_word' id='word_1_91' title='bbox 1087 873 1204 922; x_wconf 83' lang='lat' dir='ltr'><strong>Quia</strong></span> <span class='ocrx_word' id='word_1_92' title='bbox 1223 873 1334 915; x_wconf 90' lang='lat' dir='ltr'>enim</span> <span class='ocrx_word' id='word_1_93' title='bbox 1354 873 1398 914; x_wconf 91' lang='lat' dir='ltr'>in</span> <span class='ocrx_word' id='word_1_94' title='bbox 1418 872 1532 915; x_wconf 90' lang='lat' dir='ltr'>hunc</span> <span class='ocrx_word' id='word_1_95' title='bbox 1554 887 1647 914; x_wconf 85' lang='lat' dir='ltr'>sus-</span> 
     </span>
     <span class='ocr_line' id='line_1_13' title="bbox 259 939 427 995; baseline -0.006 -14"><span class='ocrx_word' id='word_1_96' title='bbox 259 939 427 995; x_wconf 88' lang='lat' dir='ltr'>picio’st</span> 
     </span>
     <span class='ocr_line' id='line_1_14' title="bbox 174 1001 1520 1052; baseline -0.002 -6"><span class='ocrx_word' id='word_1_97' title='bbox 174 1003 406 1046; x_wconf 82' lang='lat' dir='ltr'>Translata</span> <span class='ocrx_word' id='word_1_98' title='bbox 425 1004 593 1046; x_wconf 87' lang='lat' dir='ltr'>amoris.</span> <span class='ocrx_word' id='word_1_99' title='bbox 645 1003 731 1046; x_wconf 74' lang='lat' dir='ltr'>Cn.</span> <span class='ocrx_word' id='word_1_100' title='bbox 755 1003 877 1052; x_wconf 84' lang='lat' dir='ltr'><strong>Quid</strong></span> <span class='ocrx_word' id='word_1_101' title='bbox 897 1004 1017 1044; x_wconf 69' lang='lat' dir='ltr'>tum?</span> <span class='ocrx_word' id='word_1_102' title='bbox 1066 1002 1144 1044; x_wconf 84' lang='lat' dir='ltr'>SY.</span> <span class='ocrx_word' id='word_1_103' title='bbox 1168 1001 1285 1050; x_wconf 85' lang='lat' dir='ltr'>Quia</span> <span class='ocrx_word' id='word_1_104' title='bbox 1304 1002 1520 1044; x_wconf 89' lang='lat' dir='ltr'>videbitur</span> 
     </span>
     <span class='ocr_line' id='line_1_15' title="bbox 174 1066 1245 1126; baseline -0.001 -15"><span class='ocrx_word' id='word_1_105' title='bbox 174 1069 319 1126; x_wconf 85' lang='lat' dir='ltr'>Magis</span> <span class='ocrx_word' id='word_1_106' title='bbox 340 1068 563 1111; x_wconf 89' lang='lat' dir='ltr'>verisimile</span> <span class='ocrx_word' id='word_1_107' title='bbox 585 1069 629 1111; x_wconf 89' lang='lat' dir='ltr'>id</span> <span class='ocrx_word' id='word_1_108' title='bbox 649 1084 761 1120; x_wconf 86' lang='lat' dir='ltr'>esse,</span> <span class='ocrx_word' id='word_1_109' title='bbox 779 1084 913 1125; x_wconf 91' lang='lat' dir='ltr'>quum</span> <span class='ocrx_word' id='word_1_110' title='bbox 931 1067 1002 1110; x_wconf 84' lang='lat' dir='ltr'>hic</span> <span class='ocrx_word' id='word_1_111' title='bbox 1021 1066 1081 1110; x_wconf 87' lang='lat' dir='ltr'>illi</span> <span class='ocrx_word' id='word_1_112' title='bbox 1100 1068 1245 1110; x_wconf 86' lang='lat' dir='ltr'>dabit:</span> 
     </span>
    </p>
   </div>
   <div class='ocr_carea' id='block_1_3' title="bbox 1558 127 1645 171">
    <p class='ocr_par' dir='ltr' id='par_1_3' title="bbox 1558 127 1645 171">
     <span class='ocr_line' id='line_1_16' title="bbox 1558 127 1645 171; baseline 0.011 -1"><span class='ocrx_word' id='word_1_113' title='bbox 1558 127 1645 171; x_wconf 78' lang='lat'>329</span> 
     </span>
    </p>
   </div>
   <div class='ocr_carea' id='block_1_4' title="bbox 117 1132 1407 1256">
    <p class='ocr_par' dir='ltr' id='par_1_4' title="bbox 117 1132 1407 1256">
     <span class='ocr_line' id='line_1_17' title="bbox 117 1132 1197 1192; baseline 0.001 -17"><span class='ocrx_word' id='word_1_114' title='bbox 117 1144 158 1174; x_wconf 82' lang='lat'>55</span> <span class='ocrx_word' id='word_1_115' title='bbox 176 1135 237 1177; x_wconf 87' lang='lat' dir='ltr'>Et</span> <span class='ocrx_word' id='word_1_116' title='bbox 259 1134 384 1177; x_wconf 88' lang='lat' dir='ltr'>simul</span> <span class='ocrx_word' id='word_1_117' title='bbox 404 1134 624 1177; x_wconf 85' lang='lat' dir='ltr'>conficiam</span> <span class='ocrx_word' id='word_1_118' title='bbox 645 1133 811 1177; x_wconf 86' lang='lat' dir='ltr'>facilius</span> <span class='ocrx_word' id='word_1_119' title='bbox 831 1149 928 1192; x_wconf 90' lang='lat' dir='ltr'>ego,</span> <span class='ocrx_word' id='word_1_120' title='bbox 949 1133 1068 1190; x_wconf 90' lang='lat' dir='ltr'>quod</span> <span class='ocrx_word' id='word_1_121' title='bbox 1088 1132 1197 1176; x_wconf 88' lang='lat' dir='ltr'>volo.</span> 
     </span>
     <span class='ocr_line' id='line_1_18' title="bbox 173 1197 1407 1256; baseline -0.002 -14"><span class='ocrx_word' id='word_1_122' title='bbox 173 1200 274 1256; x_wconf 89' lang='lat' dir='ltr'>Ipse</span> <span class='ocrx_word' id='word_1_123' title='bbox 294 1201 404 1243; x_wconf 89' lang='lat' dir='ltr'>adeo</span> <span class='ocrx_word' id='word_1_124' title='bbox 425 1201 573 1243; x_wconf 89' lang='lat' dir='ltr'>adest:</span> <span class='ocrx_word' id='word_1_125' title='bbox 607 1201 692 1251; x_wconf 89' lang='lat' dir='ltr'>abi,</span> <span class='ocrx_word' id='word_1_126' title='bbox 713 1200 821 1243; x_wconf 88' lang='lat' dir='ltr'>effer</span> <span class='ocrx_word' id='word_1_127' title='bbox 841 1207 1080 1256; x_wconf 86' lang='lat' dir='ltr'>argentum.</span> <span class='ocrx_word' id='word_1_128' title='bbox 1132 1198 1217 1240; x_wconf 81' lang='lat' dir='ltr'>CH.</span> <span class='ocrx_word' id='word_1_129' title='bbox 1242 1197 1407 1241; x_wconf 88' lang='lat' dir='ltr'>Effero.</span> 
     </span>
    </p>
   </div>
   <div class='ocr_carea' id='block_1_5' title="bbox 114 1322 866 1743">
    <p class='ocr_par' dir='ltr' id='par_1_5' title="bbox 114 1322 865 1451">
     <span class='ocr_line' id='line_1_19' title="bbox 160 1322 864 1364; baseline -0.003 -8"><span class='ocrx_word' id='word_1_130' title='bbox 160 1325 212 1356; x_wconf 77' lang='lat'>42.</span> <span class='ocrx_word' id='word_1_131' title='bbox 241 1326 332 1355; x_wconf 74' lang='lat' dir='ltr'>Fiat.-</span> <span class='ocrx_word' id='word_1_132' title='bbox 364 1329 519 1364; x_wconf 70' lang='lat' dir='ltr'>queratur</span> <span class='ocrx_word' id='word_1_133' title='bbox 546 1322 648 1363; x_wconf 77' lang='lat' dir='ltr'>aliud]</span> <span class='ocrx_word' id='word_1_134' title='bbox 683 1323 801 1354; x_wconf 81' lang='lat' dir='ltr'>Astute</span> <span class='ocrx_word' id='word_1_135' title='bbox 830 1330 864 1354; x_wconf 87' lang='lat' dir='ltr'>et</span> 
     </span>
     <span class='ocr_line' id='line_1_20' title="bbox 117 1366 865 1407; baseline -0.003 -8"><span class='ocrx_word' id='word_1_136' title='bbox 117 1367 242 1403; x_wconf 83' lang='lat' dir='ltr'>callide,</span> <span class='ocrx_word' id='word_1_137' title='bbox 258 1366 292 1397; x_wconf 88' lang='lat' dir='ltr'>in</span> <span class='ocrx_word' id='word_1_138' title='bbox 308 1366 457 1397; x_wconf 89' lang='lat' dir='ltr'>omnibus</span> <span class='ocrx_word' id='word_1_139' title='bbox 477 1366 653 1397; x_wconf 80' lang='lat' dir='ltr'>assentitur</span> <span class='ocrx_word' id='word_1_140' title='bbox 667 1366 765 1402; x_wconf 89' lang='lat' dir='ltr'>hero·</span> <span class='ocrx_word' id='word_1_141' title='bbox 789 1366 865 1407; x_wconf 81' lang='lat' dir='ltr'>quia</span> 
     </span>
     <span class='ocr_line' id='line_1_21' title="bbox 114 1409 863 1485; baseline -0.003 -44"><span class='ocrx_word' id='word_1_142' title='bbox 114 1412 182 1485; x_wconf 78' lang='lat' dir='ltr'>jcam</span> <span class='ocrx_word' id='word_1_143' title='bbox 197 1410 323 1441; x_wconf 81' lang='lat' dir='ltr'>lenibus</span> <span class='ocrx_word' id='word_1_144' title='bbox 338 1409 444 1440; x_wconf 88' lang='lat' dir='ltr'>verbis</span> <span class='ocrx_word' id='word_1_145' title='bbox 459 1409 662 1449; x_wconf 82' lang='lat' dir='ltr'>extorquebit</span> <span class='ocrx_word' id='word_1_146' title='bbox 683 1415 863 1450; x_wconf 84' lang='lat' dir='ltr'>argentum.</span> 
     </span>
    </p>

    <p class='ocr_par' dir='ltr' id='par_1_6' title="bbox 118 1451 866 1743">
     <span class='ocr_line' id='line_1_22' title="bbox 118 1451 866 1525; baseline 0 -41"><span class='ocrx_word' id='word_1_147' title='bbox 118 1454 292 1487; x_wconf 75' lang='lat' dir='ltr'>c.—Quod</span> <span class='ocrx_word' id='word_1_148' title='bbox 303 1454 360 1484; x_wconf 76' lang='lat' dir='ltr'>tibi</span> <span class='ocrx_word' id='word_1_149' title='bbox 374 1454 441 1483; x_wconf 67' lang='lat' dir='ltr'>dixi</span> <span class='ocrx_word' id='word_1_150' title='bbox 450 1451 636 1501; x_wconf 60' lang='lat' dir='ltr'>deargenfo]</span> <span class='ocrx_word' id='word_1_151' title='bbox 653 1452 755 1525; x_wconf 56' lang='lat' dir='ltr'>&#39;Quod</span> <span class='ocrx_word' id='word_1_152' title='bbox 766 1462 866 1501; x_wconf 74' lang='lat' dir='ltr'>supra</span> 
     </span>
     <span class='ocr_line' id='line_1_23' title="bbox 119 1495 862 1537; baseline -0.003 -9"><span class='ocrx_word' id='word_1_153' title='bbox 119 1507 179 1528; x_wconf 90' lang='lat' dir='ltr'>nos</span> <span class='ocrx_word' id='word_1_154' title='bbox 202 1496 354 1532; x_wconf 80' lang='lat' dir='ltr'>diximus,</span> <span class='ocrx_word' id='word_1_155' title='bbox 370 1502 406 1527; x_wconf 89' lang='lat' dir='ltr'>ut</span> <span class='ocrx_word' id='word_1_156' title='bbox 429 1503 564 1527; x_wconf 81' lang='lat' dir='ltr'>eventus</span> <span class='ocrx_word' id='word_1_157' title='bbox 584 1495 651 1537; x_wconf 91' lang='lat' dir='ltr'>imp</span> <span class='ocrx_word' id='word_1_158' title='bbox 653 1495 734 1526; x_wconf 86' lang='lat' dir='ltr'>leret</span> <span class='ocrx_word' id='word_1_159' title='bbox 757 1495 862 1526; x_wconf 88' lang='lat' dir='ltr'>consi-</span> 
     </span>
     <span class='ocr_line' id='line_1_24' title="bbox 120 1538 864 1580; baseline -0.001 -10"><span class='ocrx_word' id='word_1_160' title='bbox 120 1539 209 1575; x_wconf 89' lang='lat' dir='ltr'>lium,</span> <span class='ocrx_word' id='word_1_161' title='bbox 225 1539 277 1570; x_wconf 85' lang='lat' dir='ltr'>hic</span> <span class='ocrx_word' id='word_1_162' title='bbox 300 1549 386 1570; x_wconf 88' lang='lat' dir='ltr'>nunc</span> <span class='ocrx_word' id='word_1_163' title='bbox 406 1538 553 1570; x_wconf 86' lang='lat' dir='ltr'>conficit·</span> <span class='ocrx_word' id='word_1_164' title='bbox 578 1538 735 1579; x_wconf 84' lang='lat' dir='ltr'>siquidem</span> <span class='ocrx_word' id='word_1_165' title='bbox 751 1545 864 1580; x_wconf 85' lang='lat' dir='ltr'>postea</span> 
     </span>
     <span class='ocr_line' id='line_1_25' title="bbox 119 1581 864 1624; baseline -0.003 -10"><span class='ocrx_word' id='word_1_166' title='bbox 119 1582 228 1624; x_wconf 82' lang='lat' dir='ltr'>puella</span> <span class='ocrx_word' id='word_1_167' title='bbox 250 1582 380 1623; x_wconf 79' lang='lat' dir='ltr'>cognita</span> <span class='ocrx_word' id='word_1_168' title='bbox 405 1589 463 1619; x_wconf 79' lang='lat' dir='ltr'>est,</span> <span class='ocrx_word' id='word_1_169' title='bbox 487 1592 548 1623; x_wconf 89' lang='lat' dir='ltr'>pro</span> <span class='ocrx_word' id='word_1_170' title='bbox 568 1592 632 1622; x_wconf 82' lang='lat' dir='ltr'>qua</span> <span class='ocrx_word' id='word_1_171' title='bbox 648 1583 715 1622; x_wconf 86' lang='lat' dir='ltr'>jam</span> <span class='ocrx_word' id='word_1_172' title='bbox 739 1581 864 1613; x_wconf 89' lang='lat' dir='ltr'>debitor</span> 
     </span>
     <span class='ocr_line' id='line_1_26' title="bbox 120 1625 863 1662; baseline -0.001 -5"><span class='ocrx_word' id='word_1_173' title='bbox 120 1626 276 1657; x_wconf 85' lang='lat' dir='ltr'>Chremes</span> <span class='ocrx_word' id='word_1_174' title='bbox 290 1625 392 1656; x_wconf 83' lang='lat' dir='ltr'>sactus</span> <span class='ocrx_word' id='word_1_175' title='bbox 407 1631 466 1662; x_wconf 77' lang='lat' dir='ltr'>est,</span> <span class='ocrx_word' id='word_1_176' title='bbox 481 1635 555 1656; x_wconf 92' lang='lat' dir='ltr'>cum</span> <span class='ocrx_word' id='word_1_177' title='bbox 577 1632 703 1656; x_wconf 85' lang='lat' dir='ltr'>constet</span> <span class='ocrx_word' id='word_1_178' title='bbox 725 1635 795 1656; x_wconf 86' lang='lat' dir='ltr'>eam</span> <span class='ocrx_word' id='word_1_179' title='bbox 810 1636 863 1656; x_wconf 81' lang='lat' dir='ltr'>ar·</span> 
     </span>
     <span class='ocr_line' id='line_1_27' title="bbox 119 1667 861 1710; baseline -0.001 -10"><span class='ocrx_word' id='word_1_180' title='bbox 119 1668 250 1700; x_wconf 77' lang='lat' dir='ltr'>rahonis</span> <span class='ocrx_word' id='word_1_181' title='bbox 265 1668 395 1700; x_wconf 88' lang='lat' dir='ltr'>nomine</span> <span class='ocrx_word' id='word_1_182' title='bbox 409 1667 496 1710; x_wconf 82' lang='lat' dir='ltr'>apud</span> <span class='ocrx_word' id='word_1_183' title='bbox 510 1668 711 1699; x_wconf 87' lang='lat' dir='ltr'>meretricem</span> <span class='ocrx_word' id='word_1_184' title='bbox 726 1668 861 1700; x_wconf 87' lang='lat' dir='ltr'>colloca-</span> 
     </span>
     <span class='ocr_line' id='line_1_28' title="bbox 120 1712 268 1743; baseline 0 0"><span class='ocrx_word' id='word_1_185' title='bbox 120 1719 196 1743; x_wconf 81' lang='lat' dir='ltr'>tam.</span> <span class='ocrx_word' id='word_1_186' title='bbox 228 1712 268 1743; x_wconf 79' lang='grc' dir='ltr'><strong>Ε.</strong></span> 
     </span>
    </p>
   </div>
   <div class='ocr_carea' id='block_1_6' title="bbox 120 1761 867 2237">
    <p class='ocr_par' dir='ltr' id='par_1_7' title="bbox 120 1761 867 2237">
     <span class='ocr_line' id='line_1_29' title="bbox 165 1761 863 1803; baseline -0.001 -9"><span class='ocrx_word' id='word_1_187' title='bbox 165 1764 217 1794; x_wconf 75' lang='lat'>45.</span> <span class='ocrx_word' id='word_1_188' title='bbox 234 1764 280 1794; x_wconf 82' lang='lat' dir='ltr'>Eo</span> <span class='ocrx_word' id='word_1_189' title='bbox 294 1773 373 1793; x_wconf 81' lang='lat' dir='ltr'>nunc</span> <span class='ocrx_word' id='word_1_190' title='bbox 387 1761 557 1803; x_wconf 70' lang='lat' dir='ltr'>confugies]</span> <span class='ocrx_word' id='word_1_191' title='bbox 582 1761 621 1793; x_wconf 90' lang='lat' dir='ltr'>ld</span> <span class='ocrx_word' id='word_1_192' title='bbox 636 1770 695 1798; x_wconf 77' lang='lat' dir='ltr'>est,</span> <span class='ocrx_word' id='word_1_193' title='bbox 710 1762 751 1793; x_wconf 87' lang='lat' dir='ltr'>ad</span> <span class='ocrx_word' id='word_1_194' title='bbox 765 1762 863 1794; x_wconf 84' lang='lat' dir='ltr'>ratio-</span> 
     </span>
     <span class='ocr_line' id='line_1_30' title="bbox 121 1804 865 1847; baseline 0 -10"><span class='ocrx_word' id='word_1_195' title='bbox 121 1816 189 1844; x_wconf 82' lang='lat' dir='ltr'>nes,</span> <span class='ocrx_word' id='word_1_196' title='bbox 205 1816 284 1847; x_wconf 85' lang='lat' dir='ltr'>quas</span> <span class='ocrx_word' id='word_1_197' title='bbox 299 1805 408 1837; x_wconf 85' lang='lat' dir='ltr'>statim</span> <span class='ocrx_word' id='word_1_198' title='bbox 429 1805 544 1837; x_wconf 88' lang='lat' dir='ltr'>callide</span> <span class='ocrx_word' id='word_1_199' title='bbox 566 1804 703 1845; x_wconf 82' lang='lat' dir='ltr'>subjicit.</span> <span class='ocrx_word' id='word_1_200' title='bbox 743 1805 865 1846; x_wconf 84' lang='lat' dir='ltr'>Magna</span> 
     </span>
     <span class='ocr_line' id='line_1_31' title="bbox 120 1848 865 1891; baseline 0 -11"><span class='ocrx_word' id='word_1_201' title='bbox 120 1849 171 1880; x_wconf 79' lang='lat' dir='ltr'>vis</span> <span class='ocrx_word' id='word_1_202' title='bbox 186 1856 235 1880; x_wconf 79' lang='lat' dir='ltr'>est</span> <span class='ocrx_word' id='word_1_203' title='bbox 249 1848 486 1891; x_wconf 70' lang='lat' dir='ltr'>persuasionis:</span> <span class='ocrx_word' id='word_1_204' title='bbox 511 1848 663 1889; x_wconf 86' lang='lat' dir='ltr'>quoniam</span> <span class='ocrx_word' id='word_1_205' title='bbox 686 1858 751 1879; x_wconf 88' lang='lat' dir='ltr'>non</span> <span class='ocrx_word' id='word_1_206' title='bbox 773 1849 865 1890; x_wconf 83' lang='lat' dir='ltr'>prius</span> 
     </span>
     <span class='ocr_line' id='line_1_32' title="bbox 120 1891 866 1933; baseline -0.001 -10"><span class='ocrx_word' id='word_1_207' title='bbox 120 1902 306 1924; x_wconf 77' lang='lat' dir='ltr'>movemus</span> <span class='ocrx_word' id='word_1_208' title='bbox 329 1902 367 1923; x_wconf 83' lang='lat' dir='ltr'>ea</span> <span class='ocrx_word' id='word_1_209' title='bbox 382 1902 453 1932; x_wconf 83' lang='lat' dir='ltr'>quae</span> <span class='ocrx_word' id='word_1_210' title='bbox 476 1891 504 1923; x_wconf 88' lang='lat' dir='ltr'>is</span> <span class='ocrx_word' id='word_1_211' title='bbox 524 1891 745 1933; x_wconf 79' lang='lat' dir='ltr'>responderet,</span> <span class='ocrx_word' id='word_1_212' title='bbox 762 1902 781 1922; x_wconf 88' lang='lat' dir='ltr'>a</span> <span class='ocrx_word' id='word_1_213' title='bbox 802 1902 866 1932; x_wconf 84' lang='lat' dir='ltr'>quo</span> 
     </span>
     <span class='ocr_line' id='line_1_33' title="bbox 121 1934 865 1978; baseline -0.003 -11"><span class='ocrx_word' id='word_1_214' title='bbox 121 1935 243 1977; x_wconf 76' lang='lat' dir='ltr'>aliquid</span> <span class='ocrx_word' id='word_1_215' title='bbox 263 1935 413 1978; x_wconf 85' lang='lat' dir='ltr'>petimus.</span> <span class='ocrx_word' id='word_1_216' title='bbox 444 1935 609 1966; x_wconf 77' lang='lat' dir='ltr'>C.——-Num</span> <span class='ocrx_word' id='word_1_217' title='bbox 629 1936 704 1965; x_wconf 72' lang='lat' dir='ltr'>mihi</span> <span class='ocrx_word' id='word_1_218' title='bbox 717 1937 820 1965; x_wconf 76' lang='lat' dir='ltr'>datum</span> <span class='ocrx_word' id='word_1_219' title='bbox 831 1934 865 1975; x_wconf 88' lang='lat'>?]</span> 
     </span>
     <span class='ocr_line' id='line_1_34' title="bbox 120 1978 866 2020; baseline -0.003 -10"><span class='ocrx_word' id='word_1_220' title='bbox 120 1979 205 2010; x_wconf 83' lang='lat' dir='ltr'>Sane</span> <span class='ocrx_word' id='word_1_221' title='bbox 218 1978 367 2009; x_wconf 86' lang='lat' dir='ltr'>dominus</span> <span class='ocrx_word' id='word_1_222' title='bbox 382 1978 442 2009; x_wconf 88' lang='lat' dir='ltr'>hac</span> <span class='ocrx_word' id='word_1_223' title='bbox 458 1978 667 2020; x_wconf 84' lang='lat' dir='ltr'>responsione</span> <span class='ocrx_word' id='word_1_224' title='bbox 683 1978 731 2008; x_wconf 88' lang='lat' dir='ltr'>uti</span> <span class='ocrx_word' id='word_1_225' title='bbox 746 1984 866 2020; x_wconf 84' lang='lat' dir='ltr'>posset,</span> 
     </span>
     <span class='ocr_line' id='line_1_35' title="bbox 120 2021 867 2062; baseline -0.001 -9"><span class='ocrx_word' id='word_1_226' title='bbox 120 2027 159 2053; x_wconf 86' lang='lat' dir='ltr'>ut</span> <span class='ocrx_word' id='word_1_227' title='bbox 180 2032 247 2053; x_wconf 89' lang='lat' dir='ltr'>non</span> <span class='ocrx_word' id='word_1_228' title='bbox 266 2021 416 2053; x_wconf 85' lang='lat' dir='ltr'>redderet</span> <span class='ocrx_word' id='word_1_229' title='bbox 445 2028 626 2062; x_wconf 86' lang='lat' dir='ltr'>argentum.</span> <span class='ocrx_word' id='word_1_230' title='bbox 664 2021 729 2052; x_wconf 82' lang='lat' dir='ltr'>Sed</span> <span class='ocrx_word' id='word_1_231' title='bbox 754 2031 867 2052; x_wconf 83' lang='lat' dir='ltr'>servus</span> 
     </span>
     <span class='ocr_line' id='line_1_36' title="bbox 120 2063 867 2106; baseline -0.001 -10"><span class='ocrx_word' id='word_1_232' title='bbox 120 2065 256 2097; x_wconf 69' lang='lat' dir='ltr'>callidus</span> <span class='ocrx_word' id='word_1_233' title='bbox 271 2064 429 2096; x_wconf 86' lang='lat' dir='ltr'>occurrit:</span> <span class='ocrx_word' id='word_1_234' title='bbox 454 2065 529 2096; x_wconf 86' lang='lat' dir='ltr'>Non</span> <span class='ocrx_word' id='word_1_235' title='bbox 541 2071 633 2106; x_wconf 85' lang='lat' dir='ltr'>potes</span> <span class='ocrx_word' id='word_1_236' title='bbox 648 2063 764 2102; x_wconf 87' lang='lat' dir='ltr'>dicere,</span> <span class='ocrx_word' id='word_1_237' title='bbox 780 2064 867 2095; x_wconf 81' lang='lat' dir='ltr'>istud</span> 
     </span>
     <span class='ocr_line' id='line_1_37' title="bbox 121 2107 867 2150; baseline -0.001 -11"><span class='ocrx_word' id='word_1_238' title='bbox 121 2118 187 2139; x_wconf 88' lang='lat' dir='ltr'>non</span> <span class='ocrx_word' id='word_1_239' title='bbox 214 2115 247 2139; x_wconf 84' lang='lat' dir='ltr'>te</span> <span class='ocrx_word' id='word_1_240' title='bbox 270 2108 442 2150; x_wconf 86' lang='lat' dir='ltr'>accepisse,</span> <span class='ocrx_word' id='word_1_241' title='bbox 466 2118 570 2149; x_wconf 90' lang='lat' dir='ltr'>reque</span> <span class='ocrx_word' id='word_1_242' title='bbox 591 2107 737 2148; x_wconf 79' lang='lat' dir='ltr'>jussisse,</span> <span class='ocrx_word' id='word_1_243' title='bbox 763 2118 867 2149; x_wconf 88' lang='lat' dir='ltr'>neque</span> 
     </span>
     <span class='ocr_line' id='line_1_38' title="bbox 121 2150 867 2192; baseline -0.001 -9"><span class='ocrx_word' id='word_1_244' title='bbox 121 2151 225 2183; x_wconf 85' lang='lat' dir='ltr'>invito</span> <span class='ocrx_word' id='word_1_245' title='bbox 243 2151 380 2191; x_wconf 83' lang='lat' dir='ltr'>(excidit</span> <span class='ocrx_word' id='word_1_246' title='bbox 400 2157 430 2183; x_wconf 74' lang='lat' dir='ltr'>te</span> <span class='ocrx_word' id='word_1_247' title='bbox 455 2151 508 2191; x_wconf 89' lang='lat' dir='ltr'>Z.)</span> <span class='ocrx_word' id='word_1_248' title='bbox 532 2150 631 2182; x_wconf 83' lang='lat' dir='ltr'>filiam</span> <span class='ocrx_word' id='word_1_249' title='bbox 654 2151 867 2192; x_wconf 86' lang='lat' dir='ltr'>oppignerare</span> 
     </span>
     <span class='ocr_line' id='line_1_39' title="bbox 121 2194 351 2237; baseline 0 -11"><span class='ocrx_word' id='word_1_250' title='bbox 121 2194 275 2237; x_wconf 65' lang='lat' dir='ltr'>potuisse.</span> <span class='ocrx_word' id='word_1_251' title='bbox 312 2195 351 2226; x_wconf 82' lang='lat' dir='ltr'>E.</span> 
     </span>
    </p>
   </div>
   <div class='ocr_carea' id='block_1_7' title="bbox 123 2247 867 2634">
    <p class='ocr_par' dir='ltr' id='par_1_8' title="bbox 123 2247 867 2450">
     <span class='ocr_line' id='line_1_40' title="bbox 166 2247 865 2289; baseline -0.001 -10"><span class='ocrx_word' id='word_1_252' title='bbox 166 2248 217 2282; x_wconf 79' lang='lat'>47.</span> <span class='ocrx_word' id='word_1_253' title='bbox 233 2250 287 2280; x_wconf 74' lang='lat' dir='ltr'>Me</span> <span class='ocrx_word' id='word_1_254' title='bbox 302 2251 396 2280; x_wconf 73' lang='lat' dir='ltr'>invito</span> <span class='ocrx_word' id='word_1_255' title='bbox 410 2250 511 2289; x_wconf 79' lang='lat' dir='ltr'>potuit</span> <span class='ocrx_word' id='word_1_256' title='bbox 520 2247 554 2289; x_wconf 67' lang='lat'>2]</span> <span class='ocrx_word' id='word_1_257' title='bbox 580 2248 660 2279; x_wconf 81' lang='lat' dir='ltr'>Haec</span> <span class='ocrx_word' id='word_1_258' title='bbox 688 2258 748 2289; x_wconf 90' lang='lat' dir='ltr'>pro</span> <span class='ocrx_word' id='word_1_259' title='bbox 764 2248 865 2279; x_wconf 88' lang='lat' dir='ltr'>Chre-</span> 
     </span>
     <span class='ocr_line' id='line_1_41' title="bbox 123 2291 867 2332; baseline -0.001 -9"><span class='ocrx_word' id='word_1_260' title='bbox 123 2298 208 2323; x_wconf 84' lang='lat' dir='ltr'>mete</span> <span class='ocrx_word' id='word_1_261' title='bbox 220 2298 338 2330; x_wconf 80' lang='lat' dir='ltr'>essent,</span> <span class='ocrx_word' id='word_1_262' title='bbox 350 2298 383 2323; x_wconf 85' lang='lat' dir='ltr'>et</span> <span class='ocrx_word' id='word_1_263' title='bbox 393 2294 467 2332; x_wconf 90' lang='lat' dir='ltr'>jure</span> <span class='ocrx_word' id='word_1_264' title='bbox 479 2302 544 2323; x_wconf 93' lang='lat' dir='ltr'>non</span> <span class='ocrx_word' id='word_1_265' title='bbox 558 2297 723 2323; x_wconf 88' lang='lat' dir='ltr'>teneretur</span> <span class='ocrx_word' id='word_1_266' title='bbox 733 2291 867 2322; x_wconf 90' lang='lat' dir='ltr'>reddere</span> 
     </span>
     <span class='ocr_line' id='line_1_42' title="bbox 123 2333 866 2376; baseline -0.001 -10"><span class='ocrx_word' id='word_1_267' title='bbox 123 2333 158 2365; x_wconf 80' lang='lat' dir='ltr'>id</span> <span class='ocrx_word' id='word_1_268' title='bbox 178 2342 356 2376; x_wconf 81' lang='lat' dir='ltr'>argentum.</span> <span class='ocrx_word' id='word_1_269' title='bbox 383 2335 531 2366; x_wconf 84' lang='lat' dir='ltr'>c.—Pr0</span> <span class='ocrx_word' id='word_1_270' title='bbox 551 2346 653 2366; x_wconf 75' lang='lat' dir='ltr'>verm</span> <span class='ocrx_word' id='word_1_271' title='bbox 674 2344 795 2376; x_wconf 87' lang='lat' dir='ltr'>repone</span> <span class='ocrx_word' id='word_1_272' title='bbox 816 2346 866 2366; x_wconf 83' lang='lat' dir='ltr'>ve-</span> 
     </span>
     <span class='ocr_line' id='line_1_43' title="bbox 123 2377 866 2450; baseline 0 -41"><span class='ocrx_word' id='word_1_273' title='bbox 123 2387 180 2450; x_wconf 53' lang='grc' dir='ltr'>τὲ,-</span> <span class='ocrx_word' id='word_1_274' title='bbox 202 2385 239 2409; x_wconf 88' lang='lat' dir='ltr'>ut</span> <span class='ocrx_word' id='word_1_275' title='bbox 252 2378 371 2409; x_wconf 80' lang='lat' dir='ltr'>AdeL&#39;</span> <span class='ocrx_word' id='word_1_276' title='bbox 362 2388 383 2409; x_wconf 87' lang='lat'>1.</span> <span class='ocrx_word' id='word_1_277' title='bbox 402 2380 432 2410; x_wconf 83' lang='lat'>3.</span> <span class='ocrx_word' id='word_1_278' title='bbox 448 2377 587 2419; x_wconf 71' lang='lat' dir='ltr'>Prqsecto</span> <span class='ocrx_word' id='word_1_279' title='bbox 601 2380 654 2409; x_wconf 81' lang='lat' dir='ltr'>hoe</span> <span class='ocrx_word' id='word_1_280' title='bbox 669 2389 737 2409; x_wconf 80' lang='lat' dir='ltr'>vere</span> <span class='ocrx_word' id='word_1_281' title='bbox 751 2380 866 2409; x_wconf 73' lang='lat' dir='ltr'>dicunt.</span> 
     </span>
    </p>

    <p class='ocr_par' dir='ltr' id='par_1_9' title="bbox 125 2462 867 2630">
     <span class='ocr_line' id='line_1_44' title="bbox 166 2462 865 2505; baseline 0.003 -12"><span class='ocrx_word' id='word_1_282' title='bbox 166 2463 219 2493; x_wconf 74' lang='lat'>48.</span> <span class='ocrx_word' id='word_1_283' title='bbox 235 2464 384 2495; x_wconf 67' lang='lat' dir='ltr'>Sanum</span> <span class='ocrx_word' id='word_1_284' title='bbox 396 2462 471 2505; x_wconf 73' lang='lat' dir='ltr'>jus]</span> <span class='ocrx_word' id='word_1_285' title='bbox 496 2464 536 2495; x_wconf 88' lang='lat' dir='ltr'>Id</span> <span class='ocrx_word' id='word_1_286' title='bbox 551 2463 638 2496; x_wconf 86' lang='lat' dir='ltr'>enim</span> <span class='ocrx_word' id='word_1_287' title='bbox 653 2464 737 2505; x_wconf 84' lang='lat' dir='ltr'>quod</span> <span class='ocrx_word' id='word_1_288' title='bbox 755 2463 865 2495; x_wconf 84' lang='lat' dir='ltr'>datum</span> 
     </span>
     <span class='ocr_line' id='line_1_45' title="bbox 126 2505 864 2548; baseline 0.006 -13"><span class='ocrx_word' id='word_1_289' title='bbox 126 2511 184 2542; x_wconf 76' lang='lat' dir='ltr'>est,</span> <span class='ocrx_word' id='word_1_290' title='bbox 200 2505 311 2546; x_wconf 82' lang='lat' dir='ltr'>utique</span> <span class='ocrx_word' id='word_1_291' title='bbox 325 2506 524 2538; x_wconf 88' lang='lat' dir='ltr'>reddendum</span> <span class='ocrx_word' id='word_1_292' title='bbox 540 2514 598 2539; x_wconf 83' lang='lat' dir='ltr'>est.</span> <span class='ocrx_word' id='word_1_293' title='bbox 622 2507 712 2539; x_wconf 87' lang='lat' dir='ltr'>Sed‘</span> <span class='ocrx_word' id='word_1_294' title='bbox 699 2517 773 2548; x_wconf 90' lang='lat' dir='ltr'>Jure</span> <span class='ocrx_word' id='word_1_295' title='bbox 788 2517 864 2539; x_wconf 79' lang='lat' dir='ltr'>cau-</span> 
     </span>
     <span class='ocr_line' id='line_1_46' title="bbox 125 2548 866 2592; baseline 0.003 -13"><span class='ocrx_word' id='word_1_296' title='bbox 125 2554 195 2579; x_wconf 86' lang='lat' dir='ltr'>tum</span> <span class='ocrx_word' id='word_1_297' title='bbox 219 2555 278 2585; x_wconf 80' lang='lat' dir='ltr'>est,</span> <span class='ocrx_word' id='word_1_298' title='bbox 303 2555 341 2580; x_wconf 91' lang='lat' dir='ltr'>ut</span> <span class='ocrx_word' id='word_1_299' title='bbox 356 2548 423 2580; x_wconf 82' lang='lat' dir='ltr'>filia</span> <span class='ocrx_word' id='word_1_300' title='bbox 445 2550 597 2591; x_wconf 79' lang='lat' dir='ltr'>quicquid</span> <span class='ocrx_word' id='word_1_301' title='bbox 622 2550 792 2592; x_wconf 82' lang='lat' dir='ltr'>acceperit,</span> <span class='ocrx_word' id='word_1_302' title='bbox 814 2549 866 2581; x_wconf 86' lang='lat' dir='ltr'>vel</span> 
     </span>
     <span class='ocr_line' id='line_1_47' title="bbox 126 2590 867 2634; baseline 0.004 -13"><span class='ocrx_word' id='word_1_303' title='bbox 126 2590 203 2622; x_wconf 81' lang='lat' dir='ltr'>filiae</span> <span class='ocrx_word' id='word_1_304' title='bbox 217 2591 346 2622; x_wconf 89' lang='lat' dir='ltr'>nomine</span> <span class='ocrx_word' id='word_1_305' title='bbox 357 2592 467 2623; x_wconf 78' lang='lat' dir='ltr'>datum</span> <span class='ocrx_word' id='word_1_306' title='bbox 482 2592 591 2630; x_wconf 80' lang='lat' dir='ltr'>fuerit,</span> <span class='ocrx_word' id='word_1_307' title='bbox 606 2603 678 2634; x_wconf 86' lang='lat' dir='ltr'>quae</span> <span class='ocrx_word' id='word_1_308' title='bbox 695 2593 730 2624; x_wconf 86' lang='lat' dir='ltr'>in</span> <span class='ocrx_word' id='word_1_309' title='bbox 745 2593 867 2624; x_wconf 81' lang='lat' dir='ltr'>familia</span> 
     </span>
    </p>
   </div>
   <div class='ocr_carea' id='block_1_8' title="bbox 905 1321 1654 1751">
    <p class='ocr_par' dir='ltr' id='par_1_10' title="bbox 905 1321 1654 1751">
     <span class='ocr_line' id='line_1_48' title="bbox 908 1321 1652 1364; baseline 0.001 -11"><span class='ocrx_word' id='word_1_310' title='bbox 908 1322 1063 1353; x_wconf 84' lang='lat' dir='ltr'>troversia</span> <span class='ocrx_word' id='word_1_311' title='bbox 1078 1332 1119 1352; x_wconf 86' lang='lat' dir='ltr'>ex</span> <span class='ocrx_word' id='word_1_312' title='bbox 1134 1321 1273 1362; x_wconf 85' lang='lat' dir='ltr'>negotio.</span> <span class='ocrx_word' id='word_1_313' title='bbox 1296 1323 1447 1353; x_wconf 68' lang='lat' dir='ltr'>Summum</span> <span class='ocrx_word' id='word_1_314' title='bbox 1453 1321 1527 1363; x_wconf 74' lang='lat' dir='ltr'>jus]</span> <span class='ocrx_word' id='word_1_315' title='bbox 1544 1322 1652 1364; x_wconf 85' lang='lat' dir='ltr'>Vulgo</span> 
     </span>
     <span class='ocr_line' id='line_1_49' title="bbox 907 1364 1595 1406; baseline -0.001 -9"><span class='ocrx_word' id='word_1_316' title='bbox 907 1365 1035 1402; x_wconf 80' lang='lat' dir='ltr'>dicitur,</span> <span class='ocrx_word' id='word_1_317' title='bbox 1054 1366 1115 1398; x_wconf 72' lang='lat' dir='ltr'>Qui</span> <span class='ocrx_word' id='word_1_318' title='bbox 1130 1366 1203 1404; x_wconf 77' lang='lat' dir='ltr'>plus</span> <span class='ocrx_word' id='word_1_319' title='bbox 1215 1369 1322 1404; x_wconf 71' lang='lat' dir='ltr'>potest,</span> <span class='ocrx_word' id='word_1_320' title='bbox 1340 1364 1430 1406; x_wconf 69' lang='lat' dir='ltr'>pejus</span> <span class='ocrx_word' id='word_1_321' title='bbox 1440 1365 1535 1405; x_wconf 72' lang='lat' dir='ltr'>jacit.</span> <span class='ocrx_word' id='word_1_322' title='bbox 1566 1365 1595 1396; x_wconf 89' lang='lat' dir='ltr'><strong>E</strong></span> 
     </span>
     <span class='ocr_line' id='line_1_50' title="bbox 907 1406 1651 1449; baseline 0.001 -10"><span class='ocrx_word' id='word_1_323' title='bbox 907 1411 965 1440; x_wconf 74' lang='lat' dir='ltr'>Jus</span> <span class='ocrx_word' id='word_1_324' title='bbox 993 1406 1154 1448; x_wconf 69' lang='lat' dir='ltr'>summum]</span> <span class='ocrx_word' id='word_1_325' title='bbox 1179 1407 1348 1438; x_wconf 87' lang='lat' dir='ltr'>Columell.</span> <span class='ocrx_word' id='word_1_326' title='bbox 1379 1407 1502 1449; x_wconf 83' lang='lat' dir='ltr'>prolog.</span> <span class='ocrx_word' id='word_1_327' title='bbox 1524 1408 1578 1440; x_wconf 87' lang='lat' dir='ltr'>lib.</span> <span class='ocrx_word' id='word_1_328' title='bbox 1595 1408 1651 1440; x_wconf 82' lang='lat' dir='ltr'>vii.</span> 
     </span>
     <span class='ocr_line' id='line_1_51' title="bbox 907 1452 1654 1492; baseline 0 -9"><span class='ocrx_word' id='word_1_329' title='bbox 907 1453 974 1483; x_wconf 85' lang='lat' dir='ltr'>Nec</span> <span class='ocrx_word' id='word_1_330' title='bbox 1000 1462 1072 1483; x_wconf 75' lang='lat' dir='ltr'>sane</span> <span class='ocrx_word' id='word_1_331' title='bbox 1094 1456 1140 1482; x_wconf 76' lang='lat' dir='ltr'>est</span> <span class='ocrx_word' id='word_1_332' title='bbox 1162 1452 1374 1482; x_wconf 67' lang='lat' dir='ltr'>vindicandum</span> <span class='ocrx_word' id='word_1_333' title='bbox 1398 1453 1484 1482; x_wconf 70' lang='lat' dir='ltr'>nobis</span> <span class='ocrx_word' id='word_1_334' title='bbox 1508 1454 1654 1492; x_wconf 61' lang='lat' dir='ltr'>quicq-dd</span> 
     </span>
     <span class='ocr_line' id='line_1_52' title="bbox 907 1493 1654 1536; baseline 0 -10"><span class='ocrx_word' id='word_1_335' title='bbox 907 1497 997 1526; x_wconf 75' lang='lat' dir='ltr'>licet:</span> <span class='ocrx_word' id='word_1_336' title='bbox 1018 1505 1088 1525; x_wconf 76' lang='grc' dir='ltr'><strong>ιιαιιι</strong></span> <span class='ocrx_word' id='word_1_337' title='bbox 1112 1505 1256 1525; x_wconf 68' lang='lat' dir='ltr'>eam</span> <span class='ocrx_word' id='word_1_338' title='bbox 1273 1493 1332 1534; x_wconf 74' lang='lat' dir='ltr'>jur</span> <span class='ocrx_word' id='word_1_339' title='bbox 1355 1496 1477 1536; x_wconf 70' lang='lat' dir='ltr'>antiqui</span> <span class='ocrx_word' id='word_1_340' title='bbox 1500 1497 1654 1535; x_wconf 67' lang='lat' dir='ltr'>putabant</span> 
     </span>
     <span class='ocr_line' id='line_1_53' title="bbox 905 1537 1652 1579; baseline 0 -11"><span class='ocrx_word' id='word_1_341' title='bbox 905 1549 1048 1569; x_wconf 77' lang='lat' dir='ltr'>summam</span> <span class='ocrx_word' id='word_1_342' title='bbox 1063 1548 1189 1568; x_wconf 69' lang='lat' dir='ltr'>erucem.</span> <span class='ocrx_word' id='word_1_343' title='bbox 1216 1537 1406 1579; x_wconf 85' lang='lat' dir='ltr'>Hieronym.</span> <span class='ocrx_word' id='word_1_344' title='bbox 1423 1537 1465 1568; x_wconf 88' lang='lat' dir='ltr'>ad</span> <span class='ocrx_word' id='word_1_345' title='bbox 1482 1537 1652 1569; x_wconf 86' lang='lat' dir='ltr'>Innocent.</span> 
     </span>
     <span class='ocr_line' id='line_1_54' title="bbox 906 1580 1654 1622; baseline -0.001 -9"><span class='ocrx_word' id='word_1_346' title='bbox 906 1581 947 1613; x_wconf 91' lang='lat' dir='ltr'>de</span> <span class='ocrx_word' id='word_1_347' title='bbox 973 1580 1109 1613; x_wconf 88' lang='lat' dir='ltr'>muliere</span> <span class='ocrx_word' id='word_1_348' title='bbox 1135 1580 1256 1622; x_wconf 73' lang='lat' dir='ltr'>septies</span> <span class='ocrx_word' id='word_1_349' title='bbox 1279 1580 1362 1611; x_wconf 85' lang='lat' dir='ltr'>icta.</span> <span class='ocrx_word' id='word_1_350' title='bbox 1394 1582 1440 1612; x_wconf 74' lang='lat' dir='ltr'>Et</span> <span class='ocrx_word' id='word_1_351' title='bbox 1466 1592 1485 1612; x_wconf 88' lang='grc' dir='ltr'><strong>ο</strong></span> <span class='ocrx_word' id='word_1_352' title='bbox 1512 1592 1580 1612; x_wconf 73' lang='lat' dir='ltr'>vere</span> <span class='ocrx_word' id='word_1_353' title='bbox 1595 1580 1654 1622; x_wconf 71' lang='lat' dir='ltr'>jus</span> 
     </span>
     <span class='ocr_line' id='line_1_55' title="bbox 905 1625 1653 1664; baseline 0 -8"><span class='ocrx_word' id='word_1_354' title='bbox 905 1636 1059 1661; x_wconf 69' lang='lat' dir='ltr'>sumum,</span> <span class='ocrx_word' id='word_1_355' title='bbox 1074 1635 1189 1655; x_wconf 68' lang='lat' dir='ltr'>mna</span> <span class='ocrx_word' id='word_1_356' title='bbox 1209 1625 1347 1660; x_wconf 69' lang='lat' dir='ltr'>malitia,-</span> <span class='ocrx_word' id='word_1_357' title='bbox 1363 1629 1435 1664; x_wconf 69' lang='lat' dir='ltr'>post</span> <span class='ocrx_word' id='word_1_358' title='bbox 1448 1629 1537 1656; x_wconf 74' lang='lat' dir='ltr'>tanta</span> <span class='ocrx_word' id='word_1_359' title='bbox 1556 1626 1653 1656; x_wconf 69' lang='lat' dir='ltr'>nira-</span> 
     </span>
     <span class='ocr_line' id='line_1_56' title="bbox 905 1667 1654 1709; baseline -0.001 -9"><span class='ocrx_word' id='word_1_360' title='bbox 905 1670 975 1700; x_wconf 75' lang='lat' dir='ltr'><em>cula</em></span> <span class='ocrx_word' id='word_1_361' title='bbox 996 1670 1095 1699; x_wconf 75' lang='lat' dir='ltr'>adhue</span> <span class='ocrx_word' id='word_1_362' title='bbox 1117 1669 1245 1698; x_wconf 68' lang='lat' dir='ltr'>saeoiunt</span> <span class='ocrx_word' id='word_1_363' title='bbox 1266 1669 1355 1708; x_wconf 74' lang='lat' dir='ltr'>leges.</span> <span class='ocrx_word' id='word_1_364' title='bbox 1393 1667 1549 1699; x_wconf 78' lang='lat' dir='ltr'>Menand.</span> <span class='ocrx_word' id='word_1_365' title='bbox 1565 1668 1654 1709; x_wconf 84' lang='lat' dir='ltr'>apud</span> 
     </span>
     <span class='ocr_line' id='line_1_57' title="bbox 906 1678 1654 1751; baseline 0 -8"><span class='ocrx_word' id='word_1_366' title='bbox 906 1711 1079 1748; x_wconf 62' lang='lat' dir='ltr'>stobaeum,</span> <span class='ocrx_word' id='word_1_367' title='bbox 1096 1710 1198 1742; x_wconf 88' lang='lat' dir='ltr'>Serm.</span> <span class='ocrx_word' id='word_1_368' title='bbox 1214 1711 1286 1741; x_wconf 85' lang='grc'><strong>185.</strong></span> <span class='ocrx_word' id='word_1_369' title='bbox 1303 1709 1531 1751; x_wconf 59' lang='lat' dir='ltr'>wopau-rous</span> <span class='ocrx_word' id='word_1_370' title='bbox 1541 1678 1654 1750; x_wconf 77' lang='grc' dir='ltr'><strong><em>νόμους</em></strong></span> 
     </span>
    </p>
   </div>
   <div class='ocr_carea' id='block_1_9' title="bbox 907 1751 1450 1795">
    <p class='ocr_par' dir='ltr' id='par_1_11' title="bbox 907 1751 1450 1795">
     <span class='ocr_line' id='line_1_58' title="bbox 907 1751 1450 1795; baseline -0.002 -9"><span class='ocrx_word' id='word_1_371' title='bbox 907 1753 985 1786; x_wconf 76' lang='grc' dir='ltr'>Δίαν</span> <span class='ocrx_word' id='word_1_372' title='bbox 998 1754 1142 1795; x_wconf 76' lang='grc' dir='ltr'><strong>ἂκριβῶς,</strong></span> <span class='ocrx_word' id='word_1_373' title='bbox 1158 1751 1360 1794; x_wconf 71' lang='grc' dir='ltr'><strong><em>συκοφάντης</em></strong></span> <span class='ocrx_word' id='word_1_374' title='bbox 1374 1753 1450 1794; x_wconf 65' lang='lat' dir='ltr'>«pulv</span> 
     </span>
    </p>
   </div>
   <div class='ocr_carea' id='block_1_10' title="bbox 905 1754 1654 2139">
    <p class='ocr_par' dir='ltr' id='par_1_12' title="bbox 905 1754 1654 2139">
     <span class='ocr_line' id='line_1_59' title="bbox 1450 1754 1597 1785; baseline 0 0"><span class='ocrx_word' id='word_1_375' title='bbox 1450 1765 1528 1785; x_wconf 70' lang='lat' dir='ltr'>erac.</span> <span class='ocrx_word' id='word_1_376' title='bbox 1558 1754 1597 1785; x_wconf 87' lang='lat' dir='ltr'>L.</span> 
     </span>
     <span class='ocr_line' id='line_1_60' title="bbox 951 1796 1653 1838; baseline 0 -10"><span class='ocrx_word' id='word_1_377' title='bbox 951 1799 1058 1828; x_wconf 79' lang='grc' dir='ltr'><strong>50.1ιι</strong></span> <span class='ocrx_word' id='word_1_378' title='bbox 1072 1796 1175 1837; x_wconf 78' lang='lat' dir='ltr'>laum]</span> <span class='ocrx_word' id='word_1_379' title='bbox 1193 1797 1269 1827; x_wconf 89' lang='lat' dir='ltr'>Non</span> <span class='ocrx_word' id='word_1_380' title='bbox 1283 1796 1377 1828; x_wconf 85' lang='lat' dir='ltr'>decet</span> <span class='ocrx_word' id='word_1_381' title='bbox 1388 1807 1474 1834; x_wconf 87' lang='lat' dir='ltr'>eum,</span> <span class='ocrx_word' id='word_1_382' title='bbox 1485 1796 1542 1838; x_wconf 86' lang='lat' dir='ltr'>qui</span> <span class='ocrx_word' id='word_1_383' title='bbox 1555 1796 1653 1828; x_wconf 64' lang='lat' dir='ltr'>lauta!</span> 
     </span>
     <span class='ocr_line' id='line_1_61' title="bbox 908 1839 1654 1881; baseline -0.001 -9"><span class='ocrx_word' id='word_1_384' title='bbox 908 1840 984 1872; x_wconf 78' lang='lat' dir='ltr'>vitae</span> <span class='ocrx_word' id='word_1_385' title='bbox 1006 1840 1051 1872; x_wconf 74' lang='lat' dir='ltr'>sit</span> <span class='ocrx_word' id='word_1_386' title='bbox 1073 1847 1106 1871; x_wconf 86' lang='lat' dir='ltr'>et</span> <span class='ocrx_word' id='word_1_387' title='bbox 1128 1839 1315 1881; x_wconf 66' lang='lat' dir='ltr'>splendidae,</span> <span class='ocrx_word' id='word_1_388' title='bbox 1338 1839 1375 1870; x_wconf 91' lang='lat' dir='ltr'>in</span> <span class='ocrx_word' id='word_1_389' title='bbox 1398 1839 1549 1871; x_wconf 80' lang='lat' dir='ltr'>omnibus</span> <span class='ocrx_word' id='word_1_390' title='bbox 1569 1839 1654 1880; x_wconf 67' lang='lat' dir='ltr'>juris</span> 
     </span>
     <span class='ocr_line' id='line_1_62' title="bbox 908 1882 1654 1925; baseline 0 -10"><span class='ocrx_word' id='word_1_391' title='bbox 908 1884 1048 1925; x_wconf 82' lang='lat' dir='ltr'>rigorem</span> <span class='ocrx_word' id='word_1_392' title='bbox 1063 1884 1244 1914; x_wconf 77' lang='lat' dir='ltr'>observare.</span> <span class='ocrx_word' id='word_1_393' title='bbox 1283 1882 1369 1914; x_wconf 83' lang='lat' dir='ltr'>Nam</span> <span class='ocrx_word' id='word_1_394' title='bbox 1384 1882 1440 1923; x_wconf 88' lang='lat' dir='ltr'>qui</span> <span class='ocrx_word' id='word_1_395' title='bbox 1454 1882 1496 1914; x_wconf 83' lang='lat' dir='ltr'>ad</span> <span class='ocrx_word' id='word_1_396' title='bbox 1510 1893 1654 1924; x_wconf 85' lang='lat' dir='ltr'>unguem</span> 
     </span>
     <span class='ocr_line' id='line_1_63' title="bbox 905 1925 1654 1968; baseline 0 -10"><span class='ocrx_word' id='word_1_397' title='bbox 905 1929 959 1968; x_wconf 74' lang='lat' dir='ltr'>Jus</span> <span class='ocrx_word' id='word_1_398' title='bbox 981 1932 1120 1963; x_wconf 81' lang='lat' dir='ltr'>servant,</span> <span class='ocrx_word' id='word_1_399' title='bbox 1145 1925 1262 1967; x_wconf 81' lang='lat' dir='ltr'>asperi,</span> <span class='ocrx_word' id='word_1_400' title='bbox 1285 1925 1442 1964; x_wconf 82' lang='lat' dir='ltr'>difficiles,</span> <span class='ocrx_word' id='word_1_401' title='bbox 1466 1931 1500 1957; x_wconf 91' lang='lat' dir='ltr'>et</span> <span class='ocrx_word' id='word_1_402' title='bbox 1523 1932 1654 1958; x_wconf 73' lang='lat' dir='ltr'>tenaces</span> 
     </span>
     <span class='ocr_line' id='line_1_64' title="bbox 909 1968 1652 2010; baseline -0.001 -9"><span class='ocrx_word' id='word_1_403' title='bbox 909 1970 1020 2001; x_wconf 86' lang='lat' dir='ltr'>multis</span> <span class='ocrx_word' id='word_1_404' title='bbox 1035 1969 1194 2000; x_wconf 86' lang='lat' dir='ltr'>videntur.</span> <span class='ocrx_word' id='word_1_405' title='bbox 1232 1968 1426 2000; x_wconf 71' lang='lat' dir='ltr'>c.—0nm</span> <span class='ocrx_word' id='word_1_406' title='bbox 1446 1973 1476 2000; x_wconf 73' lang='lat' dir='ltr'>te</span> <span class='ocrx_word' id='word_1_407' title='bbox 1493 1971 1526 2000; x_wconf 72' lang='lat' dir='ltr'>in</span> <span class='ocrx_word' id='word_1_408' title='bbox 1547 1968 1652 2010; x_wconf 70' lang='grc' dir='ltr'><strong>Ιωιαα]</strong></span> 
     </span>
     <span class='ocr_line' id='line_1_65' title="bbox 912 2011 1653 2054; baseline 0 -10"><span class='ocrx_word' id='word_1_409' title='bbox 912 2014 985 2044; x_wconf 86' lang='lat' dir='ltr'>Hoc</span> <span class='ocrx_word' id='word_1_410' title='bbox 1001 2023 1020 2044; x_wconf 82' lang='lat' dir='ltr'><strong>a</strong></span> <span class='ocrx_word' id='word_1_411' title='bbox 1037 2021 1176 2054; x_wconf 82' lang='lat' dir='ltr'>persona</span> <span class='ocrx_word' id='word_1_412' title='bbox 1196 2011 1379 2053; x_wconf 78' lang='lat' dir='ltr'>persuadet,</span> <span class='ocrx_word' id='word_1_413' title='bbox 1394 2011 1503 2054; x_wconf 78' lang='lat' dir='ltr'>potius</span> <span class='ocrx_word' id='word_1_414' title='bbox 1516 2012 1653 2044; x_wconf 85' lang='lat' dir='ltr'>reddere</span> 
     </span>
     <span class='ocr_line' id='line_1_66' title="bbox 910 2054 1654 2098; baseline -0.001 -10"><span class='ocrx_word' id='word_1_415' title='bbox 910 2067 1005 2098; x_wconf 80' lang='lat' dir='ltr'>quam</span> <span class='ocrx_word' id='word_1_416' title='bbox 1021 2065 1149 2097; x_wconf 83' lang='lat' dir='ltr'>negare.</span> <span class='ocrx_word' id='word_1_417' title='bbox 1187 2054 1396 2086; x_wconf 81' lang='lat' dir='ltr'>E.—Versus</span> <span class='ocrx_word' id='word_1_418' title='bbox 1409 2065 1507 2087; x_wconf 72' lang='lat' dir='ltr'>causa</span> <span class='ocrx_word' id='word_1_419' title='bbox 1519 2065 1654 2097; x_wconf 78' lang='lat' dir='ltr'>repone.</span> 
     </span>
     <span class='ocr_line' id='line_1_67' title="bbox 914 2099 1653 2139; baseline -0.001 -8"><span class='ocrx_word' id='word_1_420' title='bbox 914 2099 1653 2139; x_wconf 60' lang='lat' dir='ltr'>Omnesteinlaueameitbeneoeetare&#39;pu-</span> 
     </span>
    </p>
   </div>
   <div class='ocr_carea' id='block_1_11' title="bbox 912 2148 1652 2189">
    <p class='ocr_par' dir='ltr' id='par_1_13' title="bbox 912 2148 1652 2189">
     <span class='ocr_line' id='line_1_68' title="bbox 912 2148 1652 2189; baseline -0.001 -7"><span class='ocrx_word' id='word_1_421' title='bbox 912 2156 988 2182; x_wconf 73' lang='lat' dir='ltr'>tant.</span> <span class='ocrx_word' id='word_1_422' title='bbox 1034 2150 1131 2181; x_wconf 85' lang='lat' dir='ltr'>Certe</span> <span class='ocrx_word' id='word_1_423' title='bbox 1154 2151 1200 2181; x_wconf 77' lang='lat' dir='ltr'>Ee</span> <span class='ocrx_word' id='word_1_424' title='bbox 1214 2148 1401 2189; x_wconf 79' lang='lat' dir='ltr'>absorptum</span> <span class='ocrx_word' id='word_1_425' title='bbox 1416 2154 1467 2180; x_wconf 79' lang='lat' dir='ltr'>est</span> <span class='ocrx_word' id='word_1_426' title='bbox 1477 2149 1519 2180; x_wconf 84' lang='lat' dir='ltr'>ab</span> <span class='ocrx_word' id='word_1_427' title='bbox 1532 2150 1587 2187; x_wconf 74' lang='lat' dir='ltr'>Ee,</span> <span class='ocrx_word' id='word_1_428' title='bbox 1601 2154 1652 2181; x_wconf 83' lang='lat' dir='ltr'>at-</span> 
     </span>
    </p>
   </div>
   <div class='ocr_carea' id='block_1_12' title="bbox 908 2199 1654 2626">
    <p class='ocr_par' dir='ltr' id='par_1_14' title="bbox 910 2199 1654 2363">
     <span class='ocr_line' id='line_1_69' title="bbox 910 2199 1654 2243; baseline -0.004 -10"><span class='ocrx_word' id='word_1_429' title='bbox 910 2212 972 2243; x_wconf 90' lang='lat' dir='ltr'>que</span> <span class='ocrx_word' id='word_1_430' title='bbox 987 2212 1029 2233; x_wconf 86' lang='lat' dir='ltr'>ex</span> <span class='ocrx_word' id='word_1_431' title='bbox 1043 2212 1077 2232; x_wconf 80' lang='lat' dir='ltr'>re</span> <span class='ocrx_word' id='word_1_432' title='bbox 1089 2200 1208 2232; x_wconf 81' lang='lat' dir='ltr'>sactum</span> <span class='ocrx_word' id='word_1_433' title='bbox 1228 2207 1278 2231; x_wconf 85' lang='lat' dir='ltr'>est</span> <span class='ocrx_word' id='word_1_434' title='bbox 1288 2206 1351 2240; x_wconf 78' lang='lat' dir='ltr'>pte.</span> <span class='ocrx_word' id='word_1_435' title='bbox 1399 2199 1559 2231; x_wconf 65' lang='lat' dir='ltr'>Caeterum</span> <span class='ocrx_word' id='word_1_436' title='bbox 1582 2201 1654 2231; x_wconf 74' lang='lat' dir='ltr'>bene</span> 
     </span>
     <span class='ocr_line' id='line_1_70' title="bbox 910 2241 1653 2285; baseline -0.004 -8"><span class='ocrx_word' id='word_1_437' title='bbox 910 2250 1001 2277; x_wconf 75' lang='lat' dir='ltr'><em>aucta</em></span> <span class='ocrx_word' id='word_1_438' title='bbox 1015 2256 1048 2276; x_wconf 87' lang='lat' dir='ltr'>re</span> <span class='ocrx_word' id='word_1_439' title='bbox 1063 2250 1121 2281; x_wconf 86' lang='lat' dir='ltr'>est,</span> <span class='ocrx_word' id='word_1_440' title='bbox 1138 2254 1180 2275; x_wconf 85' lang='lat' dir='ltr'>ex</span> <span class='ocrx_word' id='word_1_441' title='bbox 1200 2253 1344 2285; x_wconf 82' lang='lat' dir='ltr'>paupere</span> <span class='ocrx_word' id='word_1_442' title='bbox 1359 2249 1416 2275; x_wconf 79' lang='lat' dir='ltr'>aut</span> <span class='ocrx_word' id='word_1_443' title='bbox 1432 2241 1588 2274; x_wconf 79' lang='lat' dir='ltr'>mediocri</span> <span class='ocrx_word' id='word_1_444' title='bbox 1602 2241 1653 2274; x_wconf 88' lang='lat' dir='ltr'>di-</span> 
     </span>
     <span class='ocr_line' id='line_1_71' title="bbox 910 2285 1654 2328; baseline -0.004 -8"><span class='ocrx_word' id='word_1_445' title='bbox 910 2288 1009 2320; x_wconf 79' lang='lat' dir='ltr'>vitem</span> <span class='ocrx_word' id='word_1_446' title='bbox 1036 2294 1069 2318; x_wconf 83' lang='lat' dir='ltr'>te</span> <span class='ocrx_word' id='word_1_447' title='bbox 1095 2287 1215 2318; x_wconf 83' lang='lat' dir='ltr'>factum</span> <span class='ocrx_word' id='word_1_448' title='bbox 1242 2296 1322 2318; x_wconf 72' lang='lat' dir='ltr'>ease.</span> <span class='ocrx_word' id='word_1_449' title='bbox 1367 2288 1470 2318; x_wconf 69' lang='lat' dir='ltr'><em>Aucta</em></span> <span class='ocrx_word' id='word_1_450' title='bbox 1491 2285 1654 2328; x_wconf 84' lang='lat' dir='ltr'>reperitur</span> 
     </span>
     <span class='ocr_line' id='line_1_72' title="bbox 910 2330 1226 2363; baseline -0.007 0"><span class='ocrx_word' id='word_1_451' title='bbox 910 2332 945 2363; x_wconf 89' lang='lat' dir='ltr'>in</span> <span class='ocrx_word' id='word_1_452' title='bbox 961 2342 1026 2363; x_wconf 88' lang='lat' dir='ltr'>uno</span> <span class='ocrx_word' id='word_1_453' title='bbox 1126 2341 1155 2361; x_wconf 91' lang='grc' dir='ltr'><strong>ο.</strong></span> <span class='ocrx_word' id='word_1_454' title='bbox 1188 2330 1226 2361; x_wconf 84' lang='grc' dir='ltr'><strong>Β.</strong></span> 
     </span>
    </p>

    <p class='ocr_par' dir='ltr' id='par_1_15' title="bbox 909 2371 1654 2502">
     <span class='ocr_line' id='line_1_73' title="bbox 953 2371 1654 2416; baseline -0.004 -10"><span class='ocrx_word' id='word_1_455' title='bbox 953 2376 1005 2406; x_wconf 87' lang='grc'><strong>51.</strong></span> <span class='ocrx_word' id='word_1_456' title='bbox 1018 2373 1161 2416; x_wconf 79' lang='lat' dir='ltr'>Egomet]</span> <span class='ocrx_word' id='word_1_457' title='bbox 1176 2373 1285 2404; x_wconf 87' lang='lat' dir='ltr'>Senex</span> <span class='ocrx_word' id='word_1_458' title='bbox 1294 2371 1407 2414; x_wconf 78' lang='lat' dir='ltr'>gloriae</span> <span class='ocrx_word' id='word_1_459' title='bbox 1417 2371 1564 2414; x_wconf 83' lang='lat' dir='ltr'>cupidus,</span> <span class='ocrx_word' id='word_1_460' title='bbox 1573 2371 1654 2404; x_wconf 72' lang='lat' dir='ltr'>adeo</span> 
     </span>
     <span class='ocr_line' id='line_1_74' title="bbox 909 2414 1654 2458; baseline -0.003 -8"><span class='ocrx_word' id='word_1_461' title='bbox 909 2417 1049 2450; x_wconf 88' lang='lat' dir='ltr'>flectitur</span> <span class='ocrx_word' id='word_1_462' title='bbox 1076 2417 1182 2449; x_wconf 85' lang='lat' dir='ltr'>verbis</span> <span class='ocrx_word' id='word_1_463' title='bbox 1208 2415 1292 2458; x_wconf 83' lang='lat' dir='ltr'>Syri,</span> <span class='ocrx_word' id='word_1_464' title='bbox 1320 2422 1358 2447; x_wconf 87' lang='lat' dir='ltr'>ut</span> <span class='ocrx_word' id='word_1_465' title='bbox 1382 2415 1424 2446; x_wconf 79' lang='lat' dir='ltr'>ad</span> <span class='ocrx_word' id='word_1_466' title='bbox 1450 2414 1654 2448; x_wconf 77' lang='lat' dir='ltr'>meretricem</span> 
     </span>
     <span class='ocr_line' id='line_1_75' title="bbox 910 2457 1501 2502; baseline -0.007 -9"><span class='ocrx_word' id='word_1_467' title='bbox 910 2472 983 2493; x_wconf 92' lang='lat' dir='ltr'>cum</span> <span class='ocrx_word' id='word_1_468' title='bbox 999 2467 1133 2502; x_wconf 79' lang='lat' dir='ltr'>argento</span> <span class='ocrx_word' id='word_1_469' title='bbox 1147 2459 1299 2491; x_wconf 79' lang='lat' dir='ltr'>festinare</span> <span class='ocrx_word' id='word_1_470' title='bbox 1378 2457 1433 2489; x_wconf 80' lang='lat' dir='ltr'>iat.</span> <span class='ocrx_word' id='word_1_471' title='bbox 1463 2458 1501 2490; x_wconf 90' lang='lat' dir='ltr'>C.</span> 
     </span>
    </p>

    <p class='ocr_par' dir='ltr' id='par_1_16' title="bbox 908 2501 1654 2626">
     <span class='ocr_line' id='line_1_76' title="bbox 953 2501 1654 2544; baseline -0.007 -8"><span class='ocrx_word' id='word_1_472' title='bbox 953 2506 1004 2536; x_wconf 89' lang='lat'>55.</span> <span class='ocrx_word' id='word_1_473' title='bbox 1032 2505 1129 2536; x_wconf 68' lang='lat' dir='ltr'>Simul</span> <span class='ocrx_word' id='word_1_474' title='bbox 1153 2509 1184 2534; x_wconf 79' lang='lat' dir='ltr'>et</span> <span class='ocrx_word' id='word_1_475' title='bbox 1205 2504 1356 2542; x_wconf 54' lang='lat' dir='ltr'>conficiam</span> <span class='ocrx_word' id='word_1_476' title='bbox 1401 2501 1474 2533; x_wconf 82' lang='lat' dir='ltr'>Hoc</span> <span class='ocrx_word' id='word_1_477' title='bbox 1496 2501 1569 2533; x_wconf 83' lang='lat' dir='ltr'>loco</span> <span class='ocrx_word' id='word_1_478' title='bbox 1592 2511 1654 2544; x_wconf 81' lang='lat' dir='ltr'>pro</span> 
     </span>
     <span class='ocr_line' id='line_1_77' title="bbox 908 2544 1652 2595; baseline -0.005 -16"><span class='ocrx_word' id='word_1_479' title='bbox 908 2546 1203 2595; x_wconf 78' lang='lat' dir='ltr'>effi&#39;eiamponimr:</span> <span class='ocrx_word' id='word_1_480' title='bbox 1226 2544 1652 2587; x_wconf 71' lang='lat' dir='ltr'>quosaepiusinbneuig-</span> 
     </span>
     <span class='ocr_line' id='line_1_78' title="bbox 909 2587 1652 2626; baseline -0.004 -3"><span class='ocrx_word' id='word_1_481' title='bbox 909 2591 1094 2623; x_wconf 74' lang='lat' dir='ltr'>nifioetione</span> <span class='ocrx_word' id='word_1_482' title='bbox 1116 2589 1231 2621; x_wconf 89' lang='lat' dir='ltr'>Cicero</span> <span class='ocrx_word' id='word_1_483' title='bbox 1252 2588 1364 2620; x_wconf 86' lang='lat' dir='ltr'>utitur.</span> <span class='ocrx_word' id='word_1_484' title='bbox 1414 2587 1468 2619; x_wconf 84' lang='lat' dir='ltr'>Ab</span> <span class='ocrx_word' id='word_1_485' title='bbox 1487 2587 1560 2626; x_wconf 86' lang='lat' dir='ltr'>boc,</span> <span class='ocrx_word' id='word_1_486' title='bbox 1582 2599 1652 2620; x_wconf 70' lang='lat' dir='ltr'>eon·</span> 
     </span>
    </p>
   </div>
   <div class='ocr_carea' id='block_1_13' title="bbox 124 2630 1651 2726">
    <p class='ocr_par' dir='ltr' id='par_1_17' title="bbox 124 2630 1635 2718">
     <span class='ocr_line' id='line_1_79' title="bbox 125 2630 1483 2682; baseline -0.001 -17"><span class='ocrx_word' id='word_1_487' title='bbox 125 2640 184 2671; x_wconf 75' lang='lat' dir='ltr'>est,</span> <span class='ocrx_word' id='word_1_488' title='bbox 210 2644 275 2665; x_wconf 89' lang='lat' dir='ltr'>non</span> <span class='ocrx_word' id='word_1_489' title='bbox 304 2642 392 2666; x_wconf 77' lang='lat' dir='ltr'>necte</span> <span class='ocrx_word' id='word_1_490' title='bbox 421 2635 532 2667; x_wconf 77' lang='lat' dir='ltr'>datum</span> <span class='ocrx_word' id='word_1_491' title='bbox 558 2635 715 2668; x_wconf 81' lang='lat' dir='ltr'>videatur.</span> <span class='ocrx_word' id='word_1_492' title='bbox 752 2637 867 2678; x_wconf 78' lang='lat' dir='ltr'>Itaque</span> <span class='ocrx_word' id='word_1_493' title='bbox 901 2634 1028 2676; x_wconf 71' lang='lat' dir='ltr'>fictum,</span> <span class='ocrx_word' id='word_1_494' title='bbox 1041 2632 1172 2682; x_wconf 85' lang='lat' dir='ltr'>proprie</span> <span class='ocrx_word' id='word_1_495' title='bbox 1184 2632 1318 2663; x_wconf 87' lang='lat' dir='ltr'>verbum</span> <span class='ocrx_word' id='word_1_496' title='bbox 1329 2630 1483 2662; x_wconf 82' lang='lat' dir='ltr'>convenit</span> 
     </span>
     <span class='ocr_line' id='line_1_80' title="bbox 124 2673 1651 2726; baseline -0.001 -19"><span class='ocrx_word' id='word_1_497' title='bbox 124 2677 266 2726; x_wconf 44' lang='lat' dir='ltr'>aequitas.</span> <span class='ocrx_word' id='word_1_498' title='bbox 273 2683 332 2714; x_wconf 84' lang='lat' dir='ltr'>est,</span> <span class='ocrx_word' id='word_1_499' title='bbox 353 2684 389 2708; x_wconf 91' lang='lat' dir='ltr'>ut</span> <span class='ocrx_word' id='word_1_500' title='bbox 402 2677 547 2710; x_wconf 85' lang='lat' dir='ltr'>debitum</span> <span class='ocrx_word' id='word_1_501' title='bbox 561 2678 642 2710; x_wconf 81' lang='lat' dir='ltr'>solvi</span> <span class='ocrx_word' id='word_1_502' title='bbox 657 2679 792 2716; x_wconf 81' lang='lat' dir='ltr'>debeat,</span> <span class='ocrx_word' id='word_1_503' title='bbox 811 2681 866 2720; x_wconf 86' lang='lat' dir='ltr'>jus</span> <span class='ocrx_word' id='word_1_504' title='bbox 908 2678 998 2709; x_wconf 84' lang='lat' dir='ltr'>ribus</span> <span class='ocrx_word' id='word_1_505' title='bbox 1019 2677 1080 2713; x_wconf 85' lang='lat' dir='ltr'>his,</span> <span class='ocrx_word' id='word_1_506' title='bbox 1096 2675 1151 2717; x_wconf 86' lang='lat' dir='ltr'>qui</span> <span class='ocrx_word' id='word_1_507' title='bbox 1172 2674 1371 2716; x_wconf 73' lang='lat' dir='ltr'>gravissimis</span> <span class='ocrx_word' id='word_1_508' title='bbox 1394 2673 1580 2706; x_wconf 70' lang='lat' dir='ltr'>vulneribus</span> <span class='ocrx_word' id='word_1_509' title='bbox 1596 2685 1651 2706; x_wconf 87' lang='lat' dir='ltr'>oc-</span> 
     </span>
    </p>
   </div>
   <div class='ocr_carea' id='block_1_14' title="bbox 124 2719 866 2804">
    <p class='ocr_par' dir='ltr' id='par_1_18' title="bbox 124 2719 865 2804">
     <span class='ocr_line' id='line_1_81' title="bbox 124 2719 865 2754; baseline 0.004 -4"><span class='ocrx_word' id='word_1_510' title='bbox 124 2727 175 2751; x_wconf 85' lang='lat' dir='ltr'>est</span> <span class='ocrx_word' id='word_1_511' title='bbox 189 2727 226 2751; x_wconf 89' lang='lat' dir='ltr'>ut</span> <span class='ocrx_word' id='word_1_512' title='bbox 240 2719 286 2751; x_wconf 86' lang='lat' dir='ltr'>sic</span> <span class='ocrx_word' id='word_1_513' title='bbox 301 2719 412 2751; x_wconf 81' lang='lat' dir='ltr'>datum</span> <span class='ocrx_word' id='word_1_514' title='bbox 426 2721 587 2752; x_wconf 82' lang='lat' dir='ltr'>reddatur.</span> <span class='ocrx_word' id='word_1_515' title='bbox 625 2721 690 2753; x_wconf 90' lang='lat' dir='ltr'>Sed</span> <span class='ocrx_word' id='word_1_516' title='bbox 708 2721 763 2753; x_wconf 88' lang='lat' dir='ltr'>ille</span> <span class='ocrx_word' id='word_1_517' title='bbox 777 2722 865 2754; x_wconf 86' lang='lat' dir='ltr'>reni-</span> 
     </span>
     <span class='ocr_line' id='line_1_82' title="bbox 125 2763 866 2804; baseline 0.003 -10"><span class='ocrx_word' id='word_1_518' title='bbox 125 2763 205 2795; x_wconf 88' lang='lat' dir='ltr'>titur</span> <span class='ocrx_word' id='word_1_519' title='bbox 220 2774 238 2794; x_wconf 88' lang='lat' dir='ltr'>a</span> <span class='ocrx_word' id='word_1_520' title='bbox 259 2773 354 2794; x_wconf 82' lang='lat' dir='ltr'>causa</span> <span class='ocrx_word' id='word_1_521' title='bbox 370 2763 456 2804; x_wconf 85' lang='lat' dir='ltr'>quod</span> <span class='ocrx_word' id='word_1_522' title='bbox 470 2774 535 2795; x_wconf 88' lang='grc' dir='ltr'><strong>ιιοιι</strong></span> <span class='ocrx_word' id='word_1_523' title='bbox 550 2764 674 2802; x_wconf 84' lang='lat' dir='ltr'>debeat,</span> <span class='ocrx_word' id='word_1_524' title='bbox 690 2771 723 2796; x_wconf 85' lang='lat' dir='ltr'>et</span> <span class='ocrx_word' id='word_1_525' title='bbox 738 2765 775 2796; x_wconf 75' lang='lat' dir='ltr'>fit</span> <span class='ocrx_word' id='word_1_526' title='bbox 788 2775 866 2796; x_wconf 87' lang='lat' dir='ltr'>con-</span> 
     </span>
    </p>
   </div>
   <div class='ocr_carea' id='block_1_15' title="bbox 906 2716 1650 2805">
    <p class='ocr_par' dir='ltr' id='par_1_19' title="bbox 906 2716 1650 2805">
     <span class='ocr_line' id='line_1_83' title="bbox 909 2716 1650 2752; baseline -0.006 1"><span class='ocrx_word' id='word_1_527' title='bbox 909 2722 1099 2752; x_wconf 78' lang='lat' dir='ltr'>cubuenmt.</span> <span class='ocrx_word' id='word_1_528' title='bbox 1143 2718 1258 2749; x_wconf 87' lang='lat' dir='ltr'>Cicero</span> <span class='ocrx_word' id='word_1_529' title='bbox 1282 2717 1318 2748; x_wconf 91' lang='lat' dir='ltr'>in</span> <span class='ocrx_word' id='word_1_530' title='bbox 1342 2716 1516 2749; x_wconf 75' lang='lat' dir='ltr'>Catilium</span> <span class='ocrx_word' id='word_1_531' title='bbox 1538 2717 1573 2749; x_wconf 88' lang='lat' dir='ltr'>ii.</span> <span class='ocrx_word' id='word_1_532' title='bbox 1601 2718 1650 2749; x_wconf 89' lang='lat'>11.</span> 
     </span>
     <span class='ocr_line' id='line_1_84' title="bbox 906 2760 1536 2805; baseline -0.005 -10"><span class='ocrx_word' id='word_1_533' title='bbox 906 2765 1075 2805; x_wconf 75' lang='lat' dir='ltr'>gladiatori</span> <span class='ocrx_word' id='word_1_534' title='bbox 1089 2763 1141 2793; x_wconf 71' lang='lat' dir='ltr'>illa·</span> <span class='ocrx_word' id='word_1_535' title='bbox 1153 2760 1299 2792; x_wconf 84' lang='lat' dir='ltr'>confecto</span> <span class='ocrx_word' id='word_1_536' title='bbox 1313 2765 1346 2792; x_wconf 70' lang='lat' dir='ltr'>et</span> <span class='ocrx_word' id='word_1_537' title='bbox 1358 2762 1468 2793; x_wconf 66' lang='lat' dir='ltr'>mdo.</span> <span class='ocrx_word' id='word_1_538' title='bbox 1497 2760 1536 2792; x_wconf 83' lang='lat' dir='ltr'>C.</span> 
     </span>
    </p>
   </div>
   <div class='ocr_carea' id='block_1_16' title="bbox 1085 3028 1143 3051">
    <p class='ocr_par' dir='ltr' id='par_1_20' title="bbox 1085 3028 1143 3051">
     <span class='ocr_line' id='line_1_85' title="bbox 1085 3028 1143 3051; baseline 0.017 -1"><span class='ocrx_word' id='word_1_539' title='bbox 1085 3028 1143 3051; x_wconf 78' lang='lat' dir='ltr'>UU</span> 
     </span>
    </p>
   </div>
  </div>
 </body>
</html>
