1852 3216
200 105 287 144 xxii
550 102 627 143 DE
654 101 968 143 TRAGOEDIA
999 100 1072 141 ET
1099 100 1395 141 COMOEDIA.

200 190 312 231 Leno
331 189 450 243 pallio
470 190 568 230 varii
587 189 730 230 coloris
748 189 886 229 utitur.
932 188 1133 228 Meretrici
1152 190 1204 228 ob
1218 189 1419 228 avaritiam
1438 187 1588 227 luteum
1606 186 1736 227 datur.

202 246 383 298 Syrmata
400 244 507 284 dicta
523 253 615 284 sunt
633 245 683 283 ab
701 258 761 290 eo,
779 243 887 295 quod
902 243 1109 282 trahuntur
1125 257 1135 281 :
1164 257 1254 295 quae
1273 257 1336 282 res
1350 244 1399 282 ab
1412 243 1565 282 scenica
1582 242 1739 280 luxuria

201 299 381 340 instituta
398 307 471 338 est.
529 297 679 338 Eadem
699 298 737 337 in
756 297 945 337 luctuosis
969 298 1145 349 personis
1163 298 1351 336 incuriam
1371 298 1431 335 sui
1451 310 1521 349 per
1539 296 1740 347 negligen-

203 354 298 393 tiam
332 353 565 406 significant.
622 351 764 391 Aulaea
791 365 948 404 quoque
978 352 1017 390 in
1046 365 1161 390 scena
1188 352 1339 390 intexta
1366 359 1603 395 sternuntur,
1633 349 1739 401 quod

204 408 334 461 pictus
352 416 512 446 ornatus
530 415 627 452 erat,
648 406 720 445 ²ex
748 405 920 445 Attalica
948 405 1072 455 Regia
1099 405 1264 444 Romam
1291 419 1414 456 usque
1442 404 1637 456 perlatus:
1668 417 1741 455 pro

205 463 348 514 quibus
377 461 519 513 siparia
537 470 635 500 aetas
662 460 855 512 posterior
884 459 1046 511 accepit.
1105 459 1177 498 Est
1195 468 1326 498 autem
1355 459 1574 497 ²mimicum
1595 457 1739 502 velum,

205 516 311 567 quod
339 515 485 567 populo
514 514 679 558 obsistit.
700 514 793 552 dum
822 512 1039 551 fabularum
1058 523 1168 552 actus
1197 522 1495 551 commutantur.
1553 511 1742 550 Diverbia

205 570 411 609 histriones
440 569 760 621 pronunciabant.
817 565 980 607 Cantica
1003 580 1098 605 vero
1126 568 1443 618 temperabantur
1470 566 1597 605 modis
1625 579 1701 604 non
1719 579 1743 604 a

204 633 334 676 poeta,
364 623 434 662 sed
451 637 474 662 a
502 623 629 674 perito
653 622 748 660 artis
775 621 936 660 musicae
965 620 1091 659 sactis.
1149 620 1289 671 Neque
1318 621 1419 659 enirn
1448 620 1577 659 omnia
1605 619 1742 657 iisdem

204 678 332 717 modis
353 678 391 716 in
411 690 488 716 uno
508 677 658 715 cantico
677 676 904 726 agebantur,
925 674 993 712 sed
1013 687 1120 725 saepe
1139 675 1311 712 mutatis.
1366 674 1421 713 Ut
1439 674 1657 725 significant
1675 675 1742 724 qui

207 741 287 771 tres
308 744 488 770 numeros
517 731 554 768 in
576 729 780 768 comoediis
809 737 971 780 ponunt.
990 728 1057 779 qui
1087 737 1165 766 tres
1185 730 1385 767 continent
1410 737 1579 766 mutatos
1606 727 1744 765 modos

208 786 348 825 cantici
377 784 493 823 illius.
548 784 629 827 Qui
658 782 882 835 hujusmodi
911 782 1048 820 modos
1075 782 1280 828 faciebant,
1309 795 1451 820 nomen
1480 782 1518 820 in
1555 781 1745 833 principio

206 840 351 879 fabulae
370 848 409 877 et
438 838 639 889 scriptoris
658 846 698 875 et
717 837 858 876 actoris
887 837 1213 887 superponebant.
1272 835 1512 887 Hujusmodi
1532 835 1631 874 adeo
1658 848 1744 873 car-

206 894 311 933 mina
329 893 379 932 ad
408 893 521 931 tibias
542 892 699 936 fiebant,
721 900 764 929 ut
791 891 851 929 his
870 890 1026 935 auditis,
1046 889 1157 928 multi
1187 904 1237 929 ex
1266 889 1412 942 populo
1430 899 1518 928 ante
1537 889 1745 934 discerent,

208 961 326 999 quarn
345 946 516 986 fabulam
536 946 660 984 acturi
688 945 829 984 scenici
849 954 991 990 essent,
1013 958 1129 995 quam
1150 944 1307 983 omnino
1336 944 1622 996 spectatoribus
1650 943 1746 994 ipsis

207 1001 442 1041 antecedens
472 999 608 1039 titulus
645 998 979 1051 pronunciaretur.
1037 999 1268 1050 Agebantur
1295 1007 1424 1037 autem
1454 997 1559 1036 tibiis
1586 997 1746 1049 paribus

208 1065 277 1095 aut
296 1055 521 1107 imparibus,
542 1062 581 1093 et
599 1054 749 1092 dextris
769 1061 836 1091 aut
855 1052 1035 1091 sinistris.
1095 1051 1259 1092 Dextrae
1278 1062 1409 1091 autem
1430 1052 1538 1091 tibiae
1557 1065 1628 1090 sua
1656 1065 1746 1102 gra-

209 1110 329 1149 vitate
348 1109 488 1148 seriam
509 1108 713 1148 comoediae
732 1107 941 1146 dictionem
961 1107 1280 1158 pronunciabant.
1322 1106 1498 1145 Sinistrae
1517 1115 1557 1145 et
1576 1118 1745 1144 serranae

208 1163 397 1203 acuminis
425 1162 583 1202 levitate
597 1162 733 1214 jocum
752 1162 790 1200 in
810 1161 1002 1200 comoedia
1021 1161 1292 1200 ostendebant.
1350 1159 1429 1199 Ubi
1447 1170 1577 1199 autern
1606 1159 1748 1198 dextra

209 1227 250 1257 et
268 1218 423 1257 sinistra
441 1226 528 1256 acta
545 1216 678 1256 fabula
702 1215 998 1261 inscribebatur,
1018 1215 1162 1254 mistim
1185 1215 1268 1268 joci
1287 1223 1327 1254 et
1355 1215 1568 1267 gravitates
1597 1214 1747 1253 denun-

211 1272 431 1311 ciabantur.

502 1519 773 1568 PUBLII
825 1518 1219 1567 TERENTII
1271 1517 1461 1566 VITA

227 1618 364 1657 QUAM
389 1618 418 1651 E
441 1618 616 1651 comen
641 1618 713 1650 MS.
738 1617 1002 1651 OXONIENSI
1028 1616 1302 1650 Dssscnn’sn·
1325 1617 1429 1649 ABR.
1452 1616 1734 1649 Gnoxovws.

212 1718 395 1762 comeus
428 1736 572 1775 genere
610 1722 767 1774 quidem
805 1722 957 1762 exstitit
993 1722 1103 1767 Afer,
1138 1722 1234 1761 civis
1266 1735 1360 1761 vero
1392 1721 1750 1774 Carthaginiensis:

213 1777 396 1830 Scipione
424 1786 555 1816 autem
582 1786 780 1816 remeante
801 1777 948 1816 victore
977 1775 1213 1827 Carthagine
1233 1776 1282 1815 ad
1301 1777 1437 1815 urbem
1467 1775 1632 1815 Romam
1662 1784 1753 1828 post

213 1831 523 1870 interfectionem
548 1830 792 1876 Hannibalis,
814 1831 886 1870 iste
906 1831 971 1882 qui
993 1844 1081 1870 cum
1101 1830 1186 1869 aliis
1213 1830 1346 1869 multis
1364 1828 1752 1882 Carthaginiensibus

214 1885 517 1937 comprehensus
555 1886 695 1929 fuerat.
727 1894 816 1924 ante
852 1898 1009 1924 currum
1040 1885 1233 1937 Scipionis
1269 1884 1400 1937 ligatis
1432 1893 1540 1923 retro
1572 1884 1752 1923 manibus

213 1939 383 1978 minatus
403 1948 475 1986 est,
497 1948 540 1978 ut
560 1939 750 1991 captivus,
770 1938 839 1978 sed
859 1953 1015 1978 currum
1036 1938 1139 1978 illius
1186 1938 1324 1977 ileatus
1351 1946 1613 1991 prosequutus
1632 1948 1693 1976 est
1714 1939 1751 1976 in

215 1994 366 2039 urbem,
387 1993 493 2045 quod
512 2002 595 2032 erat
623 1993 662 2032 in
690 1994 845 2045 signum
873 1993 1077 2032 libertatis.
1138 1953 1241 2031 bi’am
1261 1993 1484 2044 quicunque
1508 1992 1752 2044 captivorum

213 2061 238 2086 a
266 2047 414 2087 victore
441 2047 622 2087 libertate
652 2048 857 2099 potiretur,
887 2046 1034 2100 pileum
1063 2047 1102 2086 in
1132 2048 1259 2099 capite
1286 2047 1435 2086 habens
1462 2060 1618 2085 currum
1649 2046 1752 2085 illius

213 2102 549 2154 prosequebatur3
580 2111 623 2140 ut
637 2103 740 2140 enim
759 2115 782 2140 a
798 2102 978 2154 Scipione
992 2101 1146 2153 agnitus
1165 2111 1226 2140 est
1244 2100 1395 2140 liberali
1414 2100 1581 2152 ingenio,
1598 2101 1753 2152 sapien-

215 2156 269 2194 tia
288 2155 440 2202 florere,
462 2156 501 2195 in
520 2165 627 2195 tanto
647 2156 805 2201 honore,
826 2164 934 2195 tanta
952 2156 1077 2208 gratia
1090 2155 1194 2208 apud
1214 2168 1302 2194 eum
1322 2154 1477 2193 habitus
1492 2164 1564 2198 cst,
1585 2167 1751 2206 praeser-

215 2209 284 2248 tim
305 2223 392 2248 cum
421 2209 553 2249 liberis
581 2210 823 2262 genitoribus
848 2219 957 2249 ortus
979 2218 1095 2255 esset,
1115 2219 1157 2248 ut
1177 2209 1212 2247 ei
1232 2208 1394 2248 eandem
1421 2208 1639 2247 libertatem
1661 2222 1752 2247 con-

214 2263 383 2308 cederet,
421 2273 539 2316 atque
577 2265 676 2303 inter
713 2263 948 2303 domesticos
984 2277 1075 2302 suos
1110 2263 1349 2315 praecipuam
1382 2262 1683 2301 familiaritatem
1718 2263 1753 2301 ci

215 2317 391 2357 donaret.
441 2318 579 2358 Romae
591 2327 722 2357 autem
737 2317 830 2356 dum
847 2327 1077 2362 moraretur.
1097 2327 1136 2356 et
1154 2316 1304 2356 videret
1323 2317 1547 2368 frequenter
1565 2315 1753 2368 populum

214 2372 252 2410 in
282 2372 475 2411 theatrum
504 2372 553 2411 ad
581 2371 846 2424 spectaculum
875 2372 1104 2415 convenirez
1144 2385 1190 2410 ea
1219 2371 1365 2410 ratione
1394 2380 1512 2422 atque
1541 2370 1754 2409 intentione

214 2438 379 2465 exorsus
406 2435 467 2465 cst
502 2426 733 2465 comoediam
767 2426 950 2471 scribere,
983 2434 1027 2464 ut
1059 2424 1205 2477 populo
1235 2424 1500 2464 recitationem
1535 2424 1754 2463 fabularum

215 2493 371 2519 suarum
386 2480 592 2527 conferret,
607 2480 760 2532 sibique
775 2493 863 2519 eum
880 2479 1103 2519 conciliaret
1118 2494 1127 2517 ε
1157 2478 1225 2518 sed
1240 2492 1359 2531 quum
1378 2479 1590 2531 coepissent
1611 2478 1754 2518 sabulae

213 2533 298 2586 ejus
334 2534 503 2579 recitari.
538 2534 652 2586 longe
682 2533 795 2573 aliter
824 2533 951 2573 visum
984 2542 1056 2578 est,
1089 2547 1205 2586 quam
1239 2542 1444 2585 sperasset,
1484 2533 1576 2584 quia
1611 2533 1755 2571 multos

213 2587 376 2626 aemulos
396 2598 555 2641 propter
574 2589 647 2627 hoc
667 2597 801 2627 contra
820 2602 861 2627 sc
882 2588 1081 2632 excitavit,
1096 2588 1162 2639 qui
1182 2586 1267 2639 ejus
1280 2587 1385 2627 dicta
1405 2587 1752 2639 reprehendebant.

214 2642 377 2694 Scripsit
415 2652 544 2682 autem
584 2642 817 2682 nitidissimo
854 2641 946 2682 stilo
979 2655 1050 2681 sex
1086 2640 1250 2688 fabulas,
1285 2655 1335 2680 cx
1367 2655 1599 2693 unaquaque
1635 2655 1755 2680 unum

259 2727 269 2748 ¹
294 2728 344 2759 13ae
359 2729 497 2759 Auum-n
516 2727 631 2770 Regia]
656 2727 712 2760 Sil.
739 2727 882 2765 ltalicus,
905 2727 959 2760 lib.
1004 2730 1037 2759 in
1059 2730 1174 2769 sipario
1188 2729 1323 2759 mih-a
1345 2730 1426 2765 loeis,
1442 2733 1496 2759 aut
1512 2729 1624 2759 nudu-
1639 2739 1705 2759 m
1723 2731 1756 2759 iu

212 2770 447 2813 xia—queque
472 2774 618 2803 Attalicis
640 2774 762 2804 variata
782 2782 839 2813 per
865 2777 962 2804 arte-
1005 2782 1106 2809 κενου,
1119 2777 1174 2803 one
1186 2773 1225 2802 ab
1233 2774 1339 2803 amicis
1353 2774 1517 2803 rede-tn·
1532 2783 1570 2803 es
1581 2774 1650 2803 elea
1662 2774 1753 2812 peu-

213 2815 332 2846 Anlaet‘u
346 2815 521 2845 neribus-eur
534 2827 599 2847 aen.
1005 2817 1087 2847 une.
1135 2814 1215 2847 Hac
1242 2815 1354 2847 eadem
1385 2825 1448 2847 vox
1477 2814 1677 2847 minuend-
1706 2822 1758 2846 est

257 2858 270 2878 ¹
290 2856 443 2888 Min-icum
458 2857 570 2899 velum]
598 2858 677 2890 nme
693 2868 769 2890 vcra
784 2865 833 2891 cst
854 2857 961 2890 lectio.
1007 2858 1121 2891 Servio
1150 2858 1184 2891 in
1211 2859 1329 2898 Georg.
1359 2858 1472 2901 virgil.
1507 2858 1579 2890 vid.
1610 2858 1693 2890 rm.
1723 2865 1756 2889 et

215 2900 313 2951 Apul.
326 2902 478 2950 Siparis-u
493 2904 640 2933 nimicu-
651 2904 804 2934 di'moueto.
837 2902 962 2939 Quinc·
1007 2901 1156 2935 Juvenal.
1183 2902 1352 2935 Scholiast.
1376 2902 1418 2935 ad
1445 2903 1549 2944 Satyr.
1570 2903 1600 2935 8.
1630 2909 1664 2934 et
1690 2901 1755 2934 alii.

214 2944 317 2977 tilian.
340 2943 394 2976 lib.
419 2944 459 2976 vi.
482 2955 552 2988 cap.
570 2947 598 2977 4.
625 2947 698 2977 Cum
719 2946 786 2988 eju
807 2950 966 2979 mum
1011 2944 1047 2978 L.
