1852 3216
74 149 215 178 sctum
236 135 286 190 1.]

657 134 1000 178 ADELPHI.

1506 141 1593 183 389

128 226 267 267 Recte
297 222 464 281 aedepol
491 239 632 280 spero.
691 224 766 268 So.
793 225 932 268 Modo
961 226 1149 279 dolores,
1170 243 1264 271 mea
1289 236 1354 280 tu,
1374 229 1591 286 occipiunt

212 289 454 346 primulum.

125 355 206 397 CA.
229 355 328 397 Jam
346 369 460 397 nunc
485 355 622 407 times,
642 356 766 411 quasi
791 371 1007 413 nunquam
1033 357 1224 411 affueris,
1251 374 1468 416 nunquam
1498 367 1591 404 tute

209 421 444 476 pepereris.

127 485 203 528 So.
236 485 444 528 Miseram
472 488 564 529 me!
595 487 803 529 neminem
831 486 997 530 habeo:
1030 488 1131 531 solae
1163 506 1332 534 sumus:
1370 492 1488 535 Geta
1516 508 1591 535 au-

212 558 297 593 tem
315 551 385 593 hic
406 566 491 593 non
511 552 658 594 adest:

89 621 109 651 5
126 617 223 660 Nec
243 632 370 673 quem
383 618 438 660 ad
456 618 727 660 obstetricem
738 618 914 670 mittam,
928 634 1006 662 nec
1020 620 1093 676 qui
1110 630 1299 664 arcessat
1315 622 1588 667 AEschinum.

125 683 206 726 CA.
230 683 311 725 Pol
331 684 367 725 is
387 684 559 739 quidem
572 685 662 740 jam
681 684 751 727 hic
771 685 931 727 aderit:
963 701 1059 728 nam
1078 702 1294 743 nunquam
1311 704 1442 732 unum
1461 690 1592 733 inter-

209 749 337 791 mittit
357 750 484 800 diem,

68 865 148 897 fides
160 865 221 897 sit:
246 865 446 907 eundemque
461 866 601 897 laborem
617 871 650 897 et
664 866 805 898 dolorem

68 919 139 940 esse
155 919 196 941 ex
210 908 297 940 falsis
312 916 345 941 et
359 909 444 940 veris
458 909 560 940 malis.
590 910 725 947 Obsecro,
741 921 806 941 mea

68 957 102 982 tu
123 951 245 993 nutris]
269 952 418 983 Personae
439 958 495 983 aut
516 951 583 983 suis
612 952 728 990 verbis,
751 959 807 984 aut

67 994 203 1026 aliorum
220 995 433 1026 insinuantur.
479 995 530 1026 Ex
552 995 638 1026 suis:
668 1002 705 1026 ut
720 1006 805 1027 nunc

67 1048 205 1080 persona
226 1038 386 1069 Sostratae.
432 1038 483 1069 Ex
504 1037 639 1069 alienis:
670 1044 707 1069 ut
729 1039 804 1070 AEs-

66 1081 154 1112 chini
184 1091 320 1123 persona
350 1091 391 1113 ex
422 1081 574 1113 Micionis
599 1081 743 1113 oratione
769 1092 806 1114 ac

67 1124 208 1155 Demeae.
258 1126 394 1162 Obsecro,
424 1136 489 1156 mea
520 1130 552 1155 tu
583 1124 703 1166 nutris]
733 1126 807 1157 Mea

65 1177 151 1198 nunc
166 1177 226 1209 pro
239 1167 459 1199 blandimento
469 1167 609 1210 ponitur.
636 1170 718 1202 Quid
730 1180 808 1200 nunc

58 1212 115 1250 fiet
130 1210 163 1252 Ρ]
194 1210 381 1252 Imploratio
403 1218 452 1242 est
480 1211 583 1253 magis
603 1211 803 1254 trepidantis,

65 1264 160 1294 quam
176 1254 334 1295 ignoratio
349 1260 382 1285 et
400 1254 618 1295 interrogatio.
656 1255 805 1296 Namque

67 1296 155 1328 illius
177 1297 287 1328 nutrix
309 1304 367 1335 est,
380 1297 500 1339 quippe
515 1297 641 1328 anicula
657 1304 725 1329 est:
749 1299 806 1330 sed

66 1340 242 1382 sapientior
260 1340 371 1371 nutrix
393 1347 451 1376 est,
470 1350 565 1381 quam
587 1340 715 1372 domina
738 1351 804 1372 sua.

68 1383 180 1425 Ipsum
203 1383 299 1414 etiam
322 1383 406 1424 quod
428 1383 516 1419 dicit,
537 1386 650 1420 nutrix,
673 1383 804 1415 honori-

67 1426 163 1457 ficum
179 1432 237 1457 est.
277 1427 331 1462 Ut,
348 1427 423 1457 AEn.
439 1426 482 1457 iv.
500 1427 572 1457 634.
596 1429 715 1458 Annam
733 1438 806 1458 cara

66 1472 140 1500 mihi
154 1472 268 1506 nutrix,
284 1472 341 1500 huo
355 1472 428 1501 siste
442 1481 578 1501 sororem.
619 1470 701 1501 Sunt
720 1470 805 1501 enim

67 1512 198 1544 nomina
221 1512 262 1543 ad
288 1512 418 1553 aliquid,
440 1512 512 1544 Vid.
529 1512 624 1550 infra,
638 1512 683 1544 iii.
701 1515 730 1544 4.
757 1514 805 1544 10.

66 1556 181 1596 quibus
207 1566 266 1587 nos
291 1562 399 1587 tamen
424 1556 560 1587 velimus
590 1557 630 1587 ab
659 1556 806 1588 omnibus

66 1599 231 1641 appellari,
249 1607 284 1630 ut
305 1601 459 1640 magister,
474 1601 605 1630 medicus
620 1605 730 1631 orator.
763 1600 805 1631 D.

66 1644 248 1679 *Obsecrffi
264 1654 329 1674 mea
343 1641 464 1683 nutrix]
490 1643 570 1673 Haec
593 1653 689 1674 scena
710 1649 806 1674 aestus

66 1685 162 1716 habet
183 1692 215 1716 et
230 1685 385 1726 querelas,
402 1685 485 1726 quod
506 1684 621 1717 mulier
638 1686 805 1727 parturiat,

67 1739 162 1769 quam
179 1728 353 1760 AEschinus
368 1729 564 1770 compressit,
582 1735 613 1759 et
627 1729 723 1760 bodie
739 1740 803 1760 non

66 1771 201 1810 venerit,
217 1772 302 1812 quod
317 1772 459 1814 rapuerit
481 1771 680 1803 meretricem
703 1773 803 1804 fratri.

68 1815 258 1855 E.—Vulgo
278 1817 359 1849 Quid
369 1817 426 1854 fiet
442 1818 556 1856 rogas?
579 1815 642 1846 Sed
657 1816 806 1847 meliores

66 1858 138 1888 libri
159 1860 241 1892 Quid
246 1860 307 1898 fiat
321 1870 347 1889 r.
376 1859 413 1889 B.

111 1903 140 1932 2.
165 1903 254 1932 Modo
275 1904 397 1939 dolores,
419 1913 484 1932 mea
506 1907 549 1939 tu,
568 1904 717 1941 occipiunt
734 1904 801 1941 pri-

66 1944 193 1985 mulum]
206 1945 383 1976 Evidenter
394 1945 446 1975 hic
461 1947 544 1975 modo
558 1945 710 1986 temporis
721 1955 803 1986 prae-

66 1987 168 2019 sentis
182 1988 368 2019 adverbium
384 1994 442 2019 est.
482 1988 526 2019 Et
542 1998 653 2019 rursus
674 1999 738 2019 mea
761 1994 803 2026 tu,

66 2030 320 2062 blandimentum
336 2038 404 2062 est:
429 2031 498 2062 sine
514 2042 576 2071 quo
592 2042 657 2062 non
673 2041 802 2073 progre-

66 2074 153 2105 ditur
174 2074 367 2115 colloquium
389 2074 588 2111 feminarum,
611 2081 643 2105 et
664 2074 804 2106 maxime

66 2118 305 2159 trepidantium.
330 2117 514 2158 Primulam]
532 2117 673 2155 Initium,
687 2124 720 2149 et
734 2118 804 2159 ipsa

67 2160 156 2202 origo
185 2161 341 2199 dolorum,
368 2161 558 2192 diminutive
588 2161 805 2192 demonstrata

67 2210 126 2235 est.
165 2205 240 2236 Non
253 2205 340 2236 enim
350 2207 491 2244 primum,
508 2204 564 2235 sed
577 2206 739 2244 primulum
754 2204 803 2235 di-

66 2246 120 2278 cit.
138 2248 358 2286 D.-Dolores,
368 2253 485 2285 meatu,
498 2247 663 2288 occipiunt]
676 2249 747 2278 Mea
759 2253 802 2285 tu,

66 2289 134 2321 haec
154 2290 344 2332 pronomina
366 2291 620 2322 benevolentiam
644 2290 804 2322 audientis

67 2340 257 2365 mercantur.
295 2336 463 2365 Primulum
477 2344 564 2369 vern.
580 2334 804 2365 adverbialiter

67 2375 121 2406 ait.
143 2377 387 2417 E.-—Oceipiunt
393 2376 571 2418 primulum]
581 2377 677 2408 Prisc.
685 2377 738 2408 lib.
749 2387 801 2408 xv.

70 2418 107 2449 L.
119 2419 199 2450 Tan.
212 2419 313 2450 Faber
328 2421 423 2451 verba
435 2422 729 2461 modo—primulum,
739 2420 803 2462 ipsi

68 2471 192 2502 quoque
208 2463 377 2494 Cantharae
398 2463 567 2495 tribuenda
587 2470 689 2504 putat,
706 2470 742 2494 ut
763 2464 802 2494 il-

68 2503 133 2541 lud,
156 2516 220 2535 mea
242 2510 284 2542 tu,
312 2506 435 2537 ancillae
456 2506 684 2538 reblandientis
706 2507 802 2544 herae,

69 2558 139 2587 quae
154 2554 228 2578 ante
244 2547 369 2579 dixerat
382 2560 447 2580 mea
460 2552 574 2581 viatrix.
613 2550 658 2581 At
672 2549 802 2581 fallitur.

70 2590 155 2621 Nam
178 2590 266 2628 illud,
287 2602 352 2622 mea
374 2597 417 2628 tu,
432 2591 619 2624 familiarius
635 2600 694 2631 est,
710 2603 804 2634 quam

68 2641 104 2664 ut
127 2644 146 2665 a
167 2643 259 2664 serva
284 2634 325 2664 ad
351 2634 511 2666 dominam
541 2635 674 2667 dicatur.
720 2637 804 2668 Nam

68 2676 119 2707 vel
141 2687 235 2718 pares
256 2676 369 2707 dicunt
392 2689 457 2708 mea
478 2683 521 2716 tu,
543 2678 595 2709 vel
615 2678 743 2719 dignior
764 2679 804 2710 ad

69 2719 262 2751 inferiorem.
295 2720 332 2750 B.

111 2765 140 2794 3.
155 2765 225 2794 Jam
240 2774 318 2794 nunc
333 2765 426 2800 times,
443 2765 529 2804 quasi
543 2774 691 2804 nunquam
706 2766 802 2804 affue-

67 2808 120 2843 ris,
146 2818 296 2847 nunquam
323 2811 386 2837 tute
409 2805 576 2847 pepereris]
609 2806 711 2838 Docte
740 2807 804 2838 duo

66 2849 243 2891 proposuit,
259 2849 373 2890 quibus
388 2848 590 2891 experientes
604 2849 804 2891 scientesque

67 2902 174 2924 rerum
198 2903 318 2929 sumus,
340 2892 451 2923 videre
473 2899 506 2922 et
525 2891 603 2933 pati.
648 2892 803 2934 Virgilius

67 2935 123 2974 sic,
136 2936 211 2967 AEn.
224 2935 257 2967 ii.
271 2937 466 2977 5.——-quoeque
476 2937 539 2975 ipse
547 2937 714 2967 miserrima
724 2938 804 2968 uidi.-

68 2980 111 3010 Ee
132 2990 255 3021 quorum
273 2990 348 3020 pars
368 2990 477 3020 magna
489 2977 551 3019 sui.
600 2980 675 3011 Tute
696 2985 804 3011 autem

848 878 907 909 pro
922 873 956 900 tu
967 880 976 898 .-
999 867 1158 910 παρέλκον
1166 875 1223 907 est,
1240 871 1325 911 quod
1335 873 1354 892 ‘
1367 870 1514 903 recitatu.
1545 872 1591 904 Et

849 910 926 942 facit
941 911 1046 951 (Quod
1059 915 1087 943 si
1101 916 1316 951 resciscitatur,
1324 914 1408 955 facit
1423 915 1494 946 edd.
1512 922 1592 947 vett.

849 959 922 992 tute,
946 962 979 985 et
1000 960 1132 993 tutemet,
1149 962 1182 987 et
1204 959 1398 997 tutemetipse.
1427 959 1591 1000 Nunquam

849 1002 913 1028 tute
920 997 1090 1038 pepereris]
1100 998 1183 1030 Vide
1188 1000 1447 1040 προπαρασκευὴν
1452 1001 1587 1033 doloris:

848 1039 930 1071 nihil
951 1040 1028 1072 mali
1043 1041 1147 1073 adhuc
1170 1049 1313 1073 secutum
1336 1050 1393 1082 est,
1413 1050 1445 1075 et
1459 1046 1527 1085 jam
1543 1045 1589 1076 sic

849 1084 996 1115 turbatur
1019 1085 1170 1116 Sostrata.
1201 1085 1407 1128 D.—-Times]
1426 1087 1534 1118 Facile
1549 1087 1589 1119 il-

849 1126 914 1158 lam
936 1127 1062 1159 solatur
1077 1138 1148 1168 qua·
1163 1127 1267 1160 virum
1283 1137 1417 1171 experta
1438 1130 1490 1168 sit,
1506 1137 1543 1162 ut
1557 1138 1591 1162 et

849 1170 1389 1212 pepereritetparturientiaffuerit.
1413 1173 1589 1205 E.—Nun-

847 1224 936 1253 quam
951 1219 1014 1245 tute
1025 1214 1195 1256 pepereris]
1213 1215 1253 1247 V.
1270 1216 1306 1247 C.
1319 1219 1476 1256 peperisti.
1507 1217 1590 1249 L.—

849 1256 1039 1298 Elegantius
1054 1258 1122 1289 cod.
1141 1258 1315 1297 petrensis,
1340 1262 1427 1301 quasi
1444 1272 1590 1302 nusquam

848 1300 982 1339 affueris.
1014 1300 1051 1331 B.

892 1343 922 1373 4.
945 1344 1090 1375 Miseram
1105 1355 1150 1375 me
1160 1343 1191 1385 J]
1216 1345 1386 1386 Proprium
1402 1353 1452 1378 est
1473 1347 1587 1378 mulie-

848 1395 919 1416 rum
935 1396 1033 1426 quum
1055 1386 1239 1427 loquuntur,
1260 1395 1316 1419 aut
1335 1388 1407 1420 aliis
1429 1389 1587 1421 blandiri:

848 1434 894 1466 ut,
910 1430 1039 1467 Annam,
1053 1441 1126 1461 cara
1142 1433 1214 1461 mihi
1224 1434 1337 1468 nutrix,
1353 1434 1411 1463 huc
1420 1435 1493 1464 siste
1507 1445 1587 1465 soro-

848 1483 919 1502 rem.
964 1472 1033 1504 Aut
1054 1483 1089 1504 se
1110 1473 1348 1511 commiserari3
1376 1483 1421 1512 ut,
1445 1476 1520 1508 AEn.
1544 1477 1587 1508 iv.

849 1516 1082 1547 420.—miserae
1104 1518 1158 1547 hoc
1180 1522 1278 1548 tamen
1299 1529 1389 1549 unum
1407 1521 1590 1560 Exsequere,

848 1560 949 1596 Anna,
964 1561 1047 1590 mihi.
1093 1559 1179 1591 Nam
1200 1560 1269 1591 haec
1289 1561 1397 1592 omnia
1419 1562 1589 1595 muliebria

848 1608 933 1638 sunt,
957 1601 1071 1642 quibus
1093 1613 1152 1644 pro
1174 1603 1267 1635 malis
1290 1603 1475 1645 ingentibus
1497 1607 1588 1647 quasi

849 1644 883 1675 in
908 1655 1058 1676 acervum
1086 1646 1278 1687 rediguntur
1299 1653 1332 1678 et
1358 1656 1589 1681 enumerantur

849 1687 970 1719 nullius
982 1689 1136 1720 momenti
1148 1690 1295 1731 querelae.
1312 1692 1467 1723 Neminem
1476 1693 1587 1734 habeo]

848 1731 934 1766 Quid
944 1731 1030 1763 enim
1040 1742 1121 1773 opus
1131 1740 1179 1764 est
1189 1734 1201 1763 2
1225 1739 1281 1765 aut
1289 1744 1347 1765 cur
1355 1745 1441 1766 nunc
1451 1736 1586 1776 quaeris?

848 1775 1004 1806 Neminem
1023 1777 1135 1807 habeo.-
1157 1778 1227 1807 solae
1241 1776 1358 1817 sumus]
1383 1778 1588 1810 Muliebriter

848 1817 1001 1857 queritur,
1032 1826 1065 1850 et
1091 1829 1132 1849 ex
1154 1819 1395 1861 perturbatione
1420 1832 1478 1853 sua
1501 1823 1587 1853 aesti-

849 1870 950 1898 mans,
977 1867 1066 1892 metu
1089 1861 1192 1893 multa
1211 1862 1287 1893 facit
1311 1873 1358 1900 ea,
1388 1874 1460 1904 quae
1485 1875 1588 1906 pauca

847 1910 931 1934 sunt.
977 1905 1053 1935 Solae
1076 1904 1193 1946 sumas]
1222 1905 1395 1946 Nunquam
1420 1907 1588 1948 pluraliter

847 1948 916 1977 soloe
933 1945 1056 1987 (Verba
1070 1950 1140 1978 solae
1155 1959 1178 1979 s.
1195 1960 1223 1979 n.
1238 1960 1271 1988 p.
1289 1950 1318 1980 S.
1335 1956 1422 1981 recte
1437 1951 1553 1982 absunt
1567 1962 1587 1983 a

847 1989 937 2020 codd.
954 1990 1060 2030 vett).
1100 1992 1177 2022 Solae
1193 1991 1310 2032 sumus]
1329 1992 1436 2028 Quum
1452 1994 1512 2026 hoc
1527 2005 1586 2026 no-

847 2043 921 2063 men
937 2032 1168 2074 singularitatis
1180 2034 1232 2071 sit,
1244 2035 1325 2066 mire
1334 2038 1403 2067 solae
1442 2036 1587 2070 lui-aliter

847 2075 938 2107 dixit.
983 2078 1062 2108 Geta
1076 2082 1176 2108 autem
1190 2079 1239 2108 bic
1253 2089 1310 2109 non
1324 2047 1511 2120 adestfliic
1526 2091 1585 2123 ap-

846 2119 971 2160 paratio
986 2126 1043 2157 est,
1061 2125 1098 2151 ut
1112 2120 1299 2152 ostendatur
1313 2122 1438 2160 absens,
1454 2123 1509 2164 qui
1530 2134 1586 2155 su-

847 2169 1060 2203 perventurus
1088 2170 1146 2194 est.
1192 2163 1360 2196 D.—Geta
1390 2171 1490 2197 autem
1518 2166 1586 2208 hie]

848 2205 948 2237 Prisc.
964 2205 1018 2237 lib.
1034 2205 1089 2237 vii.
1121 2206 1158 2238 L.

891 2250 920 2279 5.
937 2250 1002 2280 Nec
1017 2260 1101 2290 quem
1113 2251 1155 2281 ad
1164 2251 1352 2282 obstetricem
1365 2251 1500 2293 mittam]
1517 2253 1585 2284 De-

847 2298 895 2322 est
918 2294 1018 2323 babeo.
1063 2292 1127 2324 Sed
1150 2292 1185 2324 in
1209 2294 1441 2326 consuetudine
1465 2302 1515 2327 est
1538 2296 1586 2328 sic

845 2334 943 2375 loqui,
964 2345 1062 2376 quum
1077 2342 1247 2377 utrumque
1272 2337 1374 2376 nobis,
1398 2348 1464 2369 non
1489 2339 1585 2371 alter-

846 2384 955 2409 utrum
981 2379 1092 2410 deesse
1115 2379 1349 2420 conquerimur.
1407 2382 1476 2413 Nee
1499 2394 1586 2424 quem

845 2423 887 2452 ad
900 2423 1086 2453 obstetricem
1100 2425 1228 2461 mittam,
1243 2434 1296 2455 nec
1304 2426 1357 2465 qui
1365 2431 1498 2456 arcessat
1508 2427 1582 2458 Εσ-

845 2464 980 2505 chinum]
992 2467 1099 2497 Habeo
1113 2466 1311 2503 subauditur,
1324 2473 1357 2498 et
1371 2467 1473 2508 magis
1483 2479 1503 2500 a
1517 2475 1583 2501 tre-

846 2508 987 2549 pidante,
1001 2519 1095 2549 quam
1107 2508 1340 2541 rationabiliter
1350 2510 1485 2542 dicitur:
1509 2522 1584 2544 nam

846 2551 962 2582 refellit
976 2551 1036 2583 hoc
1052 2558 1155 2583 totum
1170 2552 1282 2583 nutrix
1296 2552 1466 2585 Canthara.
1499 2555 1586 2587 D.—

848 2594 892 2624 Et
916 2605 1037 2632 versus,
1065 2595 1117 2636 qui
1147 2595 1304 2627 iambicus
1325 2606 1395 2627 esse
1419 2597 1525 2636 debet,
1552 2606 1586 2631 et

847 2637 1007 2668 sententia
1021 2637 1083 2679 legi
1101 2638 1275 2680 postulant,
1291 2640 1358 2671 Nec
1374 2644 1429 2678 est,
1444 2651 1529 2681 quem
1543 2644 1587 2674 ad

846 2681 1041 2719 obstetricem,
1057 2686 1113 2712 ete.
1145 2681 1183 2712 B.

890 2724 919 2754 6.
935 2725 1097 2764 Nunquam
1112 2735 1202 2755 unum
1219 2726 1394 2757 intermittit
1407 2727 1495 2766 diem,
1510 2731 1584 2770 quin

845 2776 959 2806 semper
987 2766 1104 2807 veniat]
1135 2768 1308 2808 Nunquam,
1339 2778 1398 2811 pro
1426 2781 1494 2802 non.
1537 2772 1583 2804 Et

845 2819 959 2849 semper
972 2819 1037 2840 non
1049 2809 1089 2841 ad
1100 2820 1195 2841 omne
1206 2817 1333 2853 tempus
1344 2812 1465 2845 retulit.
1495 2814 1582 2847 Nam

846 2851 900 2892 qui
915 2854 1043 2893 potest?
1067 2853 1124 2884 sed
1139 2853 1179 2885 ad
1190 2863 1302 2885 omnes
1312 2853 1391 2894 dies,
1405 2858 1582 2890 secundum

845 2895 930 2969 quod
952 2894 1007 2969 ag,
1037 2907 1105 2928 nam
1126 2907 1276 2938 nunquam
1297 2909 1387 2931 unum
1408 2901 1583 2934 intermittit

869 2949 934 2970 tem.
999 2961 1008 2970 .
