1852 3216
208 136 297 164 xxx
719 121 867 162 DAN.
906 120 1221 162 HEINSIUS

210 209 378 250 Videtur
397 207 532 248 audire
550 212 672 248 κόθιον
690 213 869 260 Κρατίνου,
888 217 929 248 et
948 223 1038 262 quae
1058 209 1206 262 reliqua
1234 209 1274 248 in
1302 208 1425 248 veteri
1452 207 1645 248 eomoedia
1670 220 1738 247 oc·

209 272 385 307 currunt.
404 265 472 312 ὅση
490 267 592 304 κόνιν.
644 262 745 302 Nam
764 263 814 303 ad
834 263 1106 316 Aristophanis
1124 268 1166 304 τὸ
1184 266 1338 303 εὔθικτον
1356 262 1499 302 frustra
1517 276 1610 301 sane
1635 261 1739 313 aspi-

208 318 322 412 riavit.
369 316 472 361 Qui·
490 317 592 356 enim
611 317 692 356 risu
712 331 790 357 non
808 317 1008 365 emoritur,
1027 331 1116 357 eum
1135 317 1382 357 vitiositatem
1407 315 1557 356 Cratini
1582 315 1739 367 excepit

233 385 327 412 reue
341 372 357 410 2

397 434 452 464 Ει.
471 427 513 463 Τι’
531 427 567 463 δι’
588 429 751 475 Κρατῖνος
769 428 789 462 ό
807 428 923 474 σοφός
940 427 1060 471 laren
1107 433 1168 475 Tp.
1188 427 1384 470 ’Λπίθανεη

391 480 470 518 ‘00'
485 482 517 517 ol
536 482 688 519 Λάκωνες
705 481 881 524 ε’νίβαλον.
930 487 983 517 Ει.
1002 482 1043 517 Τι’
1059 481 1198 525 παθῶνς
1236 488 1299 529 Τρ.
1312 482 1373 524 ’0,
1390 496 1437 524 τι,

396 534 603 583 Ὠρακιάσας
621 533 680 583 (οὐ
698 536 765 583 γὰρ
781 531 1003 583 ἐξηνέσχετο)

397 589 494 626 Ἰδὼν
510 589 613 626 πίθον
630 588 878 637 καταγνύμενον
894 588 988 625 οἴνου
1005 588 1125 625 πλέον.

212 651 261 692 Id
278 660 363 692 est:

399 712 440 750 P.
459 711 506 749 Sa
531 714 607 749 iens
623 718 742 749 autem
759 712 928 749 Cratinus
944 711 1031 760 quid
1093 712 1144 747 ἐἰ
1186 710 1256 747 Ta.
1274 710 1389 753 Obiit,

397 759 491 796 Cum
539 771 668 796 aeones
683 759 755 795 huc
772 760 957 795 irruerent.
1001 758 1039 794 P.
1094 770 1142 794 uo
1158 759 1310 794 morbo?
1351 758 1423 794 Ta.
1441 757 1550 802 Quo?

398 807 531 843 Misere
547 807 676 854 pallere
693 807 799 853 coepit
818 806 926 850 (ferre
942 806 1037 842 enim
1053 806 1123 842 hoc
1139 817 1214 841 nou
1230 806 1366 853 potuit)

398 854 528 901 Frangi
545 866 628 890 cum
645 853 780 890 videret
796 854 882 889 vino
899 854 1044 900 plenum
1061 853 1210 889 dolium.

212 915 327 955 Alter
354 914 456 954 enim
486 914 621 952 vitium
651 912 800 952 Cratini
827 913 931 952 ridet
949 927 958 951 :
995 912 1093 951 alter
1113 911 1242 951 Naevii
1261 912 1468 950 miseriam.
1517 910 1739 950 Ridiculum

212 979 342 1008 autem
361 982 383 1008 a
402 968 556 1007 miseria
569 967 782 1020 prudenter
799 966 1031 1006 Aristoteles
1046 966 1227 1018 sejungit.
1267 965 1384 1004 Risus
1399 966 1500 1004 enim
1518 979 1604 1004 cum
1620 965 1741 1004 atroci

213 1022 378 1075 alicujus
396 1022 498 1061 malo
517 1032 585 1061 aut
603 1018 820 1061 calamitate
841 1022 873 1060 si
893 1021 1121 1073 conjunctus
1137 1022 1199 1065 sit,
1215 1020 1392 1059 immanis
1411 1020 1456 1058 fit
1473 1033 1518 1059 ac
1539 1020 1740 1059 barbarus.

214 1076 288 1116 Illa
306 1086 434 1116 autem
454 1076 568 1128 plane
586 1085 699 1114 extra
718 1089 832 1114 novae
852 1075 977 1127 legem
998 1075 1228 1114 comoediae:

399 1138 472 1183 Qui
488 1139 670 1186 perjurum
686 1138 877 1174 convenire
893 1138 971 1173 vult
987 1137 1183 1179 hominem,
1202 1137 1308 1172 mitto
1325 1137 1362 1172 in
1379 1137 1588 1179 comitium;

402 1186 476 1230 Qui
492 1186 698 1222 mendacem
715 1192 750 1221 et
765 1186 976 1232 gloriosum,
995 1184 1088 1231 apud
1105 1185 1284 1221 Cloacinae
1300 1195 1451 1220 sacrum.

215 1245 269 1285 Et
289 1259 378 1297 quae
397 1245 536 1284 deinde
557 1254 787 1297 sequuntur.
834 1244 955 1288 Quod
977 1245 1153 1297 profecto
1172 1253 1231 1283 est
1249 1258 1272 1283 a
1290 1243 1441 1296 pulpito
1458 1243 1507 1282 ad
1527 1242 1742 1295 plaustrum

215 1300 355 1339 redire.
395 1298 517 1352 Legat
535 1309 678 1338 caetera
695 1300 761 1351 qui
779 1298 896 1338 volet.
945 1298 1022 1337 Sed
1039 1299 1137 1344 haec,
1153 1301 1198 1339 ὡς
1216 1301 1252 1337 ἐν
1267 1301 1476 1349 προθεωρίας
1492 1300 1599 1348 μέρει,
1617 1297 1743 1336 obiter

216 1354 293 1392 sint
313 1353 429 1392 dicta.
477 1353 591 1392 Nunc
609 1353 752 1405 ingenii
771 1353 978 1392 exercendi
998 1366 1114 1392 causa
1132 1367 1177 1391 ac
1189 1352 1327 1405 judicii
1347 1352 1396 1391 ad
1419 1351 1569 1404 singula
1596 1364 1742 1397 eamus,

216 1416 258 1447 et
275 1416 484 1459 utrumque
502 1407 633 1459 paullo
652 1421 767 1459 quam
787 1407 962 1459 plerique
981 1408 1198 1446 accuratius
1213 1406 1473 1458 inspiciamus.
1513 1405 1686 1444 Primum
1706 1405 1745 1443 in

217 1461 410 1501 comoedia
438 1461 706 1513 tragoediaque
734 1470 794 1500 est
821 1461 1037 1513 dispositio.
1086 1461 1225 1512 Neque
1244 1460 1512 1504 dubitandum,
1537 1459 1632 1512 quin
1653 1472 1743 1498 cum

218 1515 449 1555 Aristoteles
477 1515 525 1554 de
554 1515 808 1568 dispositione
836 1515 1009 1567 disputat
1035 1515 1250 1567 tragoediae,
1269 1515 1384 1553 etiam
1404 1513 1607 1553 comoediae
1626 1526 1676 1552 ex
1696 1513 1743 1552 iis

217 1570 425 1609 convenire
452 1569 636 1621 pleraque
664 1569 958 1615 existimaverit,
987 1569 1060 1608 nisi
1089 1568 1206 1621 quod,
1233 1578 1276 1607 ut
1297 1569 1467 1620 tragicus
1486 1567 1667 1619 disponit,
1689 1567 1743 1606 ita

218 1624 388 1663 comicus
407 1637 563 1675 quoque
583 1623 743 1662 invenit.
791 1623 903 1663 Alter
923 1623 1022 1661 enim
1041 1623 1182 1675 accipit
1206 1623 1256 1661 ab
1282 1622 1394 1661 aliis:
1432 1621 1531 1661 alter
1558 1621 1640 1673 ipse
1667 1621 1742 1660 sibi

218 1677 286 1717 dat
305 1677 411 1729 quod
429 1677 712 1730 disponendum
733 1686 793 1716 est
809 1691 818 1716 ε
847 1677 919 1716 nisi
939 1677 971 1716 si
990 1678 1039 1716 ab
1053 1676 1129 1716 alio
1143 1676 1320 1715 desumat
1337 1685 1621 1728 argumentum,
1637 1685 1741 1714 certe

217 1731 323 1784 apud
343 1730 518 1771 Graecos.
566 1730 667 1770 Nam
687 1730 815 1770 Latini
835 1730 986 1770 fabulas
1013 1730 1257 1776 Graecorum,
1286 1730 1539 1782 dispositione
1567 1728 1741 1781 aliquan-

218 1785 343 1824 tulum
361 1784 589 1838 plerumque
608 1785 810 1824 immutata
828 1795 868 1824 et
886 1785 1074 1837 personis,
1094 1794 1384 1837 expresserunt.
1429 1783 1485 1823 Ut
1503 1797 1591 1823 cum
1610 1797 1632 1822 e
1654 1782 1741 1822 Me-

217 1838 354 1879 nandri
376 1838 564 1878 Eunucho
581 1852 689 1878 suam
710 1839 844 1891 paucis
863 1839 1075 1878 immutatis
1096 1838 1305 1877 Terentius
1332 1838 1538 1890 expressit.
1595 1837 1653 1876 Ea
1680 1851 1742 1876 ra-

218 1894 334 1940 tione,
351 1902 394 1932 ut
413 1893 550 1932 Davus
569 1893 773 1939 Parmeno,
786 1891 960 1945 Chrysis,
973 1893 1106 1938 Thais,
1122 1891 1409 1932 Chaerestratus
1427 1891 1488 1931 hic
1505 1901 1608 1931 esset
1628 1891 1744 1930 1²11ae-

218 1946 315 1986 dria.
354 1946 516 1986 Plautus
535 1947 572 1986 in
592 1947 910 1999 tragico-comico
929 1947 1225 2000 Amphitryone,
1244 1959 1351 1986 more
1370 1946 1603 1998 tragicorum
1632 1945 1743 1984 sabu-

217 1999 294 2040 lam
321 2002 470 2053 accepit
496 2010 534 2039 et
560 2001 775 2053 disposuit:
815 2001 885 2040 sed
909 2010 950 2040 et
973 2001 1131 2040 nomina
1154 2001 1311 2040 retinuit
1329 2014 1380 2039 ex
1399 2009 1522 2052 parte,
1542 1998 1649 2052 quod
1668 2012 1744 2038 non

218 2054 318 2094 solet
337 2056 375 2094 in
394 2055 606 2095 comoedia:
636 2068 685 2094 ex
707 2064 829 2107 parte,
850 2055 955 2095 fecit.
1006 2054 1119 2094 Unde
1138 2068 1226 2094 raro
1254 2054 1445 2093 invenisse
1472 2063 1743 2106 argumentum

219 2109 389 2161 tragicus
416 2119 532 2161 poeta
556 2109 712 2155 dicitur,
731 2109 747 2160 (
778 2109 855 2149 uod
874 2119 942 2149 aut
960 2122 983 2148 e
1000 2109 1187 2148 relatione
1206 2109 1368 2148 aliorum
1387 2117 1454 2148 aut
1472 2122 1494 2147 e
1513 2108 1680 2160 scriptis,
1700 2119 1743 2147 ut

216 2162 392 2215 plerique
409 2177 460 2202 ex
480 2163 656 2203 Homero
669 2172 737 2202 aut
789 2162 877 2215 yclo
894 2163 1030 2216 Epico,
1044 2162 1264 2216 petebant,)
1282 2172 1417 2202 contra
1435 2172 1564 2201 autem
1591 2164 1741 2203 comici.

219 2216 465 2264 Aristoteles,
492 2221 532 2257 τὸ
559 2220 596 2256 δι’
623 2219 751 2267 μύθους
778 2222 898 2260 ποιεῖν.
926 2220 1136 2268 Ἐπίχαρμος
1162 2221 1216 2256 καὶ
1242 2221 1372 2268 φόρμις
1397 2218 1514 2267 ἦρξαν.
1571 2216 1631 2255 lta
1658 2232 1743 2257 eam

220 2284 369 2317 vocem,
390 2285 467 2310 non
485 2281 530 2311 ut
549 2270 719 2323 quidam,
739 2271 802 2310 hic
825 2271 987 2323 accipio.
1037 2275 1154 2312 Μῦθος
1171 2272 1285 2317 enim,
1306 2280 1350 2311 ut
1373 2271 1516 2323 ubique
1544 2270 1624 2309 fere
1653 2272 1743 2311 Ari·

219 2325 360 2370 stoteli,
379 2339 456 2364 non
474 2325 609 2365 drama
626 2334 698 2370 est,
718 2325 787 2364 sed
805 2339 852 2364 ea
873 2325 986 2371 actio,
1005 2339 1028 2364 e
1047 2339 1124 2378 qua
1142 2325 1277 2364 drama
1294 2325 1552 2370 constituitur,
1572 2326 1591 2373 ἦ
1608 2330 1742 2376 πρᾶξις.

219 2381 240 2428 ἦ
258 2383 318 2428 τῆς
334 2383 564 2431 πραγματείας
582 2381 768 2420 σύστασις·
797 2379 994 2431 quomodo
1011 2388 1052 2419 et
1070 2380 1223 2432 accipit,
1238 2393 1326 2419 cum
1343 2378 1456 2426 dixit,
1474 2381 1581 2428 μῦθος
1598 2382 1628 2418 δ’
1648 2383 1745 2419 ἐστὶν

219 2434 279 2479 εἷς,
299 2437 366 2484 οὐχ
382 2435 501 2485 ὥσπέρ
518 2451 606 2473 τινος
623 2435 762 2479 οἴονται,
782 2435 840 2473 ἐὰν
857 2437 935 2484 περὶ
954 2436 1011 2472 ἕνα
1027 2434 1063 2483 ᾔ.
1103 2433 1155 2472 Et
1175 2435 1269 2487 ipse,
1290 2434 1509 2483 πολνμῦθονς
1529 2446 1597 2472 eos
1616 2443 1742 2481 vocat,

219 2487 286 2539 qui
307 2487 368 2526 vel
388 2488 527 2533 varias,
546 2486 609 2526 vel
629 2501 719 2539 quae
743 2496 918 2538 tempore
945 2487 1095 2533 eodem,
1123 2489 1173 2527 ab
1200 2487 1288 2534 alio,
1317 2501 1392 2527 non
1421 2500 1509 2533 uno,
1538 2498 1576 2526 et
1604 2488 1743 2527 eodem

218 2550 342 2593 gestae
361 2550 463 2587 sunt,
484 2541 739 2594 conjungunt.
778 2539 950 2593 Ideoque
970 2541 1140 2581 fabulam
1159 2542 1315 2595 eligere,
1335 2552 1375 2581 et
1394 2540 1556 2581 electam
1574 2552 1679 2582 recte
1697 2556 1743 2582 ac

219 2594 353 2634 ordine
381 2595 599 2648 disponere,
622 2603 665 2634 ut
686 2594 810 2647 prima
829 2595 965 2641 virtus,
985 2595 1039 2634 ita
1057 2596 1223 2648 primum
1243 2596 1532 2648 maximumque
1551 2609 1650 2648 opus
1669 2608 1742 2636 est.

133 2636 159 2661 “·
219 2646 265 2687 In
294 2649 578 2702 Amphitryone
605 2662 839 2688 maneamus.
898 2648 998 2688 Nam
1027 2660 1071 2688 ut
1098 2659 1368 2701 argumentum
1397 2649 1470 2689 hoc
1498 2651 1658 2703 accepit,
1691 2651 1744 2690 ita

220 2702 303 2754 ipse
320 2716 371 2741 ex
388 2704 503 2742 animi
522 2703 710 2743 sententia
726 2702 931 2755 disposuit.
970 2703 1104 2747 Quare
1120 2705 1258 2756 potuit,
1274 2713 1317 2743 ut
1337 2703 1474 2749 voluit,
1494 2703 1613 2756 ligare
1631 2704 1743 2744 sabu-

218 2754 295 2795 lam
311 2770 356 2795 ac
371 2756 535 2796 solvere.
575 2756 620 2796 In
635 2770 681 2796 ea
699 2757 817 2809 igitur
834 2756 966 2796 divina
981 2760 1099 2798 δέσιιε
1127 2758 1225 2797 mira
1244 2758 1347 2797 enim
1366 2758 1515 2797 ratione
1534 2757 1742 2810 impeditur

219 2809 351 2849 sabula
370 2819 409 2848 et
428 2810 628 2850 intricatur
642 2811 757 2851 actio.
789 2810 843 2851 At
858 2811 1047 2857 transitio.
1062 2825 1151 2863 quae
1165 2825 1242 2851 non
1257 2821 1316 2851 est
1336 2812 1482 2864 tragica
1494 2811 1564 2851 sed
1582 2813 1741 2859 comica,

218 2862 427 2913 (μιτόβοσιν
445 2865 598 2903 vocavit
618 2863 883 2916 Aristoteles.)
901 2878 991 2918 pars
1010 2878 1099 2917 quae
1127 2866 1337 2918 opponitur
1352 2871 1395 2915 τῇ
1421 2868 1528 2913 θέσει.
1547 2866 1682 2919 (quam
1702 2877 1743 2906 et

218 2918 323 2957 λύσιν
353 2930 422 2958 seu
459 2918 691 2958 solutionem
730 2922 902 2971 vocant.)
933 2931 985 2959 ex
1021 2920 1213 2959 sententis
1241 2919 1450 2959 succedere
1486 2932 1563 2960 non
1599 2921 1740 2973 potuit.

220 2971 356 3016 Quare
388 2971 598 3024 impeditus
634 2982 673 3013 et
709 2972 855 3014 oblitus
889 2972 962 3020 sui,
999 2972 1056 3013 ire
1090 2972 1246 3025 cogitur
1281 2973 1331 3013 ad
1365 2972 1507 3020 deumz
1554 2973 1628 3014 hoc
1654 2985 1739 3015 est:
