1852 3216
107 179 247 208 scr-:NA
270 164 352 217 1v.]

252 316 482 372 optuma'st
496 332 505 357 ε

164 382 264 425 Nisi
295 381 400 436 quid
431 388 556 436 pater
587 380 646 421 ait
678 379 809 422 aliud.
876 377 994 420 PAM.
1035 378 1222 434 Nempe.

251 446 336 488 CH.
360 446 472 496 Dos,
497 443 739 500 Pamphile,
762 451 829 486 est

165 511 331 554 Decem
352 510 526 552 talenta.
578 509 696 550 PAM.
721 507 918 563 Accipio.

255 590 436 625 mecum,
459 575 581 616 Crito
595 591 604 616 2

165 640 281 682 Nam
317 640 429 681 illam
465 654 532 699 me
567 639 698 681 credo
729 638 848 680 haud
881 653 1022 680 nosse.

255 704 478 747 transferri
492 705 623 759 jubes
637 706 653 744 ἲ

109 779 151 809 ⁵0
168 771 286 813 PAM.
320 770 460 812 Recte
491 769 710 810 admones.

253 836 317 877 Si.
340 834 445 876 Non
465 841 623 889 potest.

719 118 1028 204 ANDRIA.

165 254 237 296 De
267 266 419 302 uxore,
450 252 510 293 ita
530 258 578 293 ut
606 250 798 306 possedi,
820 248 926 291 nihil
954 255 1091 291 mutat
1122 249 1344 291 Chremes.

1569 166 1649 207 117

1398 250 1482 292 Cn.
1508 251 1652 294 Causa

1287 378 1351 420 S1.
1388 378 1440 420 Id
1476 380 1651 423 scilicet.

971 507 1057 549 CH.
1081 507 1279 563 Propero
1300 507 1357 549 ad
1377 507 1530 550 filiam:
1570 509 1654 551 eho

1084 637 1148 679 S1.
1184 637 1275 679 Cur
1307 652 1395 679 non
1425 636 1539 679 illam
1570 637 1656 680 huc

772 768 900 810 Davo
930 783 1013 824 ego
1046 768 1156 810 istuc
1189 768 1345 810 dedam
1372 768 1464 822 jam
1494 769 1654 824 negoti.

166 900 287 942 Pin.
311 898 430 946 Qui?
482 898 545 939 S1.
571 897 688 945 Quia
718 897 852 939 habet
882 897 997 938 aliud
1028 897 1164 952 magis
1194 911 1250 938 ex
1281 912 1392 948 sese,
1425 904 1470 940 et
1499 898 1652 954 majus.

256 964 376 1006 ΡΑΜ.
400 963 652 1010 Quidnam?
706 961 771 1002 Sr.
795 961 979 1004 Vinctus
1001 969 1081 1003 est.

169 1029 286 1070 PAM.
308 1028 456 1077 Pater,
478 1042 565 1068 non
585 1033 702 1068 recte
724 1027 960 1068 vinctus’st.

254 1093 284 1134 J
286 1093 372 1135 ube
393 1091 514 1142 solvi,
536 1092 733 1133 obsecro.

111 1272 161 1296 est
175 1264 361 1306 plurimum,
379 1265 498 1304 lepidus
512 1262 640 1294 dicitur.
682 1262 766 1293 Nam
783 1264 862 1303 lepos

112 1315 161 1339 est
176 1313 338 1338 venustas.
371 1307 413 1337 D.

156 1351 207 1381 46.
231 1351 290 1380 Nil
304 1355 402 1380 mutat
419 1348 575 1390 Chremes]
594 1348 640 1379 Ut
662 1358 767 1388 neque
783 1358 861 1378 con-

112 1392 269 1424 ditionem
286 1402 402 1423 novam
425 1391 516 1428 ferat,
533 1398 566 1422 et
581 1390 689 1421 omnia
705 1401 777 1431 quae
792 1392 862 1431 ejus

113 1435 254 1472 suerunt,
270 1435 397 1466 habeat.
429 1434 468 1465 E.

156 1479 208 1510 47.
234 1479 348 1518 Nempe
370 1475 503 1517 scilicet]
529 1478 653 1515 Nempe,
683 1481 716 1507 et
737 1478 863 1513 scilicet,

112 1520 268 1558 dicentes,
292 1530 391 1551 manu
415 1520 466 1550 vel
489 1519 581 1550 vultu
603 1519 712 1549 dotem
736 1518 861 1559 signifi-

110 1570 205 1599 cant;
229 1563 314 1604 quod
331 1573 407 1593 mox
423 1561 577 1602 intelligit
590 1562 755 1592 Chremes.
796 1561 864 1591 Alii

111 1606 173 1637 ἀπὸ
192 1607 251 1637 τοῦ
271 1607 397 1641 scilicet,
415 1604 598 1635 Chremetis
620 1614 791 1645 personam
815 1604 861 1634 fa-

112 1648 205 1680 ciunt
220 1647 389 1690 (Dacieria
400 1647 568 1679 contendit
582 1658 685 1686 nempe
700 1653 733 1678 et
747 1648 863 1677 scilicet

113 1692 233 1723 habere
255 1691 320 1723 vim
343 1690 542 1722 assentiendi
565 1695 598 1720 et
621 1689 863 1731 comprobandi,

114 1740 148 1765 et
162 1734 231 1765 haec
247 1733 344 1765 simul
366 1744 386 1764 a
410 1733 477 1764 filio
501 1739 535 1763 et
557 1739 694 1774 parente
718 1743 862 1774 pronun·

114 1776 204 1808 ciari.
244 1777 308 1816 Z.).
354 1778 428 1813 Dos,
455 1777 622 1815 Pamphile,
649 1775 711 1816 est]
739 1775 778 1806 1d
804 1781 863 1812 est,

116 1819 288 1861 Pamphilo
303 1829 363 1860 pro
377 1829 479 1849 uxore
501 1819 665 1849 dabuntur
680 1818 791 1849 decem
815 1825 863 1848 ta—

114 1862 213 1893 lenta.
247 1862 287 1893 D.
290 1863 408 1892 -Nisi
419 1863 494 1902 quid
502 1859 609 1900 pater]
628 1860 711 1899 (Hic
726 1860 866 1901 intelligi

115 1905 186 1936 vult
201 1905 367 1942 Chremes,
384 1904 465 1935 nihil
486 1914 521 1934 se
543 1903 584 1934 de
606 1903 699 1934 bonis
722 1903 866 1944 Glycerii

115 1947 308 1984 ablaturum,
325 1947 382 1978 sed
398 1956 542 1987 quaerere
563 1956 604 1976 ne
627 1945 767 1987 amplius
789 1945 867 1986 quid

115 1990 196 2021 velit
211 1991 259 2030 ⁸).
298 1991 427 2031 Nempe
451 1990 512 2020 hoc
528 1989 627 2020 verbo
649 1988 772 2019 indicat
791 1989 864 2028 (do-

116 2041 193 2070 tem,
206 2040 239 2064 et
250 2033 341 2073 quasi
354 2043 452 2063 manu
466 2032 528 2072 ⁸).
571 2031 693 2062 .vestis
705 2038 865 2072 tangatur,

116 2076 164 2107 ita
178 2076 317 2117 intelligi
336 2075 442 2112 debet,
459 2081 495 2106 ut
517 2075 624 2106 dotem
648 2081 801 2116 expetere
817 2074 865 2105 vi-

117 2120 241 2150 deatur.
292 2119 372 2150 Ideo
394 2118 512 2158 adjecit
537 2117 670 2155 scilicet,
696 2124 866 2166 postquam

116 2164 297 2203 (plusquam,
322 2161 409 2203 lege)
435 2160 598 2192 intellexit
621 2162 640 2181 ‘
666 2161 753 2191 Nam
779 2159 862 2190 anti-

116 2205 227 2246 quitus
249 2204 308 2236 dos
329 2205 466 2235 dabatur
483 2214 502 2235 a
523 2211 617 2245 patre
639 2203 764 2245 puellae.
805 2203 866 2234 Est

117 2259 138 2289 q
154 2271 162 2278 .
179 2270 188 2278 .
214 2248 339 2288 (autem
351 2247 389 2287 ⁸)
412 2247 471 2278 dos
493 2257 556 2287 quo
579 2257 613 2277 se
636 2247 790 2286 conjuges
806 2269 813 2276 .
831 2269 839 2277 .
856 2269 864 2277 .

119 2301 161 2322 an
177 2290 263 2330 (sine
279 2302 319 2321 an
335 2296 368 2321 et
385 2290 478 2331 signo
501 2289 625 2320 lacunae
646 2289 756 2331 posuit
771 2289 866 2320 Wes-

119 2333 301 2373 ten-hovius)
325 2343 413 2364 more
429 2332 562 2373 antiquo
584 2355 592 2362 .
616 2355 624 2363 .
650 2332 818 2370 (coemunt
830 2331 866 2371 ⁸)

120 2387 183 2417 qua
190 2376 371 2408 coemtione
382 2375 624 2407 materfamilias
633 2374 752 2405 dicitur
763 2377 794 2405 ⁸.
828 2374 866 2405 E.

120 2421 278 2450 —Dosest
286 2421 386 2450 decem
397 2417 530 2459 talenta]
541 2417 663 2449 Allusit
671 2417 712 2448 ad
723 2418 809 2448 hunc
819 2417 865 2448 lo-

120 2471 194 2492 cum
210 2461 320 2493 Sidon.
335 2460 478 2503 Apollin.
491 2461 546 2492 lib.
561 2460 594 2491 ii.
612 2471 663 2502 ep.
683 2462 731 2491 11.
768 2462 866 2491 Nam-

122 2515 179 2545 que
194 2510 229 2535 ut
240 2503 373 2544 santiliae
394 2507 523 2545 superi?
538 2506 545 2512 '
571 2506 727 2542 aerfiliam
748 2505 865 2540 saltem,

122 2558 301 2587 quamnquam
322 2549 559 2579 honestissimam
577 2546 773 2587 jungeretur,
796 2557 865 2577 con-

123 2595 174 2620 tra
203 2591 332 2630 rigorem
361 2592 450 2621 civici
482 2592 582 2626 moris,
612 2591 800 2629 splendidam
833 2594 868 2620 at

114 2631 235 2672 serunt,
273 2633 370 2663 dotem
404 2634 542 2663 chremes
578 2637 679 2663 noster
711 2634 868 2671 Pamphilo

122 2686 176 2706 suo
204 2677 334 2705 dixerat.
366 2674 537 2715 L.—Lege
560 2676 633 2705 Nisi
662 2677 690 2705 si
719 2677 804 2715 qaid,
835 2681 868 2705 et

123 2719 158 2748 id
184 2716 290 2748 tribue
319 2716 383 2758 ipsi
410 2716 581 2758 Pamphilo
610 2717 755 2757 loquenti
785 2729 866 2749 nem-

1014 1026 1077 1067 S1.
1104 1025 1240 1068 Haud
1268 1027 1328 1068 ita
1354 1027 1479 1081 jussi.
1533 1027 1652 1069 PAM.

905 1267 951 1292 est
981 1264 1158 1293 attentionis
1173 1275 1185 1297 ,·
1223 1262 1280 1292 sed
1311 1261 1461 1302 wieling.
1494 1261 1655 1298 emendat,

906 1313 981 1335 2110
998 1307 1048 1335 hic
1062 1307 1267 1335 advocationis
1281 1310 1327 1335 est
1345 1305 1542 1345 interjectio),
1559 1304 1598 1335 ad
1623 1304 1656 1335 id

906 1347 991 1387 quod
1003 1347 1122 1378 dicturi
1137 1357 1258 1378 sumus.
1289 1347 1505 1387 D.-(Decem
1521 1347 1654 1388 talenta]

905 1389 1079 1420 Talentum
1105 1397 1155 1420 est
1180 1400 1334 1430 magnum
1360 1390 1497 1430 pondus,
1522 1390 1655 1430 cujusli-

905 1433 961 1463 bet
968 1432 1091 1505 {netalli
1102 1434 1151 1472 ⁸.)
1180 1432 1345 1463 E.—Cod.
1358 1432 1510 1464 Academ.
1517 1444 1654 1473 propere.

909 1476 968 1506 Ma
981 1486 1008 1505 e.
1042 1476 1080 1506 B.

951 1519 1002 1548 50.
1035 1520 1153 1549 Dedam
1169 1517 1256 1558 jam]
1282 1517 1420 1548 Addidit
1444 1523 1477 1548 et
1500 1518 1656 1559 temporis

907 1560 1116 1592 celeritatem.
1164 1561 1376 1591 D.—Omnes
1413 1560 1498 1598 libri,
1536 1561 1655 1592 vetusti

907 1603 1078 1644 imprimis,
1095 1610 1169 1644 post
1185 1605 1272 1634 Davo
1285 1603 1408 1634 habent
1420 1614 1490 1644 ego.
1523 1604 1560 1634 B.

951 1647 1003 1676 51.
1045 1646 1105 1680 Qua·
1115 1645 1148 1686 ?]
1178 1646 1406 1681 Quamobrem.
1456 1646 1610 1681 D.-—Qui
1621 1646 1656 1687 ?]

907 1689 948 1720 V.
963 1689 1000 1720 C.
1018 1696 1053 1720 ut
1069 1695 1102 1720 et
1118 1689 1258 1730 Regium
1274 1689 1413 1731 exempl.
1433 1688 1494 1723 Qui
1510 1700 1568 1720 non
1585 1695 1656 1729 pot-

907 1735 978 1763 est?
1010 1732 1047 1762 L.

952 1776 1003 1805 52.
1027 1776 1098 1806 Non
1119 1780 1200 1806 recte
1221 1777 1339 1805 vinctus
1360 1774 1422 1815 est]
1447 1774 1487 1805 ld
1509 1780 1568 1811 est,
1592 1785 1658 1806 non

904 1818 1002 1857 juste.
1054 1818 1120 1848 Sed
1144 1817 1198 1848 hic
1228 1817 1269 1848 ad
1299 1827 1429 1848 causam
1458 1817 1572 1848 retulit
1600 1830 1658 1849 non

909 1866 1011 1891 recte.-
1034 1870 1136 1890 senex
1150 1870 1237 1897 vero,
1254 1860 1295 1891 ad
1310 1870 1379 1890 rem
1401 1860 1522 1890 retulit.
1562 1862 1660 1891 Haud

909 1901 1063 1943 itajussi]
1080 1902 1166 1938 Quia
1188 1902 1428 1943 quadrupedem
1452 1902 1568 1944 stringi
1586 1904 1658 1942 jus-

909 1952 1006 1982 serat,
1027 1945 1118 1985 quasi
1140 1952 1228 1976 recte
1250 1955 1287 1975 ac
1309 1945 1492 1986 diligenter.
1531 1945 1577 1976 Et
1597 1945 1658 1977 hoc

909 1987 1017 2071 {33:35
1032 1988 1660 2062 3⁰¹?„ssffi22m13231332.³22⁰¹5¹223'

1461 2053 1470 2069 ‚
1643 2050 1658 2056 -

910 2073 984 2104 bilis
1009 2073 1119 2104 animi.
1166 2075 1264 2104 Haud
1286 2075 1333 2104 ita
1349 2073 1452 2115 jussi]
1481 2042 1659 2115 Eleganter

910 2116 988 2147 lusit
1015 2116 1055 2147 ad
1083 2115 1288 2156 ἀμφιβολίαν,
1317 2123 1350 2147 et
1379 2116 1476 2147 simul
1505 2117 1658 2154 ostendit,

910 2170 1005 2199 quam
1033 2159 1194 2200 propitius
1225 2158 1268 2189 sit
1298 2159 1469 2201 Pamphilo
1495 2166 1598 2200 pater,
1626 2167 1660 2191 et

910 2213 1006 2243 quam
1021 2202 1114 2233 facile
1132 2201 1258 2233 veniam
1276 2202 1370 2233 Davo
1384 2202 1560 2243 impetrare
1582 2212 1658 2243 pos-

909 2245 953 2276 sit
967 2245 1008 2276 ab
1024 2256 1080 2280 eo;
1105 2245 1226 2286 quippe
1242 2244 1296 2285 qui
1311 2246 1380 2284 jam
1403 2245 1501 2276 etiam
1519 2246 1657 2285 jocetur.

911 2288 1101 2329 Pamphilus
1116 2296 1224 2318 autem
1240 2287 1368 2318 dixerat
1389 2298 1455 2318 non
1473 2289 1580 2327 juste:
1602 2287 1658 2320 ille

911 2330 958 2362 sic
974 2330 1152 2372 respondit,
1168 2330 1259 2371 quasi
1278 2330 1408 2368 dixerit,
1430 2340 1495 2361 non
1519 2330 1658 2371 dilig-en-

912 2380 962 2404 ter
977 2375 1106 2405 vinctus
1121 2381 1179 2404 est.
1220 2374 1264 2404 Et
1285 2375 1369 2404 haud
1389 2375 1435 2404 ita
1448 2373 1543 2413 jussi,
1559 2373 1607 2404 sic
1624 2384 1658 2405 e—

911 2416 980 2447 nim
993 2423 1201 2458 praeceperat,
1216 2418 1438 2457 quadrupedem
1451 2418 1658 2457 constringite.

914 2460 1006 2499 (Non
1024 2459 1106 2490 male
1122 2459 1254 2499 conjicit
1271 2458 1438 2490 Bentleius
1456 2469 1497 2489 ex
1518 2459 1578 2490 hac
1601 2469 1658 2490 ex-

910 2502 1086 2544 plicatione
1103 2511 1223 2544 patere,
1242 2502 1418 2538 Donatum,
1430 2511 1490 2542 pro
1504 2503 1597 2539 haud,
1611 2502 1658 2534 le-

910 2545 1006 2586 gisse,
1037 2551 1080 2576 at.
1126 2545 1178 2584 Z.)
1223 2545 1383 2575 D.—Non
1413 2550 1494 2575 recte
1523 2525 1659 2595 vineias]

912 2589 1088 2620 Probatum
1115 2595 1164 2619 est
1192 2588 1321 2618 Davum
1348 2597 1414 2618 non
1442 2597 1514 2618 esse
1541 2588 1659 2619 menti-

912 2637 999 2662 tum:
1037 2630 1092 2672 qui
1118 2631 1227 2661 nescio
1251 2640 1346 2670 quem
1371 2629 1499 2661 dixerat
1521 2630 1660 2669 venisse,

912 2673 965 2715 qui
982 2673 1079 2705 sciret
1095 2673 1282 2714 Glycerium
1297 2673 1403 2704 civem
1419 2682 1490 2703 esse
1504 2673 1659 2705 Atticam.

913 2717 994 2748 Ideo
1019 2716 1104 2747 dixit
1134 2717 1263 2747 Davum
1292 2725 1358 2747 non
1388 2721 1478 2747 recte
1503 2715 1659 2754 vinctum,

911 2760 988 2800 quia
1018 2769 1082 2790 non
1113 2758 1194 2790 falsa
1222 2757 1436 2789 nunciaverit.
1487 2759 1586 2790 Haud
1614 2761 1661 2790 ita

166 2804 218 2834 48.
242 2802 387 2843 Accipio]
413 2801 473 2833 Ille
495 2801 559 2833 nisi
580 2801 726 2840 dixisset,
742 2805 867 2842 accipio,
903 2801 1006 2843 jussi]
1039 2802 1113 2832 Hoc
1142 2798 1201 2838 est,
1232 2811 1299 2832 non
1329 2801 1538 2832 vehementer
1564 2801 1660 2843 ligari

123 2845 182 2877 dos
197 2856 262 2877 non
279 2852 381 2880 essen
405 2844 493 2876 datio
511 2844 598 2875 enim
620 2845 661 2875 ab
682 2845 870 2887 acceptione
908 2845 1002 2886 jussi.

122 2889 351 2920 confirmatur:
377 2898 435 2919 nec
451 2893 559 2929 potest
575 2886 675 2918 videri
693 2887 803 2919 datum
826 2888 870 2925 id,

124 2931 209 2972 quod
234 2942 300 2963 non
325 2930 366 2962 sit
394 2936 572 2971 acceptum.
618 2929 703 2971 Eho]
728 2932 794 2962 Eho
818 2930 870 2962 hic

124 2974 294 3006 admiratio
318 2982 365 3005 est
389 2973 580 3004 intentionis
597 2972 693 3013 (lege,
709 2975 871 3005 admonitio

1042 2845 1080 2875 E.
1082 2844 1193 2875 —Pro
1214 2845 1307 2882 haud,
1326 2843 1413 2885 quod
1432 2843 1575 2875 alienum
1599 2852 1659 2882 est,

913 2894 1000 2919 recte
1015 2887 1084 2918 cod.
1103 2887 1204 2918 Acad.
1215 2887 1312 2918 habet
1326 2854 1377 2918 οὶ.
1414 2887 1550 2918 Jocatur
1571 2888 1658 2919 enim

913 2940 1014 2962 senex
1049 2940 1090 2960 ex
1127 2929 1279 2978 ambiguo
1308 2929 1399 2961 verbi
1434 2936 1541 2961 recte:
1575 2931 1658 2970 jussi

914 2983 1041 3014 nempe,
1060 2978 1094 3003 ut
1110 2979 1197 3004 recte
1214 2971 1399 3004 vinciretur.
1431 2973 1459 3003 Β
