1852 3216
110 165 250 195 semu
271 150 322 208 1.]

701 149 1057 194 PHORMIO.

1550 151 1633 194 589

225 241 315 284 Sed
337 241 372 283 si
391 242 486 297 quis
508 241 616 283 sorte
635 239 794 283 malitia
813 239 952 283 fretus
973 255 1051 283 sua

224 306 406 349 Insidias
426 314 585 349 nostrae
603 305 704 349 fecit
721 305 1035 356 adolescentiae,

168 381 209 412 45
225 371 294 415 Ac
314 372 439 415 vicit:
470 379 671 415 nostrane
692 386 744 414 ea
762 370 888 427 culpa
905 374 1000 414 est?
1030 388 1084 414 an
1099 372 1308 429 judicum,

225 438 315 486 Qui
337 453 451 494 saepe
473 445 651 493 propter
669 437 868 479 invidiam
889 438 1080 480 adimunt
1099 439 1231 490 diviti,

223 504 317 546 Aut
336 502 514 559 propter
535 503 866 546 misericordiam
885 504 1051 546 addunt
1071 506 1280 560 pauperi?

224 571 312 612 GE.
335 570 398 612 Ni
418 585 586 612 nossem
606 585 791 619 causam,
813 570 1033 612 crederem
1054 585 1155 612 vera
1175 571 1289 613 hunc
1309 570 1441 627 loqui.

223 635 314 678 DE.
338 635 411 677 An
430 636 655 690 quisquam
671 635 810 690 judex
830 642 911 685 est,
930 635 1005 690 qui
1023 636 1161 691 possit
1181 651 1358 679 noscere

169 708 210 739 50
226 701 324 743 Tua
341 702 474 756 justa,
496 701 570 742 ubi
591 707 684 742 tute
704 701 882 742 verbum
900 715 985 742 non
1009 702 1288 756 respondeas,

222 767 291 809 Ita
311 775 359 808 ut
378 766 446 809 ille
467 766 599 808 fecit?
650 766 735 808 Pu.
759 765 949 808 Functus
971 765 1277 809 adolescentuli
1297 773 1365 810 est

224 832 425 874 Officium
444 831 653 874 liberalis:
686 839 913 887 postquam
935 831 990 872 ad
1005 832 1174 887 judices

107 954 201 993 dixit,
226 954 313 990 Quod
333 956 459 986 voluerit
482 951 654 994 (volueris),
682 953 739 984 sed
758 954 847 986 Quod

106 1001 231 1030 meritus
252 1001 302 1035 sit,
319 1005 469 1028 manente
485 1007 533 1033 eo,
550 997 577 1027 si
593 995 774 1038 peccaverit
795 1002 844 1026 ta-

106 1052 192 1073 men.
230 1041 382 1072 D.—Pro
402 1043 443 1072 sit
465 1050 548 1071 unus
570 1050 588 1070 e
610 1038 728 1071 nostris
750 1039 847 1070 habet

104 1091 160 1123 est,
178 1085 268 1116 male.
300 1085 338 1115 Β.

149 1129 200 1159 43.
224 1130 285 1159 Sed
304 1129 400 1168 siquis
412 1125 497 1166 sorte
518 1127 637 1157 malitia
649 1124 754 1165 fretus
771 1123 844 1165 sua]

104 1173 206 1208 Forte,
229 1171 319 1212 quasi
346 1181 410 1201 non
435 1170 634 1206 defensurus,
665 1169 721 1200 sed
751 1168 846 1199 simul

105 1225 234 1246 causam
256 1214 442 1255 cogniturus
463 1212 653 1244 advenerit:
688 1222 747 1243 nec
769 1222 846 1242 con-

105 1257 210 1289 tendit
222 1268 333 1289 verum
346 1267 415 1288 esse
428 1256 512 1297 quod
522 1255 609 1292 dicit,
622 1265 663 1286 ne
675 1254 847 1286 sollicitum

103 1301 202 1332 faciat
216 1301 256 1332 ad
271 1300 476 1332 credendum.
510 1299 562 1330 Sic
575 1298 660 1340 apud
674 1297 847 1339 Virgilium

105 1345 218 1380 Sinon,
235 1344 311 1375 AEn.
335 1344 367 1375 ii.
395 1344 464 1374 136.
501 1345 571 1374 dum
593 1343 659 1373 vela
684 1343 802 1378 darent,
821 1344 848 1372 si

97 1387 182 1428 sorte
198 1389 357 1419 dedissent.
387 1387 427 1417 D.

148 1432 199 1462 44.
225 1432 357 1461 Insidias
383 1435 491 1461 nostrae
512 1427 594 1470 fecit
623 1426 846 1468 adolescentiae]

106 1474 196 1505 Bene
222 1484 257 1505 se
283 1473 430 1514 adjungit
454 1472 495 1503 ad
521 1471 654 1509 crimen,
680 1477 717 1502 ut
743 1470 848 1502 elevet

103 1517 241 1558 culpam.
275 1518 407 1548 Insidias
417 1513 608 1555 nostraesecit
622 1512 845 1554 adolescentiae]

105 1560 193 1591 Mire
217 1562 345 1591 insidias
372 1559 478 1590 dixit:
518 1565 555 1590 ut
581 1558 637 1588 diu
663 1563 847 1598 comparata

104 1614 208 1641 causa,
226 1614 283 1645 per
298 1602 510 1644 ignorantiam
527 1601 679 1642 dolosque
695 1599 781 1641 capti
796 1599 844 1631 vi-

103 1646 249 1678 deantur.
286 1645 520 1686 Adolescentiae]
537 1646 729 1686 Opportuna
743 1643 846 1674 aetatis

103 1690 373 1727 commemoratio,
389 1688 464 1729 πρὸς
478 1688 538 1726 τὴν
550 1687 750 1727 συγγνώμην.
781 1687 822 1717 D.

146 1735 199 1765 45.
217 1735 367 1765 Nostrone
382 1744 418 1764 ea
432 1734 522 1772 culpa
536 1736 590 1768 est,
607 1742 646 1761 an
657 1731 797 1771 judicum
810 1728 844 1770 ?]

104 1776 272 1808 Potentior
291 1776 374 1807 facta
393 1775 552 1806 sententia
568 1774 671 1815 est-173
687 1771 844 1813 ἐρωτήσει.

105 1820 149 1851 Et
164 1819 310 1856 oratorie,
330 1821 481 1850 Nostrone
502 1819 600 1857 culpa,
623 1829 662 1847 an
675 1817 816 1857 judicum
829 1818 845 1846 .⁹

103 1863 224 1904 duplex
239 1860 421 1901 μετάθεσιςε
446 1862 546 1892 altera
564 1861 597 1891 in
617 1865 845 1897 accusatorem,

102 1906 203 1938 altera
220 1906 254 1937 in
268 1906 402 1947 judices.
442 1905 486 1936 Et
505 1905 586 1935 bene
604 1913 694 1934 suam
718 1902 846 1934 miscuit

101 1960 282 1991 personam,
297 1956 331 1980 ut
343 1959 433 1980 reum
447 1948 591 1979 sublevet
606 1954 638 1977 et
650 1957 708 1977 suo
721 1946 843 1982 merito,

103 2000 136 2024 et
151 1993 357 2024 multitudine
370 2002 506 2022 reorum.
530 1992 681 2022 Nostrone
697 2000 733 2020 ea
748 1991 847 2029 culpa,

101 2048 142 2067 an
149 2037 290 2077 judicum
303 2035 336 2076 ?]
358 2035 443 2066 Mire
459 2033 636 2065 assurrexit
649 2033 682 2063 in
697 2032 848 2063 fiduciam

101 2079 287 2111 defensoris.
334 2079 417 2110 Nam
442 2088 539 2119 quum
563 2086 660 2118 supra
681 2075 722 2106 de
749 2075 847 2106 Anti-

101 2123 208 2164 phone
231 2122 358 2159 dixerit,
382 2132 468 2153 nunc
489 2120 601 2151 intulit
615 2124 727 2150 nostra.
762 2119 849 2149 D.—

101 2168 218 2198 Nostra
239 2172 285 2197 est
306 2167 404 2205 culpa,
427 2176 466 2195 an
483 2164 624 2204 judicum
637 2162 670 2203 ?]
696 2162 791 2197 Quod
813 2162 841 2193 si

100 2209 246 2251 oppressi
257 2209 381 2249 judicio
404 2218 523 2245 sumus,
546 2207 669 2238 crimen
696 2212 842 2236 nostrum

100 2252 225 2284 nullum
249 2259 308 2289 est,
327 2252 383 2283 sed
394 2251 541 2292 judicum
556 2250 682 2292 potius:
707 2248 762 2289 qui
778 2248 842 2279 fre-

100 2302 236 2336 quenter
269 2295 392 2326 invidia
431 2294 547 2325 tollunt
585 2292 749 2329 divitibus,
788 2298 844 2323 aut

101 2346 234 2380 propter
259 2338 510 2370 misericordiam
541 2336 663 2367 addunt
694 2335 846 2376 pauperi-

100 2382 169 2413 bus.
215 2382 381 2413 E.—Tres
407 2381 524 2412 Faerni
550 2379 625 2411 libri
648 2378 847 2420 praestantis-

100 2425 183 2462 simi,
207 2432 240 2456 et
261 2425 363 2456 nostri
379 2424 493 2465 optimi
514 2423 677 2460 exhibent,
701 2422 846 2452 Nostran’

100 2468 188 2508 cu'lpa
203 2479 239 2499 ea
255 2471 327 2499 est?
355 2469 392 2499 Β.

142 2511 194 2542 46.
220 2510 280 2545 Qui
298 2522 375 2551 ,ηερε
395 2516 519 2551 propter
540 2511 685 2541 invidiam
707 2510 845 2539 adimunt

100 2553 207 2594 diviti]
233 2555 355 2585 Notum
378 2553 470 2585 alteri
487 2556 506 2574 ⁸
524 2552 654 2594 (Notum
675 2556 731 2588 est,
755 2553 846 2582 alteri

99 2600 257 2628 detrahere
283 2597 337 2635 Z.)
355 2597 408 2637 qui
424 2596 580 2627 invident.
614 2596 654 2627 D.

142 2641 192 2673 47.
222 2641 285 2670 Aut
311 2645 435 2679 propter
463 2641 698 2671 misericordiam
730 2639 847 2668 addunt

93 2683 240 2724 pauperi]
260 2683 473 2714 Posteriorem
486 2693 615 2713 causam
626 2680 844 2713 honestiorem

97 2727 216 2769 posuit,
247 2736 288 2757 ne
318 2725 631 2767 non.Antiphonem
662 2723 843 2761 defendere,

97 2770 153 2801 sed
169 2780 318 2801 accusare
329 2768 455 2808 judices
471 2768 642 2799 videretur.
667 2770 731 2798 Aut
751 2777 843 2806 prop—

97 2819 144 2845 ter
157 2811 407 2852 misericordiam]
431 2811 575 2842 Primum
591 2810 762 2841 ἀντίθετον.
800 2809 844 2840 Et

96 2857 234 2888 oratorie
250 2862 397 2886 naturam
406 2854 550 2895 ‚iudicum
565 2853 610 2893 τῷ
626 2853 770 2893 διορισμῷ
786 2862 842 2883 ex-

94 2900 227 2942 pedivit.
263 2899 480 2938 D.—Propter
503 2895 755 2937 misericordiam]
784 2896 842 2926 So-

95 2943 205 2974 tades:
229 2942 266 2974 ‘0
294 2940 390 2979 πένης
417 2941 562 2977 ἐλεεῖται,
592 2940 610 2971 ὁ
632 2937 667 2971 δὲ
692 2938 845 2971 πλούσιος

887 953 1021 991 μᾶλλον,
1049 953 1070 990 ἢ
1097 954 1248 984 πλουτεῖν
1278 955 1390 986 κακῶς·
1415 952 1458 985 Τὸ
1486 953 1546 994 μὲν
1571 955 1633 998 γὰρ

889 995 990 1033 ἔλεον,
1006 994 1044 1027 τὸ
1060 995 1086 1027 δ’
1103 997 1280 1035 ἐπιτίμησιν
1295 995 1390 1037 φέρει.
1424 998 1451 1028 L

932 1040 983 1070 48.
1014 1040 1060 1070 Ni
1089 1050 1200 1070 nossem
1230 1051 1359 1077 causam,
1385 1043 1534 1072 crederem
1563 1053 1634 1073 vera

889 1084 966 1113 hunc
978 1081 1074 1123 loqui]
1094 1082 1287 1114 Suavissime
1300 1083 1443 1114 laudavit
1455 1091 1612 1116 oratorem
1624 1096 1632 1116 z

889 1125 944 1166 qui
959 1125 1067 1156 omnia
1079 1125 1119 1156 ad
1135 1125 1391 1167 persuadendum
1406 1127 1522 1159 idonea
1534 1128 1632 1159 advo-

889 1179 974 1205 cans,
988 1168 1092 1200 solum
1107 1169 1271 1200 conscium
1287 1180 1350 1200 non
1364 1170 1498 1201 adduxit
1510 1171 1550 1202 ad
1562 1181 1632 1202 cre-

889 1211 1039 1243 dendum.
1064 1213 1109 1243 Ni
1124 1223 1236 1243 nossem
1252 1224 1381 1250 causam,
1397 1216 1547 1245 crederem
1562 1226 1634 1246 vera

890 1257 967 1286 hunc
982 1254 1079 1296 loqui]
1095 1255 1233 1296 Oblique
1247 1263 1343 1297 poeta
1358 1267 1392 1288 se
1411 1257 1564 1288 laudavit.
1591 1258 1632 1289 D.

890 1300 980 1329 —Ni
995 1310 1107 1330 nossem
1126 1298 1264 1340 causam]
1289 1299 1374 1331 Satis
1396 1299 1539 1332 laudavit
1560 1311 1632 1332 ora-

891 1341 1012 1372 tionem
1044 1341 1209 1379 Phaedriae,
1234 1342 1392 1383 siquidem
1419 1350 1541 1375 tantam
1567 1344 1633 1375 vim

891 1391 1152 1425 argumentorum
1169 1385 1262 1416 duxit
1274 1396 1344 1417 esse
1358 1386 1392 1418 in
1409 1386 1562 1424 oratione,
1586 1386 1635 1418 uti

890 1428 1037 1459 crederet
1052 1438 1127 1459 vera
1141 1428 1215 1466 dici,
1239 1428 1273 1459 ni
1293 1428 1363 1470 ipse
1387 1429 1503 1461 melius
1525 1435 1636 1462 nosset

890 1470 1068 1502 veritatem.
1101 1471 1139 1503 E.

932 1515 985 1545 49.
1001 1517 1052 1545 An
1078 1517 1234 1555 quisquam
1250 1514 1351 1555 judeo:
1376 1520 1430 1553 est,
1456 1518 1508 1557 qui
1527 1518 1633 1556 possit,

889 1557 963 1598 eta]
980 1558 1127 1599 Apparet
1148 1559 1215 1598 jam
1241 1568 1430 1600 persuasum
1455 1559 1526 1590 seni
1553 1570 1633 1598 esse,

888 1611 1000 1631 verum
1027 1601 1246 1632 adversarium
1272 1601 1371 1632 fuisse
1396 1602 1634 1641 Phormionem,

889 1653 954 1675 non
966 1644 1143 1684 subjectum
1156 1651 1250 1685 atque
1262 1644 1445 1686 appositum
1454 1646 1634 1687 sycophan-

889 1693 971 1718 tam:
990 1687 1075 1718 unde
1088 1688 1129 1718 ad
1142 1687 1228 1719 aliud
1243 1687 1366 1725 transit,
1379 1694 1415 1719 ut
1423 1696 1552 1720 accuset
1561 1699 1634 1731 seg-

889 1730 1003 1762 nitiem
1024 1730 1058 1761 in
1080 1731 1314 1772 respondendo,
1330 1742 1401 1772 quae
1424 1731 1526 1763 levior
1540 1732 1637 1774 culpa

890 1779 947 1804 est.
982 1774 1043 1811 Ita,
1059 1782 1095 1805 ut
1110 1774 1298 1806 cedentibus
1312 1785 1382 1806 mos
1398 1782 1456 1813 est,
1478 1775 1635 1816 paulatim

889 1816 959 1847 seni
974 1817 1101 1858 singula
1116 1824 1348 1858 extorquentur
1363 1828 1381 1849 e
1397 1818 1554 1850 manibus.
1591 1819 1634 1850 D.

887 1862 982 1891 —An
997 1863 1153 1901 quisquam
1175 1866 1221 1892 est
1235 1860 1350 1902 judex]
1376 1861 1450 1892 Hoc
1471 1861 1633 1903 proponit,

888 1903 974 1944 quod
997 1904 1091 1944 (quod
1104 1906 1186 1934 haud
1207 1903 1261 1944 Z.)
1282 1903 1404 1935 invitus
1419 1911 1549 1936 coactus
1571 1905 1632 1936 sit:

888 1946 1046 1987 siquidem
1062 1947 1171 1984 tacuit,
1192 1957 1296 1988 neque
1317 1948 1450 1978 verbum
1466 1947 1568 1979 ullum
1581 1958 1634 1980 re-

890 1989 1030 2031 spondit.
1067 1989 1134 2021 Hic
1157 1990 1300 2022 defensio
1315 1990 1371 2021 illa
1391 1990 1533 2032 ponitur,
1549 1992 1636 2032 quod

890 2032 1077 2064 adolescens
1098 2033 1239 2074 cogitare
1262 2033 1391 2074 quidem
1414 2034 1522 2075 potuit
1545 2034 1634 2075 (ado-

891 2078 1002 2107 lescens
1024 2078 1158 2117 cogitata
1180 2078 1261 2117 loqui
1282 2088 1339 2108 non
1359 2079 1494 2116 potuerit
1518 2077 1583 2116 Z.),
1598 2084 1636 2109 ut

891 2130 958 2161 prae
970 2119 1079 2151 dolore
1095 2125 1128 2151 et
1143 2120 1337 2151 verecundia
1352 2130 1534 2162 oppressus.
1563 2121 1604 2152 E.

930 2164 980 2193 50.
1002 2164 1067 2194 Tua
1083 2162 1191 2204 justa]
1210 2163 1340 2194 Diserte
1355 2163 1458 2204 magis
1481 2170 1515 2195 et
1540 2164 1634 2196 abso·-

886 2205 964 2243 lute‚
990 2207 1057 2237 Tua
1072 2206 1184 2247 jusea:
1218 2216 1313 2247 quam
1340 2205 1368 2237 si
1392 2206 1486 2237 aliter
1502 2206 1634 2239 diceret.

893 2251 952 2280 Ubi
967 2254 1030 2280 tute
1045 2249 1182 2290 verbum]
1202 2249 1277 2280 Non
1291 2249 1392 2281 dixit:
1407 2261 1516 2290 parum
1528 2252 1635 2283 dicas.-

887 2293 943 2324 sed
958 2295 1088 2323 verbum.
1122 2293 1163 2323 D.

935 2336 984 2366 51.
1002 2337 1054 2367 Ito
1069 2341 1104 2367 ut
1119 2337 1171 2367 ille
1177 2334 1258 2376 fecit
1267 2334 1301 2376 ?]
1321 2335 1416 2367 Unde
1428 2335 1511 2367 scit?
1527 2346 1569 2367 an
1581 2336 1638 2369 illa

891 2385 995 2420 poetae
1011 2379 1112 2410 virtus
1129 2386 1186 2416 est,
1204 2379 1289 2420 quod
1300 2379 1408 2410 omnia
1423 2385 1497 2410 ante
1513 2379 1637 2412 inducit

891 2422 1080 2463 cognovisse
1093 2434 1100 2452 :
1124 2432 1166 2453 ne
1181 2422 1215 2453 in
1228 2432 1333 2460 scena,
1349 2422 1417 2453 haec
1434 2429 1470 2454 ut
1484 2433 1567 2454 nova
1578 2433 1636 2455 au-

889 2465 990 2503 diens,
1007 2465 1137 2506 tragicis
1152 2465 1292 2497 motibus
1307 2465 1484 2497 insaniret?
1501 2467 1637 2499 Functus

888 2510 1102 2540 adolescentuli
1127 2514 1172 2540 est
1202 2507 1342 2549 officium]
1373 2508 1522 2540 Oratorie
1549 2510 1635 2550 quod

889 2552 1049 2592 objectum
1072 2558 1130 2589 est,
1161 2562 1226 2583 non
1258 2551 1408 2593 purgavit
1437 2552 1542 2589 modo,
1576 2553 1634 2585 sed

890 2596 987 2626 etiam
1004 2595 1043 2626 ad
1058 2594 1183 2626 laudem
1199 2595 1376 2626 convertit:
1393 2595 1478 2635 quod
1489 2595 1636 2628 rhetores

888 2636 1084 2678 περίστασιν,
1101 2638 1221 2669 dicunt.
1242 2638 1284 2669 Et
1296 2638 1355 2669 hoc
1368 2638 1408 2669 de
1424 2638 1631 2680 Apollodoro.

887 2683 1023 2712 Functus
1037 2683 1252 2712 adolescentuli
1267 2686 1312 2712 est
1333 2683 1457 2720 officium
1480 2682 1633 2725 liberalis]

889 2724 1056 2755 Derivatio
1083 2735 1204 2755 causae:
1229 2730 1262 2755 et
1286 2731 1336 2756 est
1362 2724 1496 2756 venialis
1520 2732 1632 2758 status.

888 2769 1023 2798 Functus
1037 2769 1250 2798 adolescentuli
1264 2773 1309 2799 est
1329 2770 1454 2807 officium
1476 2769 1631 2811 liberalis]

888 2810 1060 2851 Ingeniose
1076 2820 1141 2841 non
1163 2811 1294 2852 negavit
1315 2811 1374 2842 hoc
1389 2811 1522 2849 crimen,
1537 2822 1630 2845 occa·

886 2853 1010 2927 {onem
1038 2853 1142 2885 laudis
1166 2853 1206 2884 de
1229 2853 1430 2886 confessione
1456 2862 1630 2888 sumturus.

922 2919 982 2970 ⁰52.
1002 2925 1137 2978 officiunt
1154 2939 1308 2981 liberalis]
1325 2940 1480 2973 potenter
1495 2919 1632 2982 offlam-

95 2986 263 3026 φθονεΐται.
303 2984 523 3026 Antiphanes:
549 2984 663 3015 Καλῶς
691 2981 840 3015 πένεσθαι
883 2982 1039 3022 nominat,
1066 2983 1152 3025 quod
1177 2983 1233 3016 ille
1256 2986 1369 3017 crim
1389 2984 1539 3027 appellat.
1585 2986 1631 3018 Et
