1852 3216
109 130 251 161 sesua
271 117 359 175 nt]

703 118 1063 164 PHORMIO.

1560 126 1647 169 599

168 207 253 251 Pu.
276 208 435 264 Neque
455 209 550 265 ejus
571 216 738 266 patrem
758 224 806 253 se
825 211 934 254 scire
955 211 1030 267 qui
1049 210 1207 255 fuerit?
1253 211 1344 256 Gn.
1366 211 1530 269 Negat.

165 274 251 317 ΡΗ.
274 274 371 317 Nec
392 273 661 331 Stilphonem
680 276 821 332 ipsum
842 278 952 320 scire
971 278 1047 333 qui
1066 277 1226 321 fuerit?
1276 278 1366 321 Gr..
1390 279 1553 336 Negat.

111 347 151 378 10
169 339 254 382 Pu.
278 340 395 388 Quia
413 356 544 397 egens
564 341 712 384 relicta
731 349 799 385 est
817 343 986 394 misera,
1007 343 1230 399 ignoratur
1248 358 1424 400 parenS,

167 405 418 462 Negligitur
438 407 555 462 ipsa:
588 407 700 457 vide,
721 408 896 450 avaritia
915 409 1020 464 quid
1040 408 1155 451 facit.

167 471 255 513 GE.
280 471 327 513 Si
347 472 499 514 herum
518 472 779 515 insimulabis
800 474 1003 525 avaritiae,
1024 473 1132 516 male
1153 475 1321 517 audies.

167 537 258 579 DE.
282 538 325 579 Ο
346 539 593 581 audaciam!
626 540 753 582 etiam
773 555 839 582 me
860 539 974 582 ultro
993 547 1240 582 accusatum
1261 541 1463 584 advenit?

167 602 253 645 Pu.
278 603 394 645 Nam
408 605 498 659 jam
517 604 782 647 adolescenti
801 604 906 647 nihil
925 612 992 647 est
1012 605 1130 660 quod
1152 621 1442 658 succenseam,

111 676 150 707 15
168 668 216 710 Si
234 668 351 711 illum
370 670 508 711 minus
530 680 679 712 norat:
711 671 872 727 quippe
892 669 1022 712 homo
1036 671 1127 726 jam
1145 671 1365 727 grandior,

153 760 182 790 8.
198 760 304 800 Neque
316 759 382 800 ejus
390 765 508 800 patrem
516 771 548 791 se
557 762 644 797 scire,
653 759 852 802 quisuerit?]

110 802 333 843 Ambiguitas:
357 813 428 844 quae
444 810 552 834 tamen
574 813 671 835 sensu
694 803 851 835 discerni-

109 852 171 876 tur.
210 846 250 876 D.

152 890 182 920 9.
195 890 262 920 Nec
271 890 453 929 Stilphonem
463 891 560 929 ipsunt
570 891 646 921 scire
655 888 810 930 quisuerit
817 889 851 931 P]

110 931 192 963 Haec
216 932 411 964 asseveratio
436 932 624 964 mentientis
648 939 706 969 est,
727 932 853 964 imitata

107 976 287 1006 veritatem.
334 976 400 1006 Nec
427 977 609 1015 Stilphonem
633 978 730 1016 ipsum
755 975 850 1017 scire]

108 1019 213 1054 Quam
222 1018 321 1049 multa
329 1018 577 1050 calumniatores
586 1018 745 1050 clamandi
755 1030 852 1050 causa

106 1061 230 1098 dicunt,
254 1069 287 1092 et
312 1061 523 1092 vociferandi:
558 1069 595 1093 ut
618 1062 690 1103 ipso
712 1063 849 1104 strepitu

107 1111 259 1136 terreant.
307 1106 374 1135 Nec
403 1106 586 1145 Stilphonem
615 1104 730 1146 ipsam]
762 1105 849 1137 Tan·

107 1148 240 1179 tundem
264 1148 349 1188 quod
374 1158 482 1190 supra,
510 1159 602 1189 neque
627 1148 693 1189 ejus
721 1154 848 1189 patrem.

107 1191 197 1223 Scire
217 1191 371 1222 debemus
393 1192 454 1222 hoc
477 1202 594 1223 nomen
617 1202 682 1223 non
698 1192 808 1223 fictum
831 1203 851 1224 a

106 1234 257 1276 parasito,
273 1234 330 1266 sed
345 1235 491 1266 auditum
507 1245 527 1265 a
546 1234 664 1276 puella,
682 1246 753 1276 quae
767 1246 850 1266 uxor

107 1278 204 1309 ducta
225 1278 277 1314 sit,
293 1277 367 1309 dici.
405 1277 526 1319 Negat]
549 1277 713 1318 Σύλληψις
734 1279 847 1320 prima.

108 1321 194 1352 Nam
221 1321 423 1352 extrinsecus
447 1321 643 1352 audiendum
666 1328 725 1358 est,
750 1328 848 1362 pater.

108 1364 346 1395 D.——-Bentleio
361 1365 490 1395 videtur
505 1375 616 1396 versus
630 1374 701 1395 esse
721 1365 851 1406 spurius

106 1415 286 1449 propterea,
303 1408 388 1448 quod
406 1407 557 1438 Phormio
570 1408 622 1438 hic
636 1418 753 1439 nomen
771 1408 847 1439 Stil-

106 1451 224 1492 phonis
234 1458 352 1487 teneat,
362 1452 447 1491 quod
457 1450 543 1482 infra
553 1461 634 1482 vers.
645 1452 696 1481 40.
713 1458 848 1492 repente

107 1494 226 1525 oblitus
248 1494 299 1525 sit.
335 1494 433 1525 Male.
480 1495 565 1525 Nam
596 1494 747 1531 mendax,
773 1505 847 1535 per-

107 1538 317 1578 turbatusque
335 1548 399 1568 non
423 1547 553 1579 semper
573 1547 696 1568 memor
710 1546 760 1569 est
779 1538 848 1569 dic·

104 1585 221 1612 torum.
268 1581 349 1612 Fere
377 1580 472 1611 etiam
503 1580 559 1612 ubi
587 1580 660 1621 quis
686 1580 727 1611 de
752 1582 849 1612 rebus

104 1623 237 1660 laborat,
254 1624 359 1655 solent
374 1624 506 1655 nomina
520 1624 640 1665 fugere.
673 1624 708 1655 Z.

151 1669 200 1698 10.
220 1669 300 1701 Quia
314 1678 403 1708 egens
422 1669 531 1698 relicta
545 1672 591 1698 est
605 1666 732 1708 misera]
750 1667 847 1698 Com-

103 1710 213 1741 munis
233 1710 323 1741 locus
342 1711 376 1741 in
399 1710 544 1742 avaritiae
564 1710 775 1751 generalitate
789 1721 846 1752 ap-

103 1753 283 1795 probatior:
308 1753 433 1784 facilius
448 1754 534 1784 enim
552 1754 611 1784 hoc
631 1753 672 1784 de
687 1753 846 1791 omnibus,

103 1807 198 1837 quam
226 1797 267 1828 de
295 1797 500 1838 Demiphone
525 1797 692 1828 credatur:
717 1803 750 1827 et
771 1797 846 1829 ideo

102 1842 262 1881 ignoratur
277 1840 369 1876 dixit,
386 1847 418 1871 et
438 1842 626 1881 negligitur:
650 1850 725 1876 non,
746 1840 843 1881 Igno-

102 1890 163 1919 rat,
186 1893 256 1921 nec,
280 1883 427 1924 Negligit
450 1883 622 1924 Demipho.
660 1883 842 1924 Ignoratur]

103 1926 179 1957 Non
217 1927 410 1967 agnoscitur,
447 1926 652 1968 ignorarique
688 1926 841 1967 fingitur:

100 1969 162 2000 hoc
185 1970 272 2001 enim
295 1970 456 2011 significat
479 1969 581 2001 modo.
627 1969 761 2010 Patens]
786 1970 848 2001 Pa-

101 2019 160 2044 ter.
216 2013 302 2044 Nam
330 2020 367 2044 ut
394 2012 543 2050 variaret,
566 2018 722 2053 parentem
754 2013 848 2050 dixit,

100 2066 197 2096 quem
220 2067 319 2098 supra
338 2057 465 2087 dixerat
483 2061 610 2095 patrem.
650 2056 779 2087 Patrem
796 2066 847 2087 er-

99 2110 142 2139 go
165 2100 245 2131 dicit
266 2099 382 2142 puellae
412 2110 431 2131 a
460 2099 665 2141 Demiphone
693 2099 845 2141 ignorari.

146 2187 195 2217 ll.
217 2187 397 2227 Negligitur
418 2184 503 2227 ipsa]
527 2185 612 2221 Quia
633 2185 705 2216 fieri
726 2192 842 2226 potest,

100 2235 138 2260 ut
161 2229 216 2270 qui
243 2229 370 2270 ignoret
396 2236 547 2271 parentes
569 2228 695 2271 puellae,
723 2228 757 2259 id
783 2235 842 2264 est,

98 2272 248 2314 ignorare
258 2283 294 2303 se
308 2273 404 2309 dicat,
418 2281 526 2303 tamen
542 2272 645 2314 ipsam
658 2282 722 2303 non
739 2271 840 2313 negli-

97 2322 153 2356 gat
184 2315 340 2357 puellam:
367 2323 539 2356 utrumque
563 2322 757 2356 conquestus
783 2322 842 2347 est.

98 2360 244 2390 Avaritia
259 2361 326 2391 vide
341 2358 506 2400 quidsacit
517 2357 547 2400 .']
573 2359 653 2389 Haec
668 2368 843 2390 conversus

97 2401 139 2432 ad
161 2401 317 2433 circulum
338 2410 371 2433 et
391 2412 543 2433 coronam
565 2401 843 2433 circumstantium

98 2444 186 2481 dicit,
219 2451 251 2476 et
280 2446 497 2486 conqueritur.
558 2445 659 2476 Nulla
689 2445 776 2476 enim
805 2455 842 2476 re

97 2488 200 2528 magis
228 2488 367 2530 populus
393 2488 583 2526 counimur,
614 2498 709 2529 quam
740 2488 842 2529 siquis

98 2541 237 2571 egenum
273 2538 482 2563 contemnat:
521 2531 597 2563 inde
639 2538 672 2562 et
709 2531 842 2562 Sallust.

98 2573 193 2605 Catil.
213 2574 265 2606 37.
302 2575 398 2605 Bonis
418 2576 562 2611 invident,
578 2580 609 2606 el
630 2576 723 2605 naloe
744 2576 840 2606 extol-

99 2618 174 2648 lunt.
209 2619 352 2648 Avaritia
366 2616 451 2658 wide]
476 2618 611 2660 Proprie
630 2620 698 2649 vide
720 2624 840 2648 stoma-

97 2660 268 2691 chantibus
288 2661 448 2698 convenit,
464 2660 519 2701 qui
541 2660 764 2702 indignatione
785 2671 839 2691 co-

97 2711 219 2745 guntur
234 2702 325 2744 quasi
340 2713 413 2734 cum
429 2703 537 2744 aliquo
551 2703 698 2744 colloqui.
737 2702 790 2734 Sic
806 2703 841 2735 in

98 2746 268 2788 Adelphis,
296 2748 375 2777 illud
395 2749 438 2777 sis
458 2748 535 2782 vide,
556 2748 722 2786 exemplans
747 2748 841 2778 disci-

92 2793 214 2831 plina!
237 2790 322 2821 Sunt
346 2789 402 2830 qui
428 2795 545 2831 putent
567 2789 659 2820 illum
681 2788 778 2820 alicui
799 2789 841 2820 de

96 2843 215 2865 corona
237 2832 514 2864 circumstantium
536 2832 643 2863 dicere
665 2831 838 2863 moraliter.

96 2877 331 2908 D.—Avarilia
345 2874 526 2916 quidsaeit]
539 2874 738 2906 Menand—
745 2874 839 2915 ἔργον

97 2921 198 2960 εὑρεῖν
224 2920 380 2959 συγγενεῖ
401 2917 542 2957 ninam&
568 2919 665 2957 ἐστιν,
694 2917 766 2950 οὐδὲ
794 2917 838 2951 εἷς

95 2962 159 3004 γὰρ
181 2963 338 3003 ὀμολινγεῖ
357 2962 450 3003 Αὐτῷ·
471 2960 651 3003 προσήκειν,
675 2961 734 2994 τὸν
757 2963 836 3000 Bon·

897 761 980 793 θείας
994 761 1079 793 τινὸς
1094 760 1261 800 Δεόμενον.
1293 763 1329 794 B.

943 806 990 835 12.
1013 806 1049 835 Si
1069 806 1172 836 herum
1195 808 1384 838 insimulabis
1405 807 1563 850 avaritiae]
1586 811 1641 841 In-

895 850 1047 884 simulare,
1071 854 1121 878 est
1142 848 1264 880 crimen
1287 850 1445 891 ingerere.
1481 853 1516 883 Si
1537 854 1642 885 hmn

896 890 1103 931 insimulabis]
1121 893 1314 923 Insimulatio
1326 900 1376 924 est
1389 901 1421 925 et
1436 894 1508 926 salsi
1524 902 1557 926 et
1573 896 1641 928 veri

896 933 1041 964 criminis
1064 933 1240 966 incusatio:
1266 935 1312 967 sic
1339 936 1407 967 Cic.
1435 938 1505 969 Cat.
1534 938 1581 970 iii.
1609 941 1639 971 5.

895 978 988 1007 Nihil
1000 988 1100 1008 eorum
1114 989 1181 1018 quoe
1199 980 1283 1009 Galli
1303 982 1528 1018 insimulabant,
1544 993 1639 1023 nega-

894 1025 975 1051 runt.
1020 1021 1165 1051 Ins-imula
1193 1021 1338 1062 genitivo
1364 1024 1522 1064 jungitur.
1553 1027 1640 1057 Male

893 1062 1016 1103 audies]
1050 1063 1180 1094 Scilicet
1208 1074 1227 1095 a
1256 1075 1318 1096 me.
1358 1066 1641 1100 D.—Insimulabis

893 1105 1038 1147 malitia]
1052 1106 1090 1136 V.
1103 1107 1141 1137 C.
1154 1110 1302 1139 avariliae.
1328 1109 1535 1142 L.—Omnes
1545 1112 1639 1143 codd.

894 1156 928 1180 et
964 1150 1112 1181 Donatus
1138 1150 1266 1188 Faerni,
1290 1154 1438 1184 malitiae:
1469 1153 1505 1184 it.
1529 1165 1570 1186 ex
1593 1161 1643 1187 tot

893 1193 1012 1224 nostris
1028 1203 1111 1224 unus
1126 1200 1252 1225 tantum
1266 1198 1415 1227 avaritiae.
1450 1196 1485 1228 Β.

938 1237 987 1267 13.
1008 1238 1033 1267 Ο
1048 1238 1208 1268 audaciam
1219 1237 1249 1279 !]
1277 1238 1357 1270 Haec
1378 1239 1569 1271 exclamatio
1585 1251 1638 1273 os-

893 1279 998 1310 tendit
1011 1279 1087 1319 quid
1111 1281 1243 1311 absente
1264 1288 1357 1322 patre
1380 1282 1561 1315 defenderit
1576 1285 1638 1326 (of-

884 1321 1024 1362 senderit
1042 1322 1104 1354 Ms.
1124 1323 1262 1363 Boend.)
1280 1324 1375 1356 filius.
1417 1327 1443 1357 Ο
1457 1329 1640 1361 audaciam!

892 1368 983 1396 etiam
993 1377 1039 1397 me
1049 1366 1129 1397 ultro
1140 1373 1313 1398 accusatum
1322 1369 1444 1400 advenit
1450 1369 1484 1410 2]
1497 1370 1562 1401 Hic
1569 1372 1638 1411 jam

893 1408 1084 1444 ostenditur,
1112 1420 1300 1450 persuasum
1329 1421 1400 1443 esse
1427 1412 1637 1455 Demiphoni,

892 1451 958 1483 vim
980 1451 1156 1483 adhibitam
1173 1453 1240 1484 filio
1262 1464 1331 1491 suo,
1347 1464 1481 1486 uxorem
1498 1457 1615 1488 ducere
1626 1469 1636 1488 τ

892 1505 967 1531 uno,
984 1506 1083 1536 quum
1094 1496 1178 1527 hunc
1191 1499 1334 1528 audacem
1347 1498 1506 1539 appellat:
1524 1500 1636 1539 altero,

893 1538 977 1578 quod
1000 1538 1079 1569 dicit
1096 1541 1187 1570 etiam
1197 1552 1208 1574 ,·
1231 1550 1302 1580 quae
1317 1542 1501 1581 conjunctio
1517 1549 1550 1574 et
1564 1544 1637 1575 An-

892 1581 1059 1623 tiphonem
1074 1582 1308 1624 complectitur,
1324 1590 1357 1615 et
1371 1584 1418 1616 sic
1441 1593 1636 1619 accusatum.

894 1624 1070 1666 E.—-Lege
1099 1636 1173 1657 cum
1203 1626 1273 1657 cod.
1306 1627 1386 1667 Reg.
1417 1631 1547 1660 etiamne
1575 1641 1637 1672 pro

891 1670 983 1699 etiam
1004 1679 1058 1699 me.
1098 1668 1151 1700 Sic
1175 1669 1268 1700 Adel.
1291 1670 1333 1701 iv.
1358 1672 1387 1702 3.
1412 1672 1442 1702 5.
1480 1674 1636 1706 Accusm

891 1721 1018 1752 quoque
1032 1712 1177 1743 absolute
1193 1713 1333 1754 ponitur.
1366 1714 1404 1744 Β.

937 1755 985 1785 14.
1001 1756 1083 1786 Nam
1096 1755 1167 1795 jam
1188 1758 1370 1788 adolescenti
1390 1759 1470 1788 nihil
1489 1764 1536 1790 est
1556 1761 1637 1800 quod

887 1798 1092 1839 succenseam]
1110 1799 1163 1829 Sic
1179 1799 1341 1831 subtiliter
1355 1810 1392 1831 ac
1404 1800 1545 1833 latenter
1555 1813 1634 1844 pur-

887 1848 983 1881 gatur
995 1851 1014 1872 a
1030 1841 1225 1873 Phormione
1237 1843 1322 1883 apud
1334 1850 1459 1885 patrem
1476 1845 1633 1887 Antipho.

890 1884 974 1915 Nam
990 1895 1087 1925 quum
1101 1884 1189 1922 dicit,
1205 1887 1284 1916 nihil
1294 1892 1339 1917 est
1354 1889 1435 1927 quod
1447 1899 1635 1920 succenseam

887 1929 1078 1965 adolescenti,
1090 1928 1271 1959 ostenditur
1284 1929 1388 1960 adbuc
1401 1932 1633 1971 succensuisse,

893 1977 926 2001 et
948 1970 1080 2002 inimico
1105 1971 1205 2002 fuisse
1227 1971 1345 2003 animo.
1383 1973 1493 2008 Quum
1523 1982 1633 2007 autem

892 2013 990 2050 addit,
1002 2016 1037 2045 Si
1050 2016 1134 2045 illum
1146 2017 1244 2045 minus
1255 2022 1355 2052 norat,
1364 2016 1546 2049 ostenditur
1553 2029 1633 2050 con-

892 2057 1062 2088 tradixisse
1084 2057 1156 2095 sibi,
1179 2065 1212 2089 et
1233 2058 1392 2090 restitisse
1408 2060 1541 2100 judicio.
1587 2061 1635 2094 Et

890 2099 936 2130 sic
958 2100 1045 2137 dicit,
1062 2100 1147 2141 quod
1169 2101 1197 2132 si
1218 2101 1405 2133 adolescens
1427 2113 1493 2134 non
1514 2114 1632 2145 agnos-

887 2153 964 2174 cens
985 2143 1135 2185 puellam,
1156 2143 1283 2175 veniam
1305 2155 1370 2176 non
1387 2145 1475 2185 (dele
1496 2157 1555 2178 non
1578 2147 1634 2188 Z.)

887 2186 1050 2224 meruerit,
1066 2194 1160 2228 pater
1180 2194 1297 2229 negata
1316 2195 1454 2230 cognata
1467 2189 1544 2221 ferri
1565 2201 1633 2223 non

886 2229 999 2270 possit.
1046 2231 1139 2261 Nihil
1159 2236 1206 2262 est
1226 2233 1306 2272 quod
1326 2232 1531 2274 succenseam]
1555 2235 1633 2266 Sue-

886 2284 1005 2304 censere
1034 2273 1172 2304 dicimus
1202 2284 1285 2311 eum,
1308 2274 1363 2315 qui
1394 2286 1492 2316 quum
1522 2287 1632 2310 amare

888 2315 996 2354 (forte,
1012 2319 1111 2347 amari
1134 2316 1189 2355 Z.)
1205 2317 1330 2355 debeat,
1353 2317 1448 2350 laesus
1468 2318 1629 2353 irascitur.

888 2359 931 2390 Et
954 2359 1037 2395 vide,
1060 2366 1098 2390 ut
1118 2361 1311 2392 veteratorie
1331 2362 1481 2394 ostendat
1501 2370 1631 2396 contra—

886 2401 1008 2434 dixisse
1024 2402 1272 2435 adolescentem.
1304 2404 1344 2435 D.

932 2446 980 2476 15.
998 2447 1033 2477 Si
1047 2448 1133 2477 illum
1149 2449 1247 2478 ninus
1261 2446 1365 2488 norat]
1384 2447 1459 2479 Non
1473 2448 1559 2481 dixit
1571 2462 1631 2483 non

884 2494 992 2519 norat:
1024 2489 1091 2526 sed,
1113 2491 1214 2521 minus
1235 2496 1347 2522 norat:
1378 2491 1471 2532 quasi
1496 2499 1530 2524 et
1555 2492 1628 2536 ipse

884 2541 979 2563 nosse
1000 2532 1158 2564 debuerit.
1206 2535 1323 2574 Quippe
1344 2534 1444 2575 homo]
1478 2535 1630 2578 Repente

885 2575 1000 2606 transit
1014 2575 1055 2606 ad
1071 2575 1316 2614 nominativum,
1328 2587 1426 2617 quum
1442 2588 1541 2620 supra
1552 2580 1626 2612 dix-

883 2617 946 2649 erit
960 2620 1066 2650 inum.-
1089 2626 1122 2650 et
1142 2618 1234 2650 deest
1254 2625 1330 2656 erat,
1346 2620 1432 2661 quod
1453 2623 1635 2656 assumim-

884 2661 925 2692 ab
940 2660 1102 2693 inferiore.
1139 2663 1210 2693 Jam
1227 2662 1395 2704 grandior]
1414 2663 1478 2696 Hic
1494 2676 1637 2709 compa-2

884 2704 1007 2735 rativus
1037 2715 1103 2736 non
1131 2705 1230 2736 habet
1257 2705 1536 2747 significationem,
1563 2721 1627 2752 qna

885 2747 988 2788 magis
1010 2747 1080 2778 sive
1103 2747 1212 2780 minus
1240 2748 1403 2790 significet
1428 2761 1448 2782 a
1475 2752 1624 2793 positivo.

886 2789 941 2826 Ut,
964 2790 1041 2821 AEn.
1057 2790 1099 2821 vi.
1116 2792 1190 2822 304.
1233 2793 1304 2823 Jan
1325 2795 1434 2831 senior,
1454 2796 1511 2826 sed
1529 2798 1626 2830 enda

882 2834 958 2870 Deo,
970 2835 1136 2875 viridisque
1149 2840 1293 2866 senectus.
1334 2835 1453 2878 Quippe
1465 2839 1548 2871 hono
1553 2840 1626 2881 jam

876 2875 1041 2918 grandior]
1064 2877 1306 2919 Arg-umentalis
1332 2879 1475 2912 narratio
1494 2881 1623 2922 dicitur,

880 2929 951 2960 quae
963 2930 1050 2952 nunc
1060 2922 1204 2961 subjecta
1213 2928 1263 2953 est-
1271 2921 1313 2953 ad
1327 2922 1423 2956 fidem
1432 2923 1623 2965 faciendam,

880 2969 915 2994 et
942 2963 1200 2997 constituendam
1228 2975 1401 3008 personam
1414 2967 1622 3003 ,defensoria
