1852 3216
99 155 239 187 semu
259 139 339 193 ιι.]’

680 136 1044 182 PHORMIO.

1543 137 1634 180 613

109 229 403 277 Vanitatis?
454 228 543 272 Do.
564 228 776 279 Minume,
797 228 900 271 dum
930 229 988 271 ob
1013 243 1118 271 rem.
1168 226 1259 271 Gn.
1290 225 1629 283 sterquilinium.

243 295 329 337 Pu.
352 294 507 345 Dorio,

157 361 281 405 Itane
301 360 473 402 tandem
491 359 631 402 facere
652 361 848 415 oportet?
900 359 990 402 Do.
1013 359 1086 401 Sic
1106 373 1224 401 sum:
1255 358 1290 400 si
1310 356 1475 414 placeo,
1491 363 1630 400 utere.

156 426 248 470 An.
273 426 414 468 Sicine
434 425 548 467 hunc
569 425 763 480 decipis?
806 425 895 467 Do.
919 426 1052 467 Immo
1072 425 1303 475 enimvero,
1321 423 1535 479 Antipho,
1558 423 1630 465 hic

244 507 312 533 me
334 492 495 546 decipit
510 507 521 533 2

158 557 275 600 Nam
305 557 374 599 hic
407 572 473 599 me
501 556 750 612 hujusmodi
780 557 943 599 sciebat
968 570 1090 598 esse:
1128 570 1211 612 ego
1237 555 1353 597 hunc
1384 569 1480 597 esse
1508 553 1632 596 aliter

246 623 425 665 credidi.

101 698 144 728 45
162 689 252 731 Iste
273 703 339 730 me
361 687 534 730 fefellit:
564 702 647 743 ego
666 687 737 729 isti
756 686 888 728 nihilo
908 702 1001 729 sum
1019 685 1143 729 aliter
1162 702 1212 729 ac
1228 686 1306 728 fui.

160 755 250 796 Sed
263 763 311 796 ut
323 762 371 796 ut
384 754 477 796 haec
492 762 606 804 sunt,
617 761 759 795 tamen
771 752 853 795 hoc
861 752 1030 794 faciam:
1052 767 1147 794 cras
1158 767 1282 794 mane
1294 758 1519 807 argentum
1529 748 1631 794 mihi

161 819 292 862 Miles
315 820 418 861 dare
440 834 485 861 se
506 819 638 861 dixit:
671 819 707 860 si
726 818 828 860 mihi
848 819 965 874 prior
983 826 1032 859 tu
1051 817 1260 867 attuleris,
1281 817 1499 867 Phaedria,

159 884 266 928 Mea
284 884 379 941 lege
395 892 507 935 utar,
529 892 577 926 ut
596 885 739 940 potior
758 885 828 935 sit,
848 884 923 940 qui
942 884 1061 939 prior
1078 883 1135 925 ad
1155 882 1412 925 dandum’st.
1455 880 1583 924 Vale.

358 1059 613 1110 ACTUS
660 1059 938 1108 TERTII
987 1057 1243 1106 SCENA
1284 1058 1379 1106 ΙΙΙ.

528 1185 771 1218 PHAEDRIA.
806 1185 868 1217 AN
874 1184 1031 1217 TIPHO.

1066 1183 1206 1216 GETA.

108 1312 111 1313 γ
162 1271 288 1320 Qun)
308 1269 488 1312 faciam?
518 1269 634 1311 unde
654 1283 738 1324 ego
766 1283 880 1310 nunc
900 1275 987 1310 tam
1018 1268 1161 1309 subito
1189 1266 1291 1309 huic
1320 1275 1544 1324 argentum
1571 1270 1635 1312 in-

248 1337 415 1378 veniam
434 1336 577 1385 miser,

163 1402 247 1444 Cui
265 1402 403 1443 minus
423 1400 556 1442 nihilo
576 1401 671 1442 est?
701 1399 818 1454 quod
838 1398 874 1440 si
891 1398 962 1441 hic
981 1400 1193 1455 potuisset
1212 1414 1326 1442 nunc
1344 1402 1563 1443 exorarier

165 1467 380 1510 Triduum
414 1465 521 1508 hoc:
559 1465 816 1521 promissum
848 1463 1004 1506 fuerat.

251 1547 361 1582 mur,
383 1531 514 1582 Geta,

1067 1463 1160 1506 AN.
1195 1464 1318 1506 Itane
1351 1464 1468 1508 hunc
1500 1467 1637 1522 patie-

162 1597 279 1640 Fieri
297 1598 511 1647 miserum,
534 1597 608 1651 qui
626 1611 693 1638 me
715 1595 893 1645 dudum,
909 1602 958 1637 ut
978 1595 1101 1646 dixti,
1122 1596 1335 1652 adjuverit
1355 1597 1563 1640 comiter?

126 1671 147 1701 5
165 1663 297 1714 Quin,
306 1678 436 1719 quum
445 1677 553 1718 opus
563 1669 644 1712 est,
653 1661 907 1704 beneficium
915 1675 1084 1703 rursum
1091 1661 1131 1703 ei
1139 1663 1411 1717 experiamur
1417 1663 1601 1705 reddere
1614 1664 1633 1705 ἲ

115 1776 119 1780 ,
167 1730 256 1773 GE.
289 1730 388 1772 Scio
418 1729 617 1784 equidem
645 1728 728 1771 hoc
757 1742 852 1770 esse
882 1741 1064 1782 aequom.
1123 1726 1216 1770 AN.
1247 1727 1347 1784 Age
1372 1743 1491 1784 ergo,
1516 1728 1636 1772 solus

253 1810 423 1837 servare
443 1794 558 1836 hunc
578 1801 716 1849 potes.

109 1896 247 1939 perfidia
267 1894 436 1937 anticipati
458 1893 612 1935 temporis
634 1904 704 1925 esse
726 1893 851 1924 confes-

109 1950 192 1972 sum.
238 1939 280 1970 D.
283 1941 432 1970 -Jamne
460 1949 498 1969 ea
532 1939 712 1977 preteriit?
757 1938 850 1972 Non,-

110 1994 211 2015 verum
240 1985 303 2013 haec
332 1985 360 2013 ei
388 1980 566 2022 antecessit]
606 1981 677 2011 Duo
707 1986 852 2021 tempora

111 2027 206 2058 ambo
218 2032 391 2057 tenuerunt
406 2024 551 2055 diversa:
578 2024 658 2055 Haec
673 2023 742 2054 dies
758 2034 850 2054 num-

110 2069 189 2111 quid
214 2068 392 2110 praeteriitt
426 2068 547 2099 Contra
567 2066 642 2098 leno
665 2066 851 2108 respondit:

113 2113 220 2145 Immo
245 2120 332 2143 retro
359 2111 475 2160 pedem
501 2110 586 2147 tulit,
609 2117 642 2141 et
664 2109 855 2152 propagavit

111 2167 157 2194 se,
172 2156 202 2187 h.
218 2166 245 2186 e.
258 2155 440 2191 antecessit,
453 2160 490 2185 ut
500 2153 604 2185 adhuc
617 2153 724 2184 futura
736 2153 787 2184 sit.
813 2152 853 2183 E.

155 2200 208 2230 41.
225 2196 471 2239 sterquilinium]
494 2197 628 2228 Plautus
646 2196 680 2227 in
698 2196 828 2227 Milite
819 2195 853 2227 ιι.

115 2243 143 2274 1.
171 2243 274 2274 11.—
285 2243 443 2282 gloriosus,
474 2242 638 2280 impudens,
670 2241 852 2277 Stercoreus,

108 2287 218 2326 plenus
228 2285 361 2326 perjurii
373 2290 462 2325 atque
470 2285 625 2314 adulterii.
650 2283 694 2314 Et
703 2283 737 2314 in
751 2283 853 2314 Pseu-

113 2328 176 2360 dol.
201 2329 222 2360 i.
249 2330 279 2359 3.
309 2329 378 2359 132.
402 2328 617 2358 Fraudulente.
655 2326 716 2357 CA.
734 2327 854 2366 [mpure

113 2373 189 2403 leno.
238 2372 301 2403 Pu.
331 2373 463 2402 Coenuna.
510 2369 563 2400 Sic
591 2369 715 2400 Graecis
736 2369 771 2399 in
794 2379 854 2400 usu

114 2422 173 2452 est,
196 2415 320 2455 κάπρως
344 2413 428 2455 ἀνήρ.
453 2413 542 2444 Suid.
581 2412 727 2443 L—Pro
748 2415 855 2443 sterci-

115 2459 231 2495 Ιὶιιὶιιηι,
247 2457 331 2498 quod
344 2457 378 2488 in
394 2457 517 2497 aliquot
531 2463 619 2487 extat
630 2455 731 2493 libris,
746 2466 857 2486 versus

114 2501 229 2532 suadet
255 2500 425 2531 lectionem
440 2499 559 2531 codicis
574 2506 636 2530 vet.
653 2501 855 2530 sterculinum.

115 2544 221 2575 Gloss.
239 2550 301 2574 vet.
319 2545 522 2579 sterculinum,
544 2542 778 2583 κοτροδοχεῖον,
802 2553 856 2573 κο-

116 2584 199 2627 πριά.
246 2586 337 2617 Idem
351 2587 438 2628 apud
461 2586 611 2617 Plautum
634 2593 667 2616 et
686 2585 857 2616 Phaedrum

117 2629 267 2660 occurrit.
299 2629 336 2660 B.

160 2674 211 2703 43.
230 2673 317 2713 Lege
338 2682 450 2703 versus
470 2671 583 2713 gratia,
605 2673 697 2702 launo
711 2673 859 2702 enimvero

115 2718 174 2752 hic,
192 2717 334 2755 Antipho,
351 2726 395 2746 me
409 2716 530 2754 decipit-
565 2715 602 2745 B.

160 2760 211 2790 46.
230 2761 290 2790 Sed
301 2764 335 2789 ut
356 2759 419 2788 haec
438 2762 518 2794 sunt,
534 2763 633 2788 tanen
651 2759 705 2787 hoc
718 2754 854 2797 sociam]

115 2802 278 2833 Exoratus
300 2801 429 2832 tandem
450 2800 667 2831 conditionem
689 2799 763 2830 leno
788 2799 854 2835 dat,

895 1892 984 1924 fides.
1027 1893 1189 1924 D.—Mea
1217 1895 1282 1935 lege
1311 1893 1400 1936 utar]
1431 1894 1471 1926 Id
1499 1894 1639 1933 lenonia,

894 1936 980 1977 apud
988 1946 1082 1976 quem
1091 1946 1218 1978 semper
1223 1938 1426 1969 commodum
1434 1937 1534 1979 prius.
1552 1938 1640 1970 E.—

896 1979 990 2010 Unus
1006 1979 1085 2020 Reg.
1098 1989 1173 2010 cum
1186 1980 1257 2011 edd.
1274 1987 1351 2011 vett.
1367 1983 1410 2012 eit
1419 1983 1530 2021 pocior.
1568 1982 1636 2013 Re-

894 2032 979 2064 pone
986 2028 1019 2053 ut
1026 2025 1067 2053 sit
1074 2025 1182 2063 potior,
1189 2026 1464 2063 prior-addendu-
1475 2027 1586 2065 quien.
1599 2026 1639 2059 Β.

942 2067 969 2096 1.
988 2065 1194 2106 Quidsaciam
1203 2066 1237 2107 2]
1256 2066 1426 2106 Οικονομία
1439 2067 1480 2098 ad
1493 2067 1640 2100 futurum

896 2108 1018 2140 exitum
1028 2109 1203 2140 comoediae.
1227 2110 1268 2140 D.
1271 2109 1518 2150 ——Quidsacian
1524 2110 1558 2152 2]
1573 2111 1640 2143 Hic

897 2151 1049 2193 cogitatio
1070 2159 1129 2190 est,
1152 2153 1420 2202 quemadmodum
1446 2154 1536 2185 brevi
1558 2162 1641 2186 tem.

896 2205 975 2237 pore
989 2195 1137 2226 invenire
1152 2195 1254 2236 poezit
1266 2204 1445 2237 argentum.
1476 2197 1516 2228 E.

939 2239 968 2269 2.
991 2240 1096 2270 Minu
1120 2238 1230 2290 nihilo]
1255 2238 1441 2280 Ὺτερβολή.
1483 2241 1524 2272 D.
1525 2241 1639 2273 —Re·

896 2282 1010 2317 scribe
1028 2283 1084 2313 Cui
1107 2284 1204 2313 ninus
1225 2284 1320 2313 nihilo
1333 2286 1405 2314 est?
1427 2286 1507 2324 quau
1519 2287 1548 2316 si
1569 2287 1641 2316 hine

893 2331 963 2365 pote
985 2324 1099 2366 suisset
1127 2327 1289 2357 exorarier.
1336 2326 1376 2357 In
1403 2326 1515 2358 Bemb.
1541 2328 1640 2366 enim,

898 2368 1020 2399 Victor.
1037 2376 1069 2399 et
1084 2368 1256 2399 Meadiano
1271 2376 1321 2400 est
1331 2368 1529 2410 poeefidnet.
1563 2373 1641 2403 Pota

900 2418 950 2443 est
976 2411 1124 2443 neutrius
1152 2411 1291 2452 generis,
1322 2419 1356 2443 et
1384 2415 1518 2444 triduum
1546 2425 1642 2446 camo

899 2454 989 2486 recti.
1013 2456 1095 2486 Hinc
1113 2462 1163 2486 est
1185 2456 1225 2486 ab
1249 2455 1309 2486 hoc
1332 2455 1470 2492 lenone;
1493 2463 1531 2488 ut
1544 2457 1641 2490 Adel.

899 2497 945 2528 iii.
963 2499 992 2528 3.
1010 2499 1039 2530 7.
1055 2506 1151 2538 atque
1165 2498 1246 2529 illud
1258 2510 1336 2529 nunc
1351 2499 1447 2541 plane
1456 2506 1549 2532 extra
1562 2497 1650 2533 eon-'

900 2548 1024 2572 textum
1040 2548 1090 2572 est
1101 2541 1255 2572 additum.
1289 2542 1326 2573 B.

943 2586 972 2615 4.
990 2583 1171 2625 Adjuverit]
1195 2584 1380 2616 Secundum
1395 2597 1414 2616 v
1433 2586 1643 2627 pronunciari

900 2627 997 2658 debet
1017 2628 1178 2669 (Guyetus
1199 2628 1330 2667 conjicit
1349 2628 1414 2670 legi
1435 2629 1563 2667 debere,
1583 2642 1643 2662 non

903 2669 1030 2711 debet..)
1066 2671 1131 2711 Adj
1134 2673 1233 2702 averit
1247 2674 1371 2702 con-iter
1376 2671 1410 2713 ?]
1429 2674 1568 2711 Comiter,
1584 2683 1641 2706 ve-

902 2720 987 2745 teres
1001 2713 1154 2744 dixerunt
1168 2713 1252 2754 παρὰ
1271 2713 1310 2745 τὸ
1330 2713 1457 2754 κόσμος.
1490 2716 1531 2747 D.
1533 2717 1643 2749 —Pro

899 2756 1018 2788 Faerni
1030 2757 1255 2788 emendatione
1264 2757 1418 2797 adjuverit
1432 2758 1462 2790 si
1473 2760 1643 2802 ncripsem

898 2800 1026 2840 acijurit,
1033 2799 1250 2840 versuimagis
1257 2800 1466 2833 consulueris.
1480 2802 1641 2836 Certead-

115 2845 164 2876 uti
180 2855 250 2876 cras
265 2852 433 2885 argentum
455 2843 509 2884 qui
533 2843 622 2884 prior
643 2842 798 2880 attulerit,
813 2842 855 2874 ad
888 2842 964 2883 juro
971 2853 1047 2874 usus
1054 2849 1103 2874 est
1114 2842 1239 2874 Ennius
1248 2844 1408 2884 apudCic.
1416 2845 1591 2879 deSenect.
1602 2848 1642 2881 B.

117 2888 300 2920 ducendum
315 2887 422 2929 potior
435 2886 489 2917 sit.
521 2886 560 2917 E.

161 2934 213 2963 48.
239 2933 312 2962 Mea
336 2932 400 2971 Iege
423 2928 513 2970 utar]
542 2928 689 2960 Lenonia
717 2928 858 2960 scilicet:

118 2974 154 3006 in
169 2985 232 3017 qua
243 2984 371 3016 semper
382 2972 585 3005 commodum
595 2979 647 3006 est
655 2971 756 3014 prius,
765 2982 862 3020 quam

945 2886 976 2916 5.
1001 2885 1065 2917 Pro
1085 2885 1210 2927 vulgari
1229 2889 1429 2927 esuriam,
1443 2895 1478 2920 et
1491 2889 1643 2922 Bembini

902 2939 1097 2969 capenum,
1109 2936 1196 2960 recte
1214 2929 1360 2963 Faernus
1378 2930 1551 2974 legendum
1572 2944 1644 2967 esse

902 2971 1034 3013 conjicit
1045 2974 1225 3013 experimen
1255 2973 1295 3006 Β.
