1852 3216
169 147 308 176 semu
329 133 380 189 1.]

469 132 1394 179 HEAUTONTIMORUMENOS.

1601 137 1686 179 317

168 234 208 264 35
224 223 342 267 Male
362 224 489 267 docet
508 231 551 267 te
569 239 665 267 mea
684 223 862 267 facilitas
880 223 1039 266 multa:
1071 225 1148 267 sed
1163 225 1290 276 istuc,
1310 225 1513 282 quicquid
1532 234 1614 278 est,

224 290 325 338 Qua
335 289 418 332 hoc
431 291 708 346 occeptum’st
721 305 866 341 causa,
878 289 1069 346 loquere.
1122 290 1198 333 So.
1222 291 1285 334 Ut
1299 290 1443 334 stultae
1455 299 1501 334 et
1515 292 1683 335 miserae

307 370 453 398 omnes
473 371 620 398 sumus

224 420 480 477 Religiosae3
500 437 642 480 'quum
661 421 957 478 exponendam
978 421 1035 463 do
1054 421 1127 472 illi,
1149 422 1204 464 de
1225 422 1360 479 digito
1378 422 1552 466 anulum

223 486 448 538 Detrah03
478 494 523 529 et
541 502 639 530 eum
656 488 752 530 dico
771 495 820 530 ut
838 503 924 530 una
944 502 1041 530 cum
1059 487 1203 543 puella
1223 497 1485 544 exponeret3

223 552 271 594 Si
289 560 541 604 moreretur,
561 567 616 595 ne
636 568 793 609 expers
813 553 948 609 partis
967 561 1083 595 esset
1102 553 1157 596 de
1176 555 1333 597 nostris
1352 556 1492 598 bonis.

167 626 208 656 40
223 617 307 660 Cu.
332 618 451 661 Istuc
468 626 615 662 recte:
646 619 907 662 conservasti
936 626 979 661 te
998 626 1127 674 atque
1156 618 1284 662 illam.
1344 620 1419 663 So.
1441 620 1502 672 Is,
1531 620 1602 664 hic
1621 628 1688 664 est

308 683 474 728 anulus.

223 749 307 791 Cu.
340 749 471 793 Unde
500 750 667 793 habes?
726 751 803 793 So.
825 749 968 798 Quam
998 749 1182 792 Bacchis
1213 765 1358 795 secum
1381 751 1565 794 adduxit
1584 753 1689 796 ado-

307 814 595 858 lescentulam.
645 815 723 858 SY.
746 816 862 858 Hem
877 815 888 857 !

222 879 307 922 Cn.
337 880 457 928 Quid
485 896 538 924 ea
564 883 745 924 narrat?
799 881 875 924 So.
902 880 985 932 Ea,
1011 880 1196 923 lavatum
1227 882 1329 924 dum
1359 882 1407 933 it,
1433 884 1688 927 servandum

306 945 408 987 mihi
427 946 562 989 dedit.

221 1010 422 1053 Animum
442 1027 528 1054 non
547 1012 715 1054 advorti
734 1013 939 1068 primum:
972 1012 1049 1055 sed
1069 1019 1296 1068 postquam
1315 1014 1481 1069 aspexi,
1502 1013 1599 1057 ilico

221 1077 439 1133 Cognovi:
471 1078 527 1120 ad
546 1085 590 1120 te
609 1077 753 1120 exilui.
804 1077 888 1120 Cn.
907 1077 1028 1126 Quid
1047 1093 1160 1120 nunc
1180 1079 1414 1134 suspicare,
1431 1088 1506 1122 aut
1524 1081 1687 1124 invenis

163 1149 204 1179 45
221 1141 292 1184 De
320 1142 424 1185 illa?
484 1143 560 1186 So.
591 1143 780 1195 Nescio3
810 1145 966 1186 nisiex
994 1144 1088 1200 ipsa
1116 1159 1301 1200 quaeras,
1322 1145 1438 1188 unde
1467 1145 1583 1189 hunc
1611 1145 1687 1189 ha-

303 1209 461 1260 buerit,

220 1273 268 1315 Si
287 1275 400 1329 potis
419 1281 487 1317 est
505 1275 697 1330 reperiri.
744 1275 823 1317 SY.
845 1274 1016 1326 Interii3
1046 1274 1143 1331 plus
1161 1276 1254 1331 spei
1264 1277 1405 1327 video,
1421 1292 1549 1332 quarn
1564 1277 1685 1320 volo:

219 1339 386 1381 Nostra
404 1347 486 1391 est,
508 1341 545 1382 si
564 1341 624 1382 ita
641 1348 722 1383 est.

305 1405 482 1448 Nescio.

778 1340 862 1383 CH.
882 1340 1056 1383 Vivitne
1085 1341 1170 1392 illa,
1192 1342 1262 1384 cui
1280 1349 1327 1384 tu
1347 1343 1561 1385 dederas?
1611 1343 1686 1385 So.

222 1471 307 1513 CH.
331 1471 452 1520 Quid
471 1472 734 1515 renunciavit
753 1471 881 1514 olim?
931 1472 1006 1514 So.
1028 1471 1202 1515 Fecisse
1220 1472 1266 1515 id
1287 1473 1404 1527 quod
1418 1473 1647 1529 jusseram.

164 1595 246 1636 can]
278 1596 374 1627 Hanc
402 1595 531 1637 quidem
561 1595 689 1627 veniam
722 1595 781 1628 tibi
810 1596 902 1627 dabo.

946 1595 1044 1627 stitio.
1078 1596 1115 1627 C.
1116 1597 1210 1628 —Ne
1223 1607 1328 1637 expers
1336 1596 1457 1638 partis]
1474 1597 1514 1629 V.
1530 1598 1567 1629 C.
1582 1609 1619 1630 ne
1633 1610 1686 1630 ex-

167 1639 287 1670 Verum
303 1650 374 1670 mea
384 1639 556 1671 clementia
570 1639 707 1671 multum
718 1639 759 1671 ad
772 1646 905 1682 peccata
940 1642 1049 1679 pertis.

164 1682 374 1723 compelleris.
406 1683 444 1714 Ε.

208 1727 260 1756 35.
296 1727 368 1757 Mea
387 1725 548 1767 facilitas]
580 1726 702 1757 Recte:
736 1725 811 1767 quia
839 1726 905 1757 cito

165 1769 258 1799 uxori
276 1769 401 1800 veniam
423 1769 521 1800 dedit.
566 1771 715 1800 Facilitas
735 1769 822 1800 illius
843 1776 903 1806 est,

165 1811 220 1852 qui
242 1811 306 1843 cito
327 1812 408 1843 iram
423 1811 565 1854 deponit.
611 1814 784 1849 Clementia,
805 1812 903 1850 illius,

164 1855 219 1895 qui
249 1865 412 1896 nunquam
443 1855 600 1886 irascitur.
648 1856 685 1886 C.
687 1857 792 1886 —Sed
825 1858 905 1887 istuc

163 1898 323 1939 quicquid]
348 1899 498 1930 Peremta
511 1899 738 1935 controversia,
753 1898 794 1929 ad
806 1899 904 1940 origi-

165 1952 239 1972 nem
255 1952 307 1972 res
321 1942 459 1980 ducitur,
475 1942 559 1973 facto
573 1952 594 1973 a
613 1941 757 1984 generali
771 1942 812 1973 ad
829 1952 903 1984 spe-

163 1984 245 2016 ciale
259 1993 458 2025 argumento.
488 1985 529 2016 E.

207 2029 259 2059 36.
285 2030 354 2062 Qua
368 2031 422 2059 hoc
436 2027 602 2069 occeptum]
619 2027 718 2064 Quasi
733 2027 774 2059 de
788 2038 906 2070 magna

165 2082 200 2102 re
211 2071 303 2102 dixit.
348 2074 390 2103 Ut
399 2074 501 2103 stultae
510 2078 541 2103 el
551 2074 668 2103 misem
679 2083 776 2102 omnes
785 2071 903 2112 sumus]

165 2114 369 2156 Vituperatio
393 2126 412 2146 a
434 2126 534 2146 sexu:
560 2115 712 2146 mulieres
726 2114 813 2146 enim
827 2125 904 2146 con-

164 2164 339 2189 sueverunt
354 2169 423 2190 esse
442 2158 658 2200 imperitiores
670 2158 758 2196 viris,
775 2165 808 2189 et
821 2158 905 2189 mul-

164 2201 207 2232 tis
217 2201 499 2242 superstitionibus
509 2201 657 2233 detineri.
683 2202 852 2243 c.—Lege
865 2212 907 2233 ex

164 2245 234 2276 cod.
258 2245 338 2286 Reg.
360 2247 505 2286 eloquere,
526 2246 558 2276 h.
582 2256 609 2276 e.
632 2255 731 2286 perge
746 2245 831 2286 quod
852 2255 904 2276 re-

165 2294 230 2319 stat
257 2288 355 2329 loqui.
407 2290 525 2320 Misera
554 2295 623 2320 tum
653 2297 722 2319 erat
751 2289 905 2325 Sostrata,

165 2331 251 2371 quod
265 2341 285 2363 a
299 2332 381 2363 duro
394 2332 510 2363 marito
527 2334 618 2373 jussa
633 2339 701 2362 erat
716 2331 815 2362 filiam
834 2331 907 2363 neci

166 2374 264 2405 dare:
302 2380 337 2406 et
371 2375 503 2424 vulgare
536 2375 658 2407 dictum
695 2383 753 2412 est,
791 2375 906 2407 stultos

166 2427 278 2490 «gunea
313 2425 347 2449 et
381 2418 515 2450 miseros
550 2429 621 2450 esse
656 2418 904 2461 superstitiosos.

210 2502 262 2535 37.
284 2503 461 2545 Religiosae]
478 2504 725 2547 Superstitiosae.
769 2507 905 2554 Religio-

167 2557 219 2577 sus
241 2546 339 2576 etiam
366 2547 617 2589 appellabatur'
607 2559 646 2586 is,
670 2548 724 2590 qui
749 2548 850 2580 nimia
872 2555 906 2580 et

167 2588 391 2630 superstitiosa
418 2600 489 2621 sese
517 2591 673 2633 religione
695 2591 902 2633 alligaverat:

168 2639 205 2663 ut
225 2632 284 2662 hoe
307 2631 387 2663 loco.
425 2633 606 2667 c.—anm
627 2637 827 2675 exponendam
848 2634 903 2676 do]

167 2676 251 2707 Cum
266 2674 426 2706 dedissem
443 2676 583 2717 puellam
598 2678 831 2718 exponendam,
845 2689 904 2709 an·

168 2719 281 2750 nulum
310 2718 351 2749 de
377 2718 479 2759 digito
503 2719 582 2750 mihi
608 2721 752 2758 detraho,
777 2727 814 2752 ut
840 2731 905 2753 una

167 2772 242 2793 cum
267 2761 374 2803 puella
400 2769 625 2803 exponeretur.
670 2763 715 2794 Et
739 2764 906 2806 subjungit

168 2815 307 2843 causam,
336 2805 365 2836 si
394 2811 573 2836 moreretur
601 2816 643 2837 ne
664 2805 770 2837 aliena
790 2817 861 2838 esse
884 2817 904 2838 a

168 2848 286 2880 nostris
301 2848 394 2879 bonis
415 2848 580 2890 potuisset.
626 2850 740 2890 Neque
755 2849 841 2881 enim
862 2849 902 2880 li-

168 2892 270 2930 beros,
298 2891 394 2923 etiam
420 2898 573 2930 mortuos,
597 2892 644 2924 fas
667 2898 736 2924 erat
763 2891 904 2924 fraudari

166 2935 268 2966 bonis.
302 2935 339 2966 E.

210 2979 260 3010 39.
279 2981 325 3010 De
341 2982 449 3011 nostris
466 2978 564 3020 bonis]
579 2979 621 3010 Et
634 2978 701 3010 haec
712 2985 780 3011 crat
791 2989 901 3021 supcr-

989 1682 1574 1724 40.Istucrecte]1·:ipmmesdicmm.
1605 1685 1687 1716 C.—

947 1725 1071 1762 Nostri,
1087 1727 1177 1757 Hie
1164 1738 1192 1757 ts
1206 1732 1261 1763 est,
1273 1727 1405 1758 meliore
1419 1734 1563 1759 accentu.
1594 1728 1634 1759 B.

988 1770 1040 1800 41.
1063 1771 1142 1800 Hem
1153 1768 1185 1810 J]
1203 1770 1302 1811 Syrus
1317 1770 1419 1807 timet,
1435 1780 1476 1801 ne
1490 1770 1552 1805 sibi
1573 1771 1687 1813 praeri-

945 1811 1054 1853 piatur
1067 1812 1231 1843 auferendi
1242 1813 1368 1854 argenti
1376 1813 1510 1851 occasio,
1522 1814 1687 1855 agnitione

947 1854 1031 1886 filiae.
1071 1855 1210 1896 Itaque*
1200 1855 1344 1896 ingemit.
1376 1856 1412 1887 C.

990 1899 1042 1929 42.
1064 1898 1231 1939 Lavatum]
1242 1899 1425 1930 Secundum
1437 1898 1604 1940 antiquos·
1627 1910 1687 1933 nos

946 1940 1094 1979 dicimus,
1124 1943 1224 1972 lotum.
1269 1941 1405 1973 Ovidius
1435 1942 1604 1974 Fastorum
1633 1954 1686 1975 se-

946 1984 1062 2022 cundo,
1089 1985 1212 2021 (Immo
1236 1985 1321 2016 Fast.
1346 1984 1392 2016 iii.
1418 1986 1466 2016 12.
1498 1986 1687 2027 Legendum

947 2033 1069 2058 autem:
1089 2029 1686 2071 Sacralavaturasmanepetebataqnas).

947 2072 1041 2102 Mane
1055 2073 1211 2102 lavaturas
1221 2082 1311 2102 sacra
1323 2073 1445 2111 petebat
1456 2083 1561 2113 aquas.
1588 2073 1626 2104 C.

990 2115 1041 2145 43.
1066 2114 1155 2145 Libri
1171 2114 1320 2146 meliores
1331 2117 1473 2146 Animum
1493 2115 1614 2147 habent
1627 2127 1688 2158 pro

950 2159 1112 2188 Annulum.
1143 2157 1182 2188 B.

991 2202 1043 2231 44.
1075 2199 1199 2241 Exilui]
1220 2200 1370 2232 Ostendit
1389 2200 1522 2232 nimiam
1542 2201 1687 2234 laetitiam

948 2244 1010 2275 de'
1001 2251 1133 2275 inventa
1144 2244 1220 2275 filia.
1252 2244 1330 2275 Ideo
1338 2254 1403 2275 non
1411 2244 1494 2276 dixit
1504 2247 1625 2277 messi.
1648 2246 1686 2278 C.

991 2288 1043 2318 45.
1068 2287 1174 2328 Vulgo
1199 2289 1260 2318 nisi
1279 2293 1365 2318 ulex
1385 2290 1474 2328 ipra,-
1496 2288 1553 2319 sed
1568 2288 1688 2321 rectius

948 2329 983 2360 in
1006 2331 1118 2362 Bemb.
1131 2336 1166 2362 ut
1132 2298 1279 2362 goabest.
1324 2330 1410 2362 Nam
1431 2333 1491 2362 nisi
1511 2331 1564 2363 hic
1578 2331 1686 2374 sig-nis.

947 2375 1010 2405 sed.
1041 2374 1079 2405 B.

991 2417 1043 2450 46.
1075 2419 1151 2448 Plus
1166 2420 1231 2458 spei
1251 2416 1352 2458 video]
1376 2417 1517 2449 Nolebat
1536 2423 1602 2449 tam
1621 2418 1687 2450 cito

948 2461 1096 2502 cognosci
1112 2460 1230 2492 filiam:
1255 2471 1297 2492 ne
1318 2460 1443 2492 occasio
1459 2461 1555 2503 praeri

947 2504 1114 2535 auferendi
1139 2511 1317 2545 argentum.
1358 2506 1435 2535 Plus
1455 2503 1537 2545 spei]
1565 2504 1687 2538 Melina

948 2554 998 2579 est
1011 2554 1048 2578 ut
1063 2558 1127 2579 non
1142 2548 1183 2578 ad
1199 2548 1315 2588 Syrum
1330 2547 1459 2583 referas,
1473 2547 1531 2579 sed
1545 2547 1587 2579 ad
1608 2549 1684 2581 Soo-

947 2597 1072 2622 tratam.
1110 2591 1268 2622 C.-Plns
1281 2593 1345 2631 spei
1358 2590 1461 2632 video]
1484 2590 1559 2622 Hoc
1572 2601 1687 2624 servus

947 2644 1021 2665 cum
1042 2633 1167 2675 gemitu
1186 2633 1279 2665 dicit:
1302 2633 1459 2674 siquidem
1477 2633 1548 2666 fieri
1568 2641 1685 2677 potest,

947 2684 985 2708 ut
998 2683 1208 2718 cognoscatur
1227 2677 1296 2707 haec
1318 2676 1497 2718 Antiphila,
1511 2677 1597 2719 quod
1617 2678 1686 2711 filia

946 2720 1068 2752 domini
1084 2720 1136 2751 sit.
1159 2720 1232 2755 Quo
1247 2720 1331 2751 facto
1341 2719 1549 2752 vehementer
1557 2721 1685 2760 metuit,

946 2774 989 2796 ne
1003 2763 1138 2805 incipiat
1152 2762 1259 2794 Clinia
1272 2762 1407 2794 amicam
1421 2774 1512 2795 suam
1526 2764 1684 2804 confiteri,

947 2813 981 2839 et
1000 2812 1171 2847 cognoscat
1191 2812 1293 2847 pater,
1308 2806 1393 2847 quod
1413 2806 1568 2839 meretrix
1580 2808 1684 2841 amioe

947 2849 1142 2891 Clitiphonis
1157 2849 1209 2880 sit.
1254 2849 1403 2891 Denique
1418 2849 1492 2882 ideo
1505 2849 1594 2890 dicit,
1608 2862 1684 2883 cum

946 2903 1064 2924 nomen
1085 2892 1205 2923 dictum
1227 2899 1313 2924 esset
1333 2894 1412 2934 ejus,
1432 2893 1485 2925 cui
1502 2893 1577 2925 data
1598 2901 1684 2926 esset

946 2936 1054 2978 puella
1067 2941 1102 2967 ut
1114 2942 1339 2977 exponeretur,
1353 2938 1468 2970 Μίηιιι
1482 2939 1515 2969 ni
1529 2939 1586 2970 illa
1598 2940 1682 2970 salva

947 2985 1000 3018 est,
1017 2985 1046 3011 el
1060 2991 1114 3020 ego
1123 2981 1213 3019 perii.
1245 2979 1283 3011 E.
