1852 3216
89 145 229 174 scinu
251 131 333 185 ιν.]

693 127 1009 178 HECYRA.

1532 139 1620 182 549

91 229 131 260 ³5
149 221 303 278 Egone
323 222 438 265 hunc
466 224 522 266 ab
548 223 667 267 Orco
693 226 938 267 mortuum?
968 238 1055 280 quo
1081 227 1239 282 pacto?
1296 225 1413 268 ΡΑΜ.
1445 226 1620 280 Nescis,

232 289 460 341 Parmeno,

148 355 507 403 Quantumhodie
521 356 732 413 profueris
747 356 863 407 mihi,
873 363 916 399 et
929 371 985 398 ex
993 364 1155 413 quanta
1166 371 1354 400 aerumna
1362 360 1617 402 extraxeris.

147 419 261 463 PAR.
284 420 417 463 Immo
434 437 535 464 vero
557 422 671 474 scio;
701 437 840 478 neque
861 421 944 465 hoc
963 423 1211 478 imprudens
1232 422 1326 466 feci.
1378 423 1497 467 PAM.
1519 424 1620 481 Ego

230 486 341 528 istuc
364 487 466 529 satis
489 488 590 530 scio.

147 552 260 595 PAR.
298 552 370 595 An
406 561 565 596 temere
606 554 833 610 quicquam

232 619 347 662 facto
370 635 473 662 usus
496 620 579 662 sit?

147 683 263 727 Pin.
297 685 489 741 Sequere
518 701 585 728 me
615 686 742 737 intro,
770 684 995 728 Parmeno.

230 750 328 806 plus
349 750 479 793 hodie
499 752 601 793 boni

870 553 1182 596 Parmenonem
1220 560 1464 610 praetereat,
1500 556 1620 611 quod

1049 684 1161 727 PAR.
1194 685 1385 742 Sequor:
1418 687 1619 742 equidem

88 815 247 859 *oFeci
276 817 541 871 imprudens,
572 831 699 872 quam
730 816 868 859 sciens
898 823 997 858 ante
1032 815 1147 859 hunc
1179 816 1292 859 diem
1324 832 1527 874 unquam.
1557 819 1616 861 Ω.

235 880 448 924 Plaudite.

591 973 849 1002 CALLIOPIUS
871 973 1106 1002 RECENSUI.

132 1072 182 1103 35.
197 1073 299 1112 Egone
305 1073 429 1103 huncab
442 1073 518 1103 Orco
524 1070 709 1112 mortuum?]
721 1070 831 1102 Verba

88 1122 164 1146 sunt
184 1114 365 1156 cogitantis,
392 1115 475 1152 ideo,
498 1121 531 1145 et
554 1115 759 1146 ἐλλειπικῶς
781 1114 828 1145 lo-

88 1157 206 1199 quitur.
244 1159 363 1195 Nescis,
379 1157 544 1209 Parmeno]
561 1157 698 1189 Addidit
713 1157 827 1189 stimu-

87 1201 136 1232 los
166 1201 343 1232 curiositati
374 1203 452 1242 ejus.
500 1202 654 1242 D.—Ego
682 1203 760 1232 huno
789 1203 829 1232 ab

90 1243 183 1285 Orco]
208 1245 282 1276 Hoc
303 1251 362 1282 est,
386 1255 404 1276 a
427 1244 574 1282 Plutone,
591 1244 646 1285 qui
667 1251 716 1275 est
738 1245 829 1276 Deus

86 1287 214 1325 inferni,
231 1294 392 1319 mortuum
407 1287 551 1319 liberavi.
592 1287 656 1318 Hic
671 1288 830 1318 Parmeno

88 1331 199 1362 eadem
215 1331 334 1373 repetit
357 1332 454 1362 verba
479 1330 650 1372 Pamphili,
667 1337 700 1361 et
721 1341 830 1362 secum

87 1373 178 1415 quasi
194 1374 260 1405 haec
277 1374 421 1415 cogitans
435 1374 584 1415 loquitur.
614 1373 829 1405 E.-—Bembi-

87 1427 157 1454 nus,
175 1424 207 1448 et
224 1417 341 1449 Faerni
364 1418 511 1448 Donatus
526 1418 593 1458 Ego
607 1419 685 1448 hune
696 1430 706 1447 :
729 1416 832 1448 nostri

88 1462 184 1501 Egon’
204 1462 290 1492 laune.
324 1460 417 1491 Nihil
433 1461 576 1492 interest.
609 1460 644 1490 B.

131 1504 181 1534 36.
206 1504 257 1534 Ne
274 1514 383 1535 versus
395 1503 562 1540 claudicet,
579 1503 660 1534 illud
674 1514 730 1541 me,
746 1502 831 1544 quod

87 1546 122 1578 in
137 1546 209 1578 aliis
230 1547 320 1578 libris
337 1548 435 1585 abest,
452 1547 485 1578 in
509 1547 581 1578 aliis
603 1546 735 1588 ponitur
755 1554 831 1578 ante

87 1592 266 1627 extraxeris,
283 1601 403 1632 repone
419 1597 491 1632 post
505 1596 544 1621 et.
577 1590 615 1621 Β.

131 1633 182 1666 37.
200 1635 292 1665 Immo
306 1645 374 1665 vero
394 1636 464 1671 ecio,
479 1644 572 1674 neque
587 1635 640 1664 hoc
658 1634 830 1673 imprudens

77 1675 160 1717 seci]
179 1677 298 1708 Recte:
322 1687 457 1718 parvum
472 1677 559 1708 enim
573 1676 719 1707 beneficii
731 1676 827 1707 meri-

87 1726 165 1758 tum,
181 1720 210 1751 si
231 1720 271 1751 ab
293 1720 498 1762 imprudente
520 1719 700 1762 praestitum
719 1719 828 1751 videa-

88 1769 149 1794 tur.
183 1764 224 1794 D.

130 1807 180 1837 38.
202 1808 322 1837 Temere
338 1809 497 1847 quicquam
516 1807 729 1837 Parmenonem
745 1817 828 1846 prte-

87 1849 200 1891 tereat]
234 1850 328 1885 Quod
355 1849 518 1881 interdum
548 1860 613 1880 non
644 1849 731 1889 (dele
756 1848 830 1890 non)

88 1899 209 1924 temere
239 1899 419 1934 praetereat,
450 1892 534 1933 quod
564 1892 662 1923 habet
690 1891 830 1923 faciendi

86 1936 320 1967 necessitatem.
366 1938 486 1967 Temere
515 1938 674 1977 quicquam
702 1937 828 1967 Parme-

85 1991 188 2010 nonem
201 1979 380 2020 praetereat]
406 1979 474 2010 Sibi
489 1978 552 2020 ipsi
568 1979 628 2010 hoc
643 1978 730 2016 dicit,
748 1986 780 2010 et
793 1989 827 2010 se

86 2023 250 2054 nominat:
274 2029 320 2061 ut,
338 2023 413 2054 AEn.
426 2022 460 2053 ii.
477 2023 549 2053 549.
588 2023 827 2063 Degeneremque

87 2067 310 2107 Neoptolemum
333 2077 460 2097 narrare
483 2071 635 2097 memento.
680 2065 733 2102 Et,
760 2068 828 2106 Age

86 2121 164 2141 nunc
176 2122 187 2141 :
224 2111 440 2148 Phormionem,
472 2111 526 2150 qui
560 2110 646 2147 volet,
680 2110 827 2141 lacessito.

876 1072 997 1103 Temere
1011 1071 1185 1113 quicquam]
1211 1072 1328 1104 Utrum
1351 1073 1411 1104 hoc
1434 1073 1522 1112 dicit,
1540 1074 1616 1106 Non

874 1120 1004 1152 temere,
1022 1125 1126 1155 neque
1141 1126 1199 1157 per
1215 1115 1466 1157 imprudentiam
1481 1118 1615 1158 geritur,

871 1157 1024 1198 quicquid
1045 1158 1125 1189 utile
1146 1160 1217 1190 est?
1250 1160 1304 1190 An
1326 1160 1386 1191 hoc
1409 1160 1497 1198 dicit,
1522 1161 1617 1192 Nihil

871 1207 979 1243 potest
1003 1201 1140 1233 transire
1162 1209 1292 1240 temere,
1316 1203 1401 1244 quod
1428 1203 1507 1235 utile
1529 1204 1617 1236 factu

873 1250 931 1281 est,
958 1244 1036 1285 quin
1058 1245 1194 1286 gratiam
1216 1246 1267 1277 sui
1296 1246 1434 1278 habeat?
1473 1247 1528 1278 An
1555 1248 1616 1279 hoc

872 1287 961 1324 dicit,
979 1288 1032 1319 An
1048 1288 1216 1329 quicquam
1234 1290 1421 1331 Pamphilus
1444 1297 1617 1332 praetereat

873 1338 1014 1362 temere:
1046 1332 1092 1362 ita
1121 1338 1158 1363 ut
1186 1342 1252 1363 non
1281 1340 1467 1365 remuneret
1495 1334 1614 1365 bonum

872 1373 992 1405 factum
1004 1374 1223 1413 Parmenonis,
1233 1376 1318 1416 quod
1331 1376 1392 1407 sibi
1405 1376 1483 1407 utile
1493 1377 1613 1408 fuerit?

874 1416 919 1448 Et
930 1417 1082 1448 convenit
1090 1418 1150 1449 hoc
1161 1418 1283 1450 dictum
1295 1419 1457 1451 meretrici
1472 1420 1614 1452 abeunti.

875 1460 1031 1492 D.—Hic
1044 1471 1155 1492 versus
1170 1472 1230 1492 nec
1243 1462 1446 1501 Parmenoni,
1459 1473 1477 1494 e
1489 1463 1615 1495 ratione

874 1503 1008 1544 vulgari,
1039 1514 1099 1535 nec
1130 1504 1309 1546 Pamphilo,
1341 1516 1383 1537 ex
1413 1506 1525 1538 Bemb.
1557 1507 1614 1538 sed

876 1546 1028 1578 Bacchidi
1051 1547 1240 1580 tribuendus
1261 1555 1320 1587 est,
1336 1549 1459 1580 laetanti
1479 1555 1512 1581 et
1534 1550 1614 1581 Par-

873 1600 1044 1621 menonem
1073 1591 1202 1622 ridenti.
1250 1592 1365 1633 Itaque
1395 1603 1469 1624 cum
1500 1593 1613 1625 Bemb.

871 1635 1019 1665 Parmeno
1033 1633 1098 1675 legi
1113 1634 1209 1666 debet
1222 1634 1257 1666 in
1272 1646 1349 1667 casu
1362 1641 1460 1667 recto.
1493 1636 1531 1667 B.

914 1677 966 1708 40.
990 1678 1063 1708 Feci
1091 1679 1272 1718 imprudens,
1302 1690 1392 1720 quam
1418 1681 1516 1711 eciem
1544 1685 1615 1711 ante

871 1722 950 1751 hunc
978 1721 1058 1752 diem
1083 1721 1230 1762 unquam]
1256 1722 1341 1758 Quia
1370 1733 1436 1754 non
1462 1722 1615 1754 convenit

872 1773 966 1794 servo
991 1763 1106 1795 scienti
1131 1771 1219 1796 reete
1243 1765 1358 1803 facere,
1384 1767 1467 1797 bene
1490 1766 1616 1797 addidit

873 1808 1058 1847 imprudenti
1072 1807 1133 1838 sibi
1149 1807 1304 1847 evenisse,
1320 1815 1358 1840 ut
1377 1809 1460 1840 bene
1475 1809 1613 1840 faceret·

872 1849 959 1890 quod
979 1850 1122 1891 prudens
1145 1861 1308 1892 nunquam
1327 1851 1447 1883 fecerit.
1492 1854 1614 1892 Impru-

872 1895 945 1924 dens
969 1904 1058 1934 quam
1081 1893 1194 1935 aciem]
1222 1893 1403 1927 Ἀντίθετον
1426 1895 1613 1927 secundum.

873 1936 959 1967 Nam
989 1935 1227 1978 imprudentem
1257 1937 1373 1969 scienti
1400 1938 1517 1977 reddit,
1548 1949 1614 1970 non

870 1979 1072 2021 prudentem.
1116 1980 1204 2011 D.—-
1212 1982 1286 2012 Feci
1314 1983 1495 2022 imprudens,
1525 1993 1615 2023 quam

870 2022 984 2064 sciens]
1009 2022 1113 2054 Plaut.
1142 2024 1235 2065 Capt-
1264 2024 1349 2056 Prol.
1373 2026 1424 2055 44.
1468 2026 1510 2056 Ut
1535 2036 1614 2065 ,ηερε

862 2065 933 2106 jam
948 2068 980 2097 in
993 2068 1095 2097 multis
1111 2068 1182 2098 locis
1203 2069 1280 2099 Plus
1301 2070 1429 2100 insciens
1443 2071 1512 2109 quis
1521 2066 1612 2108 secie,

871 2120 959 2150 quam
973 2111 1070 2141 eciem
1087 2111 1163 2142 boni.
1196 2110 1234 2142 L.

116 2196 211 2236 AEL.
234 2197 367 2237 DON.
389 2197 439 2235 V.
461 2195 507 2235 C.
529 2177 811 2235 ORATORIS
832 2196 995 2235 URBIS
1015 2195 1193 2236 ROMAE
1214 2196 1513 2238 COMMENT.
1534 2198 1593 2237 IN

375 2261 644 2301 TERENTII
664 2260 944 2301 HECYRAM
964 2261 1238 2302 EXPLICIT.
