1852 3216
83 165 224 195 semu
244 150 344 207 vin]

663 150 1030 195 PHORMIO.

1527 153 1621 195 645

139 241 321 284 Tecum.
353 240 439 284 Cn.
454 240 712 298 hgestagito
730 256 851 298 ergo.
889 241 976 284 Pu.
986 240 1140 284 Altera
1151 248 1221 284 est
1234 247 1393 293 tecum,
1410 240 1615 285 Chreme.

139 307 230 350 Du.
252 307 380 363 Rape
400 307 530 350 hunc.
581 306 667 351 ΡΗ.
689 307 811 350 Itane
831 307 987 363 agitis?
1016 307 1232 350 enimvero
1250 307 1413 350 vooe'st
1432 321 1568 363 opus:

139 372 433 423 Nausistrata,
453 373 539 415 exi.
590 372 676 415 Cu.
698 372 764 415 Os
784 373 992 429 opprime.
1043 372 1134 415 DE.
1156 372 1378 429 Impurum
1398 373 1512 424 vide,

142 438 366 486 Quantum
385 438 522 481 valet!
566 438 653 481 Pu.
674 439 967 489 Nausistrata,
986 439 1172 493 inquam.
1216 439 1301 480 Cn.
1316 438 1421 481 Non
1439 441 1586 482 taces?

83 512 126 542 95
143 503 229 546 ΡΗ.
251 504 441 547 Taceam
453 504 484 546 ’ξ’
512 504 602 546 ΒΕ.
617 504 716 546 Nisi
736 505 943 560 sequitur,
965 519 1134 559 pugnos
1153 504 1198 545 in
1213 512 1405 546 ventrem
1424 505 1587 561 ingere.

143 569 228 613 ΡΗ.
252 570 337 613 Vel
358 570 527 612 oculum
546 569 753 613 exclude:
784 578 866 621 est,
886 570 961 611 ubi
980 585 1054 611 vos
1076 569 1270 620 ulciscar,
1291 569 1426 612 locus.

305 803 568 854 ACTUS
618 803 908 860 QUINTI
957 805 1211 853 SCENA
1253 806 1396 854 VIII.

258 931 598 964 NAUsis'rRATA.
646 930 886 963 CHREMES.
933 930 1170 963 Pflomsso.
1218 931 1453 964 DEMIPHO.

143 1027 260 1075 Qms
277 1026 464 1068 nominat
478 1026 569 1067 me?
583 1024 669 1066 Cu.
681 1023 815 1066 Hem!
834 1023 924 1066 NA.
936 1023 1057 1072 Quid
1072 1025 1184 1067 istuc
1197 1026 1407 1076 turbae’st,
1422 1026 1618 1077 obsecro,

141 1093 211 1136 Mi
226 1094 318 1135 vir?
339 1092 426 1134 Pu.
442 1091 573 1141 Hem,
586 1091 692 1147 quid
705 1106 817 1133 nunc
831 1091 1073 1133 obticuisti?
1091 1091 1182 1133 NA.
1198 1091 1309 1139 Quis
1329 1091 1400 1134 hic
1411 1091 1619 1134 homo’st?

142 1158 248 1201 Non
266 1158 371 1200 mihi
390 1157 659 1213 respondes?
710 1156 797 1199 ΡΗ.
818 1155 975 1198 Hicine
996 1164 1045 1198 ut
1065 1157 1144 1197 tibi
1164 1157 1457 1212 respondeat?

143 1224 234 1272 Qui
253 1223 413 1273 hercle,
434 1223 510 1264 ubi
528 1224 597 1273 sit,
618 1222 770 1264 nescit.
817 1221 902 1263 Cn.
924 1220 1039 1263 Cave
1059 1222 1131 1263 isti
1147 1223 1375 1277 quicquam
1395 1223 1561 1265 credas.

106 1298 126 1328 5
142 1289 228 1331 ΡΗ.
250 1288 355 1337 Abi,
377 1297 529 1344 tange:
563 1289 599 1330 si
617 1303 702 1330 non
722 1295 839 1330 totus
859 1286 1002 1342 friget,
1025 1301 1092 1328 me
1110 1287 1245 1329 enica.

144 1355 229 1397 Cn.
251 1353 376 1396 Nihil
401 1362 481 1396 est.
532 1353 623 1395 NA.
647 1353 767 1402 Quid
787 1368 892 1408 ergo
911 1355 1012 1396 est?
1042 1353 1149 1409 quid
1177 1354 1273 1397 istic
1302 1357 1480 1397 narrat?
1531 1355 1617 1397 ΡΗ.

230 1420 329 1462 Jam
352 1419 485 1461 scies:

142 1484 370 1528 Ausculta.
421 1485 506 1526 Cn.
530 1484 703 1539 Pergin’
724 1483 931 1526 credere?
982 1483 1073 1525 NA.
1098 1483 1218 1532 Quid
1238 1499 1335 1540 ege,
1357 1486 1554 1537 obsecro,

144 1551 263 1594 Huic
282 1551 470 1601 credam,
491 1550 566 1606 qui
585 1548 690 1591 nihil
709 1549 847 1591 dixit?
896 1548 982 1591 ΡΗ.
1005 1548 1178 1591 Delirat
1195 1549 1325 1593 miser

145 1617 337 1659 Timore.
386 1615 478 1658 NA.
500 1615 606 1658 Non
625 1614 698 1671 pol
719 1614 948 1665 temere'st,
969 1614 1088 1669 quod
1107 1622 1154 1656 tu
1175 1622 1261 1657 tam
1282 1615 1420 1658 times.

131 1697 183 1728 91.
198 1697 280 1737 Lege
294 1698 379 1736 agito
392 1694 481 1736 ergo]
504 1695 586 1735 Lege
606 1697 690 1735 agito
704 1693 831 1724 diceba-

89 1746 143 1771 tur
157 1739 198 1776 ei,
214 1741 305 1779 quus
320 1738 459 1769 intentio
473 1737 703 1768 contemtibilis
717 1737 832 1768 adver-

91 1783 176 1814 sario
197 1782 375 1813 videbatur.
404 1781 538 1812 Plautus
559 1781 594 1811 in
611 1779 720 1811 Aulul.
738 1780 783 1810 iii.
802 1781 831 1811 3.

93 1828 141 1857 10.
162 1827 241 1866 Lege
262 1827 347 1866 agito
369 1836 490 1859 mecum,
507 1826 645 1854 molestus
668 1834 704 1854 ne
726 1825 778 1860 sis,
802 1828 833 1854 et

90 1881 203 1900 coenam
218 1879 316 1909 coque.
341 1867 467 1908 Altera]
481 1867 586 1903 Quam
602 1866 707 1897 fecisti
715 1866 833 1897 dotatae

88 1912 192 1944 uxori.
209 1911 397 1943 D.—Recte
408 1911 488 1941 vidit
501 1909 638 1941 Daceria
650 1911 757 1946 verba,
771 1911 832 1940 Le-

86 1967 127 1997 ge
148 1958 232 1997 agito
253 1966 332 1996 ergo,
350 1964 420 1984 esse
438 1953 634 1995 Demiphoni
655 1952 834 1984 tribuenda.

93 1999 225 2030 Etenim
244 1997 397 2029 Phormio
413 1997 510 2028 verba
531 2008 592 2027 una
614 1996 769 2036 injuria’st
789 2001 834 2027 te-

91 2053 158 2073 cum
173 2041 300 2073 dixerat
310 2041 352 2071 ad
365 2040 603 2082 Demiphonem
616 2045 837 2070 accurrentem

91 2093 126 2116 et
148 2085 352 2116 retinentem.
396 2083 483 2124 Ergo
501 2082 665 2125 probabile
681 2090 739 2118 est,
755 2092 835 2113 eun-

90 2128 164 2160 dem
189 2127 427 2169 Demiphonem
449 2126 646 2169 respondere
663 2126 745 2167 Lege
765 2127 834 2166 agi-

91 2178 130 2203 to.
165 2171 202 2203 Z.

134 2216 185 2246 92.
203 2214 381 2246 Bembinus
396 2215 447 2244 Sic
461 2214 556 2254 agitis
569 2225 580 2244 .·
602 2211 709 2243 caeteri
726 2213 836 2243 Ilm.-

90 2264 260 2299 utramque
274 2257 447 2288 lectionem
462 2255 603 2287 admittit
618 2265 738 2286 versus.
768 2255 806 2285 Β.

135 2302 186 2332 95.
211 2302 332 2342 Pugno:
355 2303 387 2331 in
408 2305 538 2331 ventrem
557 2297 678 2340 ingere]
706 2298 837 2329 Urbane

92 2346 125 2375 in
147 2350 289 2380 ventrem,
313 2343 404 2384 quasi
431 2342 581 2384 parasito.
617 2342 670 2373 An
694 2346 835 2378 venerem,

92 2394 196 2419 totum
210 2386 387 2429 parasitum
403 2386 503 2417 dicit?
527 2393 564 2416 ut
580 2384 723 2416 Lucilius
734 2385 768 2415 in
784 2394 835 2415 se-

93 2430 209 2467 cundo,
242 2431 338 2461 V'wite
366 2431 508 2466 lucr-ones,
537 2430 716 2465 medones,
746 2430 836 2459 vivite

92 2479 220 2505 ventres.
250 2474 304 2504 An
316 2473 523 2514 simpliciter:
546 2471 622 2512 quia
636 2471 691 2511 qui
706 2470 836 2508 resistit,

93 2527 136 2547 ne
158 2522 310 2557 sequatur
332 2516 512 2547 trahentem
527 2514 610 2546 collo
625 2515 761 2551 obtorto,
783 2524 835 2545 re-

93 2559 236 2601 pandum
262 2569 302 2590 ne
331 2558 416 2598 facit,
448 2566 481 2590 et
510 2565 656 2589 ventrem
686 2557 835 2599 projicit;

94 2612 193 2643 quum
207 2608 317 2633 autem
326 2599 526 2633 &ventrem
541 2600 664 2638 feritur,
684 2607 836 2632 curvatur

95 2653 128 2677 et
143 2645 297 2686 sequitur.
330 2644 371 2675 D.

138 2689 189 2720 96.
209 2689 333 2719 Oculum
347 2686 488 2728 exclude]
511 2687 564 2718 Al.
579 2688 725 2726 exsculpe.
755 2685 837 2716 L.—

96 2733 218 2763 Omnes
231 2730 332 2762 nostri
344 2737 378 2761 et
390 2729 508 2761 Faerni
522 2729 596 2760 libri
609 2736 726 2771 praeter
740 2729 835 2759 Bem-

94 2775 208 2806 binum
230 2773 286 2804 ubi
307 2780 357 2804 est
378 2774 524 2812 exsculpe,
541 2779 629 2803 recte
650 2773 770 2803 habent
784 2783 836 2802 er-

95 2820 191 2850 clude.
234 2817 287 2848 Sic
309 2816 413 2847 Plaut.
438 2815 472 2846 ‘m
501 2814 653 2850 Poenuloz
676 2816 840 2846 Excludieo

94 2864 169 2892 milu'
188 2862 287 2892 hercle
301 2861 426 2896 oculum,
441 2861 469 2890 εἰ
483 2860 601 2890 dedero.
639 2858 703 2889 Sed
717 2867 777 2900 pro
792 2859 835 2888 lo-

94 2916 148 2936 eus
161 2910 249 2936 recte
264 2903 374 2934 Bemb.
387 2903 490 2943 probe.
513 2901 589 2932 Non
601 2901 689 2932 euim
703 2901 744 2932 de
755 2900 836 2937 loco,

94 2958 191 2989 quem
206 2957 272 2978 non
286 2951 468 2977 mutaturus
482 2951 561 2983 erat,
576 2951 626 2976 est
640 2954 764 2979 sermo:
778 2943 837 2976 sed

94 2991 136 3022 de
158 2990 319 3029 facultate,
332 2998 430 3031 quam
443 2988 582 3021 habebat
594 2986 771 3020 ulciscendi
784 2996 835 3019 ne-

877 1703 943 1724 nes.
968 1692 1022 1724 Sic
1036 1692 1178 1734 loquitur
1192 1705 1319 1736 quoque
1334 1694 1469 1727 Plautus
1484 1695 1575 1727 Poeu.
1589 1706 1620 1727 v.

876 1738 906 1767 4.
924 1736 975 1767 56.
992 1737 1074 1767 Nam
1085 1739 1139 1777 pol
1153 1748 1208 1778 ego
1222 1743 1252 1769 te
1266 1740 1398 1769 ulciscar
1407 1740 1510 1778 probe.
1538 1739 1576 1770 B.

922 1780 948 1810 l.
969 1781 1045 1813 Quis
1058 1783 1191 1811 nominat
1201 1792 1246 1812 me
1256 1779 1289 1821 ?]
1308 1781 1373 1812 Hic
1389 1781 1478 1813 velut
1491 1788 1621 1814 contro-

875 1822 981 1853 versia
1002 1828 1068 1853 est:
1092 1822 1127 1854 in
1148 1834 1212 1864 qua
1232 1834 1307 1855 reus
1323 1824 1361 1855 fit
1381 1824 1516 1856 maritus
1530 1825 1623 1856 malae

877 1865 1095 1897 tractationis:
1121 1872 1155 1897 et
1179 1873 1229 1898 est
1252 1873 1355 1898 status
1380 1867 1544 1908 qualitatis
1564 1878 1622 1899 ve·

877 1908 981 1940 nialis.
1019 1909 1185 1943 D.—Q·u‘s
1208 1913 1342 1941 temnat
1369 1921 1415 1941 ne
1423 1910 1458 1952 ἶ]
1491 1911 1532 1942 In
1561 1910 1623 1943 hac

879 1962 975 1982 scena
995 1961 1072 1983 reus
1086 1962 1188 1983 senex
1209 1952 1256 1990 fit,
1271 1953 1357 1994 quod
1377 1953 1473 1985 aliam
1496 1954 1531 1985 in
1546 1953 1624 1986 villa

880 2005 1013 2026 uxorem
1042 1995 1201 2026 habuerit.
1254 1996 1316 2028 Est
1343 2003 1446 2028 status
1476 1996 1624 2029 venialis.

881 2037 1055 2069 Accusatio
1069 2038 1146 2070 hinc
1161 2038 1287 2081 incipit,
1305 2040 1342 2070 In
1356 2040 1480 2077 Lemno,
1491 2042 1569 2071 elan
1582 2045 1623 2079 te,

879 2092 998 2112 osorem
1010 2083 1098 2112 duxit
1108 2094 1118 2112 .-
1141 2083 1232 2122 cujus
1244 2081 1437 2123 improbatio
1549 2083 1623 2115 ilice

879 2124 1039 2166 completa
1054 2131 1114 2162 est,
1129 2131 1160 2156 et
1174 2126 1244 2156 inde
1256 2127 1357 2165 filim
1371 2128 1510 2166 suscepit.
1527 2125 1623 2158 Unde

879 2167 1013 2208 indigna

880 2211 1010 2242 Abhinc

1014 2173 1047 2198 ta
1074 2168 1128 2199 hic
1156 2178 1240 2199 uxor
1265 2175 1324 2206 est,
1357 2175 1391 2200 et
1413 2169 1622 2201 convertitur.

1024 2221 1126 2252 usque
1146 2211 1187 2242 ad
1202 2211 1301 2243 finem
1318 2211 1496 2243 continuati
1511 2211 1624 2254 (conti-

880 2256 997 2285 nuatim
1014 2253 1068 2294 Z.)
1088 2254 1324 2296 pulcherrimus
1338 2261 1480 2286 statuum
1494 2262 1528 2287 et
1542 2255 1626 2298 figu-

880 2307 989 2328 rarum
1004 2297 1083 2328 ordo
1097 2298 1290 2329 contexitur.
1322 2297 1361 2329 E.

923 2341 952 2371 2.
972 2340 1086 2372 Plures
1098 2340 1215 2372 Faemi
1231 2347 1265 2372 et
1275 2341 1340 2372 duo
1354 2351 1395 2372 ex
1411 2341 1530 2373 nostris
1543 2340 1624 2374 libb.

879 2383 999 2414 habent
1022 2385 1228 2424 obstupuistn'?
1257 2384 1316 2415 sed
1338 2384 1445 2426 placet
1474 2384 1625 2416 Bembini

879 2428 1062 2466 obstipuisti,
1084 2427 1116 2457 h.
1133 2437 1160 2457 e.
1176 2426 1326 2469 stupidus
1347 2434 1381 2458 et
1395 2427 1487 2468 quasi
1508 2438 1625 2460 saxeus

881 2469 1012 2500 effectus
1027 2479 1063 2501 es
1081 2480 1149 2512 prae
1164 2469 1288 2501 timore.
1320 2470 1422 2502 Recte
1436 2481 1533 2512 porro
1546 2481 1623 2503 noo-

880 2512 921 2544 tri
930 2519 964 2543 et
971 2512 1036 2544 duo
1046 2512 1163 2544 Faerni
1174 2512 1259 2550 libri,
1271 2515 1365 2545 Ehe-
1375 2523 1434 2555 pro
1445 2515 1535 2545 Hen.
1554 2514 1623 2546 De«

879 2556 977 2596 nique
989 2555 1061 2597 lege
1079 2555 1140 2591 Qui
1153 2558 1212 2594 hic,
1228 2566 1294 2587 non
1311 2556 1388 2591 Quis
1401 2559 1459 2588 hic.
1488 2557 1527 2588 B.

921 2600 951 2630 4.
970 2598 1034 2630 Pro
1047 2601 1153 2631 eredas
1168 2610 1280 2630 versus
1300 2600 1394 2639 jubet
1407 2599 1472 2641 legi
1485 2602 1624 2640 aedas,

878 2641 942 2673 nisi
957 2642 1029 2682 quis
1044 2642 1135 2673 malit
1149 2642 1323 2673 iambicum
1338 2642 1520 2675 trimetrum
1534 2650 1623 2676 outn-

878 2684 1028 2716 lecticum
1039 2695 1127 2716 esse:
1151 2685 1237 2726 quod
1251 2695 1317 2716 non
1332 2685 1447 2727 placet.
1479 2686 1516 2717 B.
1619 2708 1622 2711 -

924 2728 954 2758 6.
972 2728 1130 2759 Nonnulli
1154 2728 1231 2759 libri
1254 2730 1333 2769 qnod
1355 2731 1435 2761 istic.
1472 2729 1561 2771 Lege
1589 2735 1626 2762 et

880 2770 1061 2845 ἀίεῑίηἳοι
1087 2770 1170 2806 Qnid
1193 2782 1265 2813 ergo
1289 2777 1336 2803 est
1357 2774 1437 2814 quod
1455 2774 1527 2804 istic
1546 2784 1621 2806 nur·-

881 2816 957 2845 rat?

923 2858 952 2888 8.
967 2858 1089 2888 Delirat
1099 2859 1190 2889 miser
1200 2856 1322 2899 tinore]
1334 2857 1486 2890 Graviter
1495 2864 1620 2891 umm-

879 2910 962 2941 que:
986 2907 1019 2932 et
1043 2901 1166 2938 delirat,
1181 2909 1215 2932 et
1240 2903 1355 2933 tinore.
1398 2901 1484 2933 Nam
1503 2901 1622 2934 delira-

879 2943 926 2992 tio
952 2943 1112 3018 affectati
1146 2943 1309 2983 convenit,
1331 2944 1429 2976 αιτιοι·
1455 2945 1607 2978 οοιιωιειι·
1606 2963 1623 2971 -
