1852 3216
114 178 253 206 scENA
277 164 327 218 ι.]

675 159 1094 203 EUNUCHUS.

173 252 424 302 Hominum,
445 258 521 293 aut
540 251 687 306 negoti
706 250 744 291 si
763 249 938 305 quando
960 249 1107 290 odium
1126 254 1327 304 ceperat:

119 327 158 356 15
175 317 470 372 Requiescere
490 316 567 358 ubi
585 315 773 365 volebat,
794 314 943 369 quasi:
974 315 1160 356 nostin’?
1210 313 1305 356 Gn.
1329 313 1454 356 Scio:

172 382 312 430 Quasi
332 382 408 423 ubi
427 379 541 422 illam
561 387 798 435 exspueret
816 379 1030 420 miseriam
1050 393 1107 420 ex
1127 379 1283 421 animo.
1330 378 1423 420 ΤΗ.
1445 377 1606 420 Tenes.

171 445 288 487 Tum
309 460 375 486 me
396 445 617 487 convivam
637 444 775 486 solum
794 443 1042 485 abducebat
1062 443 1158 485 sibi.

1211 442 1306 485 Gn.
1329 442 1447 484 Hui!

171 510 343 564 Regem
362 509 603 564 elegantem
622 523 786 550 narras.
838 508 930 549 ΤΗ.
952 507 1045 549 Ῑιιιο
1066 508 1127 549 sic
1147 507 1332 549 homo’st

172 572 498 627 Perpaucorum
516 571 750 613 hominum.
803 571 897 613 GN.
920 571 1013 614 Imo
1033 571 1249 613 nullorum
1267 571 1468 620 arbitror,

115 646 158 676 20
174 637 222 679 Si
241 645 384 679 tecum
405 637 520 678 vivit.
571 635 663 678 ΤΗ.
685 635 885 677 Invidere
906 651 1052 678 omnes
1074 636 1177 677 mihi
1194 652 1204 677 ε

173 701 383 743 Mordere
404 697 667 743 clanculum:
699 715 782 755 ego
801 715 889 742 non
907 701 1033 743 flocci
1051 701 1269 756 pendere:

173 764 243 807 Illi
262 766 454 807 invidere
474 766 653 815 misere;
685 779 833 806 verum
852 780 965 807 unus
986 772 1131 807 tamen

173 829 391 885 Impense,
410 828 652 884 elephantis
673 843 802 884 quem
822 829 983 872 Indicis
1004 829 1283 885 praefecerat:

114 976 260 1014 consilia,
284 985 381 1017 quam
405 981 492 1006 totus
515 974 687 1022 exercitusz
732 974 865 1015 Mirum]

116 1019 240 1050 Melius
266 1029 326 1060 per
339 1017 505 1091 ᾱείρυνείυ
529 1016 783 1058 pronunciamus
807 1020 864 1047 mi-

114 1073 203 1096 nua,-
226 1061 317 1101 quasi
339 1061 436 1097 dicat,
453 1059 536 1095 Quis
558 1070 624 1091 non
638 1059 786 1091 crederet
808 1059 865 1091 tali

115 1103 209 1134 viro?
225 1103 283 1134 sed
296 1109 405 1144 potest
419 1102 519 1133 etiam
530 1101 723 1144 simpliciter
735 1112 796 1143 pro
807 1102 864 1133 ad-

115 1145 629 1224 mffugffssfflzmum
651 1192 707 1218 aut
721 1189 823 1227 negoti
837 1189 866 1219 εἰ

114 1233 235 1272 quando
255 1232 356 1261 adium
378 1230 517 1270 ceperat]
546 1230 685 1272 Reipub.
711 1230 866 1271 princeps

114 1273 197 1304 duas
215 1283 269 1304 res
292 1273 425 1314 patitur,
448 1272 597 1304 homines
619 1279 654 1303 et
674 1272 814 1313 negotia,
831 1273 866 1304 id

116 1322 175 1352 est,
185 1325 341 1358 personas
356 1322 389 1346 et
401 1325 454 1346 res
466 1315 644 1346 hominum.
662 1317 797 1346 satietas
811 1317 864 1346 ho-

114 1361 240 1395 minum,
249 1363 305 1389 aut
319 1361 421 1398 negoti
434 1360 463 1388 ei
477 1360 597 1398 quando
610 1359 710 1388 odium
725 1357 864 1397 ceperat]

116 1400 254 1442 Proprie
268 1400 411 1431 reddidit
425 1406 458 1431 et
472 1401 635 1437 decenter,
651 1402 800 1430 hominum
814 1411 864 1431 ea-

116 1446 218 1480 tietas,
234 1444 349 1483 negotii
363 1445 473 1473 odiunt.
512 1443 590 1473 Non
605 1442 693 1473 enim
707 1452 768 1483 par
785 1448 865 1479 erat,

117 1485 257 1527 Reipub.
279 1485 462 1526 principem
484 1485 654 1516 hominum
677 1485 752 1515 odio
775 1484 865 1516 labo·

115 1538 198 1559 rare.
231 1528 274 1558 D.

162 1571 213 1601 15.
223 1571 422 1611 Requiescere
437 1571 491 1601 ubi
505 1569 640 1610 volebat]
658 1570 752 1600 Bono
766 1570 866 1600 verbo

114 1622 194 1644 usus
210 1619 269 1643 est.
293 1613 325 1643 N
327 1622 379 1643 am
392 1618 491 1643 cessat
504 1612 695 1649 desidiosus,
704 1614 867 1652 requiescit

113 1655 270 1686 defessus.
297 1656 393 1688 Quasi
403 1667 414 1686 .·
429 1654 576 1695 ηοειίτιῬ]
592 1655 694 1685 Grate
704 1654 866 1695 expresm't

115 1697 208 1728 milti
222 1697 393 1728 infantiam
414 1697 529 1728 militis
544 1697 707 1736 (Graviter
727 1708 753 1728 e.
775 1708 799 1728 ε.
815 1699 864 1728 in-

115 1742 235 1770 saniam
248 1751 288 1770 m.
304 1739 501 1780 wielingius
521 1739 587 1780 legi
607 1739 702 1778 vult),
717 1739 773 1779 qui
789 1746 865 1770 ante

115 1782 187 1813 vult
201 1781 340 1822 intellig-i
355 1782 442 1822 quod
456 1781 566 1819 sentit,
575 1791 672 1822 quam
684 1781 755 1823 ipse
768 1781 864 1812 dicat.

117 1824 164 1855 Et
186 1824 318 1866 proprie
339 1824 402 1854 boc
424 1823 546 1854 morale
569 1830 621 1854 est
648 1823 768 1860 stolidi,
797 1823 867 1854 sive

116 1867 242 1898 ruditer
247 1866 419 1907 loquentis.
433 1867 529 1899 Qua-u*
536 1879 547 1897 .·
556 1865 704 1906 nostia-¹2]
711 1866 865 1897 ’Aramb-

117 1920 223 1946 ησις,
245 1919 307 1950 pro
327 1911 421 1939 habes
441 1910 521 1939 hoc?
542 1908 604 1939 hoc
627 1915 687 1946 est,
703 1908 790 1948 quod
811 1918 866 1939 su-

116 1951 510 2028 Ρτῗὸηεᾶικιιῖιυίὸίῗηαιι
524 1998 683 2033 exspueret
696 1992 866 2033 miseriam]

124 2038 185 2067 Ubi
199 2046 259 2078 pro
274 2036 413 2076 quando,
430 2042 463 2066 et
477 2036 512 2067 in
528 2036 589 2072 bis,
606 2041 640 2066 et
653 2045 762 2076 supra.
800 2037 865 2066 Er-

117 2078 255 2119 spueret]
278 2081 365 2118 Eup
365 2089 435 2109 uere
447 2085 498 2109 est
511 2088 585 2109 cum
600 2077 730 2108 fastidio
745 2077 867 2117 aliquid

117 2121 253 2161 rejicere
275 2127 309 2152 et
330 2120 504 2162 expellere.
540 2121 627 2151 Nam
648 2131 801 2161 exspuere,
818 2126 869 2150 est

117 2170 212 2195 exn’a
225 2174 287 2212 pus
302 2163 441 2201 mittere,
452 2163 486 2194 id
501 2169 561 2200 est,
577 2163 671 2193 foras.
710 2163 796 2193 Nam
809 2173 867 2202 pus

118 2213 171 2238 est
183 2206 290 2237 omnis
304 2206 421 2236 humor
435 2205 563 2247 corpori
579 2215 744 2236 onerosus-
781 2205 821 2235 D.
824 2221 869 2226 —

118 2250 290 2289 Eup-neret
312 2247 483 2288 nuceriam]
516 2248 563 2279 Ut
584 2254 695 2289 posset
708 2257 821 2278 curam
835 2253 869 2278 et

116 2291 369 2322 sollicitudinem
384 2301 427 2322 ex
440 2290 550 2321 animo
564 2300 741 2321 removere.
773 2290 812 2320 E.

165 2334 214 2366 17.
241 2335 316 2365 Tun
337 2345 384 2365 me
405 2336 556 2364 convivam
581 2335 676 2364 tobim
696 2334 867 2363 abducebat

118 2375 196 2416 sibi]
214 2376 288 2407 Hoc
302 2382 481 2417 supererat,
492 2381 538 2413 ut,
548 2375 603 2416 qui
619 2381 704 2406 esset
718 2375 868 2406 minister

118 2428 310 2459 magnarum
323 2428 443 2455 rerum,
455 2418 490 2449 id
506 2424 564 2455 est,
579 2417 794 2455 consiliarius,
809 2428 866 2448 vo-

120 2460 281 2509 lupnmm
307 2471 435 2509 quoque
463 2461 571 2534 regis‘h
580 2461 744 2502 particeps
772 2466 866 2491 esset.

122 2502 169 2533 Et
180 2502 254 2534 vide
263 2513 328 2543 quo
339 2503 525 2544 significatu
537 2503 673 2540 di,catur
685 2514 740 2539 me,
751 2509 785 2533 et
797 2514 866 2533 con-

120 2547 228 2581 vivan,
251 2552 285 2576 et
304 2547 408 2583 solun,
430 2551 465 2576 et
485 2547 679 2577 abducebat.-
703 2555 781 2576 nam
802 2555 869 2576 non

121 2588 267 2618 vocabat.
303 2587 349 2618 Et
362 2590 432 2625 sibi,
447 2587 541 2628 quasi
560 2598 628 2619 non
649 2594 784 2629 propter
806 2597 868 2624 me,

120 2629 190 2666 sed,
206 2629 315 2660 utsibi
331 2629 414 2660 bene
429 2636 524 2662 esset.
550 2610 868 2670 Tunnecowivan]

124 2672 164 2702 Id
176 2678 235 2708 eat,
248 2681 347 2712 quum
359 2671 491 2703 ndens
503 2672 673 2704 bominum
687 2679 783 2710 esset,
792 2683 868 2704 cum

121 2714 244 2745 odisset
269 2723 355 2754 nego
355 2713 409 2744 tin.
434 2715 594 2746 Cannium
618 2717 714 2746 salum
737 2717 868 2746 abduce-

123 2755 192 2797 bat]
211 2756 265 2792 Ut,
283 2756 385 2787 AEm'
376 2766 419 2787 iv.
428 2757 503 2787 421.
504 2759 642 2788 —oola-
655 2759 870 2797 nauperfidus

121 2800 174 2830 5110
187 2800 229 2830 Te
237 2801 342 2830 colere.
365 2798 536 2839 Significat
548 2805 669 2837 autem,
679 2799 870 2840 sepiusfflle

122 2841 252 2872 facmm.
286 2841 324 2872 D.

169 2885 218 2915 18.
242 2885 356 2924 Regem
375 2885 542 2932 elegantem
562 2882 691 2924 narras]
714 2883 781 2919 Qui
811 2883 870 2915 eli-

123 2926 300 2967 geresciat,
313 2933 370 2957 aut
380 2926 436 2967 qui
450 2926 522 2968 ipse
530 2925 601 2957 site
667 2925 760 2957 udus.
786 2926 827 2957 D.
829 2943 873 2949 —

125 2970 177 3000 Se
187 2970 323 3001 bon-aest
336 2967 569 3009 perpaucorum]
582 2968 611 3000 Τ
645 2968 741 3006 sent,
756 2968 871 3010 inquit,

910 981 947 1006 ιιι
970 985 1044 1007 cum
1071 975 1184 1017 paucis
1204 986 1276 1007 esse
1295 976 1383 1008 velit.
1430 977 1581 1018 Denique
1600 977 1661 1009 hoc

909 1018 1072 1049 intellexit
1094 1025 1127 1049 et
1150 1019 1311 1049 Parmeno
1327 1029 1402 1049 cum
1420 1019 1522 1050 dixit:
1556 1020 1662 1051 Immo

909 1060 1073 1091 nullorum
1095 1060 1243 1098 arbitror,
1267 1061 1296 1092 si
1320 1067 1428 1092 tecum
1450 1061 1539 1093 vivit.
1577 1063 1663 1093 E.—

910 1103 1034 1134 Versus
1049 1103 1154 1143 gratia
1175 1103 1247 1144 lege
1262 1109 1296 1134 et
1310 1103 1485 1144 distingue,
1508 1107 1597 1135 immo
1616 1107 1662 1135 sic

909 1147 1053 1176 homo’st:
1090 1147 1315 1186 Perpaucorum
1349 1147 1550 1178 homiuum’st.
1606 1147 1662 1178 Sic

908 1188 1101 1229 simpliciter
1115 1188 1250 1229 ponitur
1267 1189 1383 1219 Horat.
1402 1189 1505 1220 Serm.
1522 1189 1544 1220 i.
1561 1190 1591 1221 9.
1608 1190 1661 1220 44.

908 1232 1063 1262 Maecenas
1071 1233 1213 1271 quomodo
1222 1237 1317 1262 tecum
1325 1234 1341 1262 7
1348 1233 1435 1263 Hinc
1442 1234 1553 1272 repetit
1560 1245 1573 1268 ,-
1579 1243 1661 1272 pau-

909 1285 1009 1304 corum
1025 1275 1184 1310 bominum,
1198 1280 1230 1305 et
1243 1277 1352 1306 mentis
1368 1276 1440 1306 bene
1455 1286 1547 1306 sanae.
1581 1275 1619 1307 B.

955 1317 1005 1347 19.
1021 1318 1246 1356 Perpaucorum
1255 1316 1423 1357 hominum]
1434 1318 1503 1348 Aut
1511 1317 1567 1358 qui
1578 1327 1661 1358 pau-

908 1358 956 1388 cis
970 1358 1091 1389 utitur:
1115 1365 1171 1389 aut
1186 1359 1242 1399 qui
1257 1359 1298 1389 de
1312 1360 1426 1401 paucis
1441 1366 1511 1390 est.
1534 1367 1592 1391 aut
1606 1360 1662 1399 qui

908 1400 1022 1442 paucis
1043 1400 1170 1449 placen
1193 1402 1255 1432 hoc
1271 1408 1330 1438 est,
1347 1402 1441 1433 bonis
1456 1408 1490 1432 et
1504 1402 1661 1443 sapienti-

910 1443 979 1480 bus,
1005 1443 1059 1484 qui
1087 1443 1154 1474 fere
1178 1444 1274 1485 pauci
1299 1450 1385 1475 sunt.
1430 1446 1496 1475 Ima
1512 1446 1662 1476 nullorum

909 1488 1054 1522 arbitror,
1076 1488 1104 1516 si
1126 1491 1223 1517 tecum
1239 1486 1332 1527 vivit]
1357 1487 1432 1518 Hoc
1454 1497 1596 1525 aversus,
1619 1497 1663 1518 ne

909 1528 1004 1559 miles
1019 1528 1138 1559 audiat.
1184 1529 1298 1559 Potest
1319 1536 1429 1560 tamen
1444 1535 1478 1560 et
1493 1529 1589 1560 aliter
1609 1529 1662 1560 in-

909 1570 1023 1610 telligi,
1053 1570 1196 1601 maxime
1225 1581 1300 1602 cum
1329 1571 1433 1602 milite
1463 1571 1534 1610 (Ne
1562 1572 1663 1603 verba

908 1612 1095 1653 langueant,
1116 1613 1199 1653 lege,
1221 1615 1275 1644 illo
1294 1615 1402 1644 milite.
1448 1613 1539 1645 Hinc
1560 1620 1663 1646 notam

908 1655 1046 1686 militem
1060 1655 1101 1686 ad
1118 1665 1201 1686 vers.
1220 1657 1270 1686 12.
1286 1655 1394 1695 dixit).
1434 1656 1662 1696 D.—Per‚m-

908 1709 1010 1728 corum
1031 1697 1199 1738 hominum]
1227 1696 1316 1729 Πάνυ
1338 1700 1464 1738 'ufir
1485 1698 1661 1739 ἃνθρόῐοιν.

908 1740 1035 1772 Charis.
1048 1740 1103 1772 lib.
1119 1740 1154 1771 ii.
1186 1740 1223 1771 L.

953 1784 1004 1813 20.
1028 1785 1168 1814 Invidere
1178 1794 1278 1814 omnes
1288 1782 1379 1824 mibi]
1392 1784 1473 1815 Plus
1488 1790 1607 1825 potest,
1619 1784 1662 1815 ad

910 1824 1169 1865 significandum,
1200 1825 1366 1857 infinitum
1395 1832 1535 1867 tempus,
1565 1836 1663 1866 quam

910 1867 1050 1898 finitum.
1082 1867 1125 1898 D.

955 1910 1006 1940 21.
1029 1911 1271 1949 Egomfloeci
1288 1909 1439 1950 pendere]
1455 1910 1552 1945 Quod
1573 1920 1662 1942 mor-

910 1951 1027 2024 dDerent
1051 1951 1245 1989 clanculum,
1271 1952 1325 1983 vel
1350 1953 1438 1992 quod
1465 1953 1661 1985 inviderent.

911 1994 1069 2034 D.—Ego
1088 1996 1179 2032 flocci
1202 1963 1372 2042 pendere]q
1382 1995 1600 2027 Contemnere
1625 2006 1663 2027 ac

910 2035 1032 2067 nullius
1062 2037 1219 2067 momenti
1248 2037 1377 2068 ducere.
1422 2037 1577 2078 R—Ego
1604 2049 1663 2069 non

903 2077 1011 2119 flocci]
1029 2079 1094 2109 Ms.
1112 2079 1153 2109 R.
1170 2090 1227 2109 non
1242 2079 1372 2110 omittit.
1404 2080 1442 2110 L.

954 2122 1006 2151 22.
1032 2122 1085 2151 lua·
1100 2123 1234 2152 invidere
1247 2121 1373 2162 adsere]
1386 2123 1487 2153 Miser
1498 2122 1587 2154 enim
1602 2129 1662 2160 eat,

910 2163 964 2194 cui
990 2163 1108 2194 animae
1133 2163 1264 2195 miseria
1286 2164 1383 2195 inest.
1431 2166 1542 2195 Veram
1565 2165 1660 2205 me]

912 2206 1049 2247 Proprie
1063 2217 1151 2237 unus.
1197 2206 1283 2237 Nam
1304 2218 1382 2237 mnu
1396 2216 1439 2237 ex
1452 2207 1565 2238 multis
1579 2207 1662 2238 dici-

911 2254 974 2279 tur.
1020 2248 1065 2279 Et
1086 2248 1167 2279 mire
1188 2255 1238 2280 est
1258 2248 1343 2279 facta
1364 2248 1487 2280 nullius
1508 2249 1664 2298 ponderis

911 2290 1074 2332 repetitio,
1083 2291 1146 2321 ad'
1136 2291 1288 2322 inertiam
1302 2291 1464 2331 loquentis
1475 2291 1663 2333 exprimen-

910 2333 995 2364 dam.
1041 2333 1128 2364 Nam
1150 2339 1320 2375 postquam
1336 2333 1430 2370 dixit,
1445 2335 1586 2365 Invidere
1599 2345 1662 2365 aa·

910 2387 964 2407 nes
993 2378 1091 2406 milu‘:
1125 2376 1255 2417 repetit,
1291 2377 1346 2406 ΠΕ
1375 2378 1509 2407 irwidere
1544 2379 1662 2409 misere.

911 2418 1000 2454 Quin
1025 2425 1059 2449 et
1084 2429 1215 2458 πηρασε
1239 2425 1273 2450 et
1295 2421 1402 2450 misere
1424 2419 1511 2449 idem
1535 2418 1647 2460 signifi

911 2468 1007 2492 cant:
1031 2467 1066 2492 et
1082 2471 1160 2492 mox
1181 2467 1291 2492 tamen
1312 2461 1385 2492 sine
1399 2461 1466 2492 ullo
1481 2468 1556 2492 actu
1570 2461 1663 2493 addi-

911 2503 970 2540 dit,
985 2515 1087 2534 verum
1102 2515 1179 2534 unus
1197 2510 1296 2535 tamen
1316 2506 1456 2543 impense.
1500 2504 1571 2535 Aut
1589 2503 1664 2545 plus

912 2552 963 2577 est
984 2548 1101 2582 misere,
1123 2556 1220 2586 quam
1242 2549 1372 2586 inpense
1390 2547 1529 2586 (Seme
1549 2552 1662 2588 pontu·

911 2588 967 2626 lat,
983 2591 1051 2619 Aut
1062 2590 1133 2628 plus
1143 2594 1189 2619 est
1203 2591 1344 2628 impense,
1353 2589 1587 2629 quan-uisere).
1619 2589 1662 2620 D.

956 2632 1008 2662 23.
1031 2632 1212 2670 Elephantis
1226 2642 1314 2671 quem
1328 2632 1446 2662 Indicis
1462 2629 1662 2672 prefecerat]

912 2674 959 2705 Et
986 2674 1048 2704 hoc
1071 2673 1188 2704 stulte·
1221 2683 1297 2704 cum
1319 2673 1381 2704 hoc
1403 2673 1446 2704 ad
1470 2673 1663 2715 dignitatem

912 2716 1021 2753 sumit,
1045 2722 1079 2746 et
1100 2715 1147 2746 sic
1167 2715 1372 2756 pronunciat,
1393 2722 1433 2747 ut
1590 2726 1663 2748 ene

913 2758 1104 2800 praefecttrra
1119 2757 1268 2789 videatur
1285 2757 1385 2789 baec'
1374 2768 1456 2800 ipsa.
1532 2758 1629 2790 tboc
1643 2769 1664 2790 ι

914 2801 1032 2832 stolido
1047 2799 1150 2831 milite
1159 2799 1206 2831 sic
1219 2799 1393 2842 profertur,
1403 2806 1558 2842 tanquam
1572 2811 1663 2843 mag·

914 2853 993 2875 num
1015 2842 1181 2873 hominem
1197 2842 1276 2874 velit
1289 2852 1371 2880 ene,
1384 2843 1442 2884 qni
1457 2843 1520 2875 sibi
1534 2843 1662 2876 invide-

914 2892 974 2917 ret.
1020 2885 1066 2916 Et
1080 2886 1198 2916 Indicus
1210 2885 1289 2925 πρὸς
1304 2884 1550 2923 ἑνηδκιστολὴυ
1564 2886 1663 2918 Mau-

915 2938 1035 2964 rorum,
1050 2927 1106 2968 qui
1121 2933 1154 2958 et
1167 2927 1342 2968 mitiora(
1473 2951 1483 2965 ,
1501 2928 1558 2960 lib.
1573 2935 1662 2961 uter-

916 2971 995 3011 que)
1019 2977 1106 3001 sunt.
1142 2928 1535 3012 D.—Elepban.g⁰2auen]
1558 2971 1664 3007 Quem
