1852 3216
87 151 228 182 semu
248 137 318 193 ιι]

659 135 998 179 ἨΕΟΥΒΑ.

1523 134 1605 177 501

143 227 257 270 PAR.
279 226 384 269 Non
403 226 531 278 visas,
553 240 632 269 nec
650 225 792 268 mittas
812 225 987 281 quidem
1005 225 1171 267 visendi
1187 236 1322 268 causa
1339 223 1613 280 quemquam.

144 293 261 335 Nam
279 293 354 348 qui
374 299 486 334 amat
506 292 575 334 cui
596 291 695 333 odio
712 291 832 347 ipsus
852 298 933 342 est,
953 292 1020 334 bis
1042 291 1182 334 facere
1204 289 1334 333 stulte
1353 290 1493 332 duco:

91 396 96 404 .
146 358 362 400 Laborem
378 358 547 399 inanem
567 358 686 413 ipsus
706 357 836 413 capit,
857 365 902 399 et
920 356 981 399 illi
999 357 1235 400 molestiam
1255 356 1395 399 affert.

92 432 130 462 ιο
146 424 261 466 Tum
282 431 425 466 autem
445 422 559 464 filius
581 430 681 464 tuus
701 422 864 464 introiit
882 422 1043 473 videre,
1065 430 1114 464 ut
1133 423 1263 473 venit,
1284 421 1389 477 quid
1410 427 1525 476 agat.

145 490 218 532 So.
242 489 362 537 Quid
393 489 454 530 ais
468 490 484 530 l*
512 503 566 530 an
595 488 710 530 venit
740 487 1021 543 Pamphilus?
1082 488 1197 530 PAR.
1219 488 1368 531 Venit.

214 555 410 610 gratiam
429 553 586 595 habeo.

1434 486 1511 529 So.
1532 486 1618 529 Dis

147 620 276 671 Hem,
296 621 404 661 istoc
420 620 550 661 verbo
567 619 729 660 animus
745 618 848 660 mihi
864 619 1006 670 rediit,
1023 625 1067 661 et
1079 634 1183 662 cura
1199 634 1255 662 ex
1270 618 1402 661 corde
1418 617 1619 661 excessit.

147 686 261 728 PAR.
284 686 383 728 Jam
404 700 456 727 ea
476 685 531 727 de
551 699 682 726 causa
701 699 897 727 maxume
917 700 1031 727 nunc
1048 685 1135 727 huc
1153 685 1329 727 introire
1349 683 1475 726 nolo:

148 753 263 795 Nam
286 753 321 794 si
342 751 560 794 remittent
579 751 799 806 quippiam
818 750 1085 793 Philumenae
1103 750 1292 802 dolores,

94 827 132 857 15
150 819 334 860 Omnem
354 832 443 859 rem
464 817 669 866 narrabit,
692 816 794 866 scio,
818 817 1020 858 continuo
1042 815 1133 858 sola
1153 816 1255 858 soli:

150 885 263 933 Quae
285 885 396 926 inter
416 898 491 924 vos
511 882 802 933 intervenerit,
824 881 939 923 unde
960 889 1103 923 ortum
1122 888 1190 923 est
1211 882 1377 923 initium
1395 882 1486 923 irae.

148 950 296 1006 Atque
326 964 472 991 eccum
501 949 625 990 video
657 950 797 1003 ipsum
824 947 997 1001 egredi:
1030 961 1158 1001 quam
1177 947 1311 988 tristis
1333 949 1423 988 est!
1477 946 1552 988 So.
1576 945 1619 987 O

236 1016 293 1056 mi
312 1022 440 1070 gnate
458 1016 468 1055 !

151 1081 268 1123 PAM.
291 1079 396 1121 Mea.
415 1086 564 1130 mater,
587 1077 715 1121 salve.
760 1077 836 1120 So.
861 1077 1049 1119 Gaudeo
1069 1078 1236 1120 venisse
1257 1077 1440 1120 salvom:
1463 1076 1622 1119 salvan’

93 1215 231 1236 nonem:
264 1204 310 1235 sic
333 1203 396 1239 hic.
424 1214 543 1234 uxorem
569 1204 723 1242 Pamphili
750 1201 834 1232 dixit

93 1248 204 1289 magis,
230 1258 325 1288 quam
353 1246 596 1277 Philumenam:
629 1252 665 1276 ut
691 1244 835 1276 animum

94 1299 127 1323 et
141 1291 280 1322 officium
297 1290 439 1330 ejusdem
453 1299 562 1320 socrus
580 1295 613 1320 et
634 1288 747 1319 matris
762 1289 834 1319 bre-

94 1335 180 1366 viter
195 1334 438 1365 demonstraret.
472 1333 512 1363 D.

138 1378 167 1411 7.
186 1379 255 1408 Non
270 1379 359 1412 visas,
376 1375 451 1416 eta]
475 1375 582 1406 Unam
602 1385 670 1405 rem
691 1374 834 1405 Sostrata

94 1420 266 1456 consuluit,
282 1420 334 1450 hic
346 1419 386 1450 de
395 1419 519 1450 duabus
528 1418 719 1459 respondet:
743 1427 834 1447 nam-

95 1474 157 1505 que
174 1471 207 1494 et
221 1463 308 1494 illam
322 1473 387 1493 non
403 1461 472 1493 vult
486 1461 623 1502 ingredi,
641 1467 673 1491 et
687 1466 780 1491 cavet
794 1470 835 1491 ne

94 1507 165 1548 ipse
194 1506 358 1538 mittatur:
393 1512 426 1536 et
450 1506 541 1542 bene,
569 1515 764 1545 quemquam.-
796 1513 837 1534 ne

95 1557 207 1592 aperte
224 1560 283 1591 pro
303 1559 338 1580 se
362 1548 448 1588 loqui
472 1548 628 1579 videatur.
662 1546 837 1587 D.—Lege

96 1595 167 1625 Non
190 1595 295 1624 visas?
327 1591 565 1632 interrogative.
621 1589 749 1621 Deinde
779 1600 838 1631 pro

95 1648 149 1668 nee
166 1646 287 1678 repone
304 1647 350 1673 ne,
367 1636 408 1666 ob
423 1634 550 1666 codices
566 1643 678 1665 omnes
702 1643 791 1664 meos
806 1639 839 1663 et

98 1679 225 1711 Faerni.
259 1679 295 1709 B.

140 1725 170 1754 8.
195 1724 277 1753 Nam
303 1723 355 1762 qui
381 1726 473 1758 amat,
501 1722 550 1751 cui
574 1722 641 1751 odio
666 1722 750 1760 ipsus
773 1718 835 1759 est]

97 1766 205 1797 Aliam
235 1775 364 1796 causam
394 1765 584 1804 subjunxit:
619 1763 694 1803 quia
723 1763 839 1794 durum

96 1809 202 1840 suerat
217 1809 279 1850 ipsi
297 1809 448 1838 Sostratae
463 1807 537 1843 dici,
554 1806 638 1847 quod
659 1816 757 1847 supra
771 1805 838 1836 dic-

97 1861 166 1884 tum
191 1858 249 1883 est.
288 1853 370 1882 Nam
394 1852 446 1891 qai
472 1850 572 1890 amat]
602 1849 676 1880 Una
702 1859 798 1880 causa
821 1858 840 1879 a

97 1894 259 1927 sententia
282 1893 404 1925 morali.
445 1895 502 1925 Cui
514 1895 581 1924 odio
595 1895 678 1933 ipsus
693 1892 755 1933 est]
773 1892 840 1923 De-

98 1945 148 1970 est
163 1950 237 1975 eam,
254 1937 304 1969 vel
319 1949 393 1969 eum.
427 1937 468 1967 D.

142 1983 171 2014 9.
197 1983 344 2012 Laborem
367 1983 487 2011 inanem
512 1982 596 2020 ipsas
620 1981 712 2019 capit,
739 1984 768 2009 et
794 1980 842 2009 illi

98 2027 262 2057 molestiam
292 2022 399 2064 affert]
434 2023 507 2054 Hoc
538 2022 770 2053 validissimum
801 2021 841 2052 ad

98 2067 347 2107 dissuadendum
358 2066 428 2097 fuit.
451 2068 495 2098 Et
506 2068 553 2097 illi
562 2067 724 2097 molestiam
733 2063 840 2105 affert]

100 2112 191 2150 Bene
206 2112 267 2142 hoc
279 2109 396 2150 adjecit
409 2122 415 2139 :
440 2120 482 2140 ne
497 2109 551 2150 qui
564 2116 659 2144 amat,
673 2108 732 2139 hoc
746 2108 841 2144 dicat,

101 2155 267 2191 Laborem,
279 2154 356 2185 dum
367 2163 562 2194 promerear,
573 2162 667 2193 quem
680 2162 752 2182 amo
762 2151 842 2191 (La-

100 2200 198 2230 borem
225 2210 282 2229 mm
310 2199 412 2236 perdo,
439 2198 509 2228 dam
534 2206 706 2236 promereor
734 2197 771 2225 de
797 2205 839 2230 eo,

99 2253 184 2282 quem
199 2253 275 2272 amo.
299 2241 363 2279 Z.).
406 2240 445 2270 D.

147 2286 195 2316 10.
226 2286 301 2316 Tam
325 2288 425 2314 autem
445 2280 548 2322 filius]
578 2281 653 2312 Alia
677 2291 773 2312 causa
802 2281 843 2311 ab

101 2335 229 2359 eventu.
267 2329 384 2364 Videre,
402 2332 435 2357 ut
449 2328 539 2362 venit,
553 2327 628 2366 qaid
641 2324 732 2365 agat]
749 2324 843 2359 Quod

101 2381 208 2413 supra,
223 2373 327 2402 visere.
373 2371 427 2401 An
447 2372 551 2405 visere,
567 2367 662 2399 officii
687 2375 736 2398 est
757 2367 843 2409 apud

99 2424 220 2455 aegros:
253 2415 363 2450 videre,
388 2411 604 2454 cognitionis?
637 2417 670 2442 et
691 2410 764 2442 ideo
786 2410 843 2441 ad-

101 2457 216 2494 ditum,
245 2458 321 2497 quid
347 2462 431 2496 agat.
478 2455 622 2486 D.—-Ob
652 2464 845 2485 consensum

104 2499 222 2531 Faerni
238 2509 483 2540 nostrorumque
502 2498 657 2529 librorum
680 2497 751 2538 lege
771 2498 846 2528 Tum

95 2545 182 2582 filius
197 2548 266 2573 tuus
281 2545 335 2572 int.
366 2542 404 2572 B.

150 2587 197 2616 11.
215 2586 263 2616 An
271 2587 351 2616 venit
364 2586 538 2624 Pamphilus
547 2583 580 2625 2]
599 2584 688 2615 Bene
702 2583 846 2614 imitatur

104 2628 262 2660 affectum.
303 2627 455 2658 D.—Pro
478 2630 610 2668 gratias,
632 2627 717 2667 quod
740 2634 789 2657 est
811 2626 846 2657 in

104 2672 195 2703 libris
220 2670 420 2712 quibusdam,
451 2669 644 2711 amplectere
674 2669 847 2700 lectionem

102 2715 194 2747 codd.
211 2714 384 2745 multorum
396 2715 540 2753 gratiam.
573 2713 611 2743 B.

150 2760 197 2789 12.
212 2759 290 2789 Hem
303 2756 333 2797 l]
352 2755 538 2795 Inter-jectio
554 2754 708 2786 feminina
723 2765 759 2786 ac
776 2765 843 2786 ma-

104 2801 247 2833 tronalis.
293 2802 343 2831 Ex
372 2801 459 2830 corde
487 2797 631 2839 excessit]
661 2798 848 2829 Geminavit

104 2843 375 2887 praepositionem.
407 2842 448 2873 D.

150 2889 199 2919 13.
217 2889 288 2918 Huc
300 2898 379 2917 nunc
391 2886 517 2917 introire
528 2883 610 2924 nolo]
627 2884 703 2920 Cur.
714 2883 742 2914 si
757 2883 848 2915 venit

106 2930 304 2973 Pamphilus,
329 2940 394 2961 non
422 2929 464 2960 sit
488 2927 728 2965 introeundum,
751 2937 848 2959 causa

106 2980 264 3007 narratur.
299 2973 340 3004 D.

923 1201 971 1231 14.
985 1202 1067 1231 Nam
1083 1203 1110 1231 si
1124 1203 1278 1232 remittent
1290 1200 1462 1242 quippiam]
1478 1200 1624 1232 Verbum

878 1244 1017 1275 activum
1031 1243 1121 1284 quasi
1134 1251 1284 1275 neutrum
1294 1244 1411 1286 posuit.
1435 1246 1622 1275 Philumena

879 1286 1010 1328 dolores]
1027 1289 1231 1327 Δραματικῶς
1242 1294 1345 1318 errat:
1370 1298 1434 1318 non
1447 1287 1534 1318 enim
1547 1297 1623 1318 vere

880 1330 970 1361 dolor
997 1330 1101 1361 morbi
1124 1336 1183 1366 est,
1208 1340 1281 1361 cum
1307 1331 1350 1361 sit
1376 1340 1497 1372 partus
1537 1330 1625 1361 D.—

878 1375 1063 1404 Philamenoe
1078 1372 1209 1414 dolores]
1225 1374 1264 1404 V.
1282 1374 1318 1404 C.
1337 1375 1553 1405 Philumenam.
1586 1373 1624 1404 L.

877 1416 994 1447 —Etsi
1011 1418 1196 1447 Philumena
1213 1417 1299 1458 apud
1323 1417 1477 1448 Rufinum
1498 1426 1625 1456 quoque

879 1459 913 1490 in
926 1459 966 1489 de
984 1459 1102 1490 Mettis
1116 1459 1248 1491 comicis
1264 1460 1423 1496 laudatur,
1440 1460 1480 1490 ab
1495 1469 1556 1490 usu
1575 1459 1624 1490 lo—

880 1502 999 1543 quendi
1015 1513 1080 1533 non
1095 1503 1259 1540 abhorret,
1272 1509 1305 1534 et
1319 1503 1518 1544 quorundam
1532 1502 1624 1534 codd.

880 1545 1071 1577 auctoritate
1093 1546 1342 1587 comprobatur:
1376 1555 1484 1577 tamen
1506 1546 1548 1576 ob
1573 1555 1624 1576 se-

881 1588 1013 1630 quentia
1040 1591 1104 1620 sola
1132 1591 1188 1620 roli
1217 1589 1390 1620 lectionem
1415 1591 1625 1620 Philumenam

883 1632 1026 1674 praefero.
1059 1632 1095 1663 Si
1116 1632 1203 1663 enim
1221 1634 1426 1664 Philumenam
1448 1631 1571 1669 scribis,
1587 1642 1626 1663 ea

882 1683 931 1706 est
956 1675 1020 1706 ista
1048 1677 1112 1706 sola
1123 1689 1135 1711 ;
1163 1675 1213 1706 sin
1240 1678 1436 1714 Philumenae,
1466 1685 1538 1716 quae
1562 1674 1626 1706 ista

881 1721 945 1750 sola
959 1718 1011 1755 sit,
1027 1718 1161 1750 nescias.
1200 1719 1237 1750 B.

928 1763 977 1792 15.
995 1764 1072 1799 Scio,
1093 1764 1232 1793 continuo
1250 1764 1314 1794 sola
1334 1761 1407 1803 soli]
1430 1762 1486 1799 Ut,
1510 1761 1587 1793 AEn.
1603 1761 1625 1793 i.

884 1806 957 1836 391.
979 1807 1071 1842 haud,
1086 1807 1184 1842 oredo,
1201 1807 1314 1837 invisas
1329 1806 1509 1842 coelestibus,
1532 1816 1627 1836 auras

889 1849 1004 1879 Vitales
1027 1851 1137 1888 carpis.
1181 1848 1226 1880 Et
1251 1848 1307 1885 sic,
1332 1850 1396 1879 sola
1420 1850 1477 1879 soli
1497 1847 1626 1886 dicitur,

884 1891 1043 1932 quomodo
1077 1902 1212 1931 praesens
1240 1893 1394 1931 praesenti.
1447 1890 1501 1922 Sic
1533 1890 1625 1932 Virg.

885 1935 961 1965 AEn.
977 1933 1019 1965 iv.
1036 1935 1088 1965 83.
1111 1936 1197 1965 illam
1216 1937 1323 1966 absens
1344 1936 1497 1965 absentem
1518 1935 1624 1965 audit-

885 1989 942 2018 que
955 1979 1102 2018 videtque.
1134 1978 1177 2008 D.

930 2021 978 2051 16.
999 2022 1072 2054 Qua
1087 2022 1168 2052 inter
1179 2031 1229 2052 vos
1239 2019 1417 2061 intervenit]
1433 2019 1554 2052 Melius
1568 2019 1626 2058 sic,

884 2074 980 2105 quam
1002 2063 1030 2095 si
1052 2063 1184 2101 diceret,
1210 2065 1284 2097 Qua
1305 2066 1354 2094 illi
1366 2062 1492 2104 seceris.
1542 2065 1629 2095 Unde

884 2113 981 2138 ortum
1003 2106 1066 2147 εει]
1090 2107 1155 2138 Pro
1179 2109 1230 2144 sit,
1252 2105 1465 2138 ἀνακόλουθον
1486 2106 1628 2138 tertium.

886 2150 1082 2191 D.—Vulgo
1092 2152 1252 2181 intervenit
1260 2163 1274 2186 ‚·
1298 2150 1408 2181 Bemb.
1424 2151 1627 2181 intervenerit.

885 2195 930 2224 At
942 2193 1002 2234 leg.
1019 2195 1235 2224 intervenerint
1244 2206 1256 2229 ;
1278 2193 1363 2234 quod
1377 2199 1410 2224 et
1424 2203 1536 2224 versus
1552 2202 1628 2234 pro-

885 2237 949 2273 bat,
966 2243 999 2268 et
1022 2236 1143 2267 Donati
1165 2236 1348 2275 auctoritas,
1367 2236 1422 2278 qui
1444 2235 1491 2267 ita
1511 2236 1629 2278 legisse

885 2279 1022 2311 videtur.
1054 2280 1092 2310 B.
1567 2298 1571 2301 Δ

933 2323 981 2356 17.
1007 2323 1104 2357 Quam
1127 2325 1226 2354 tristis
1247 2321 1336 2363 estl]
1371 2321 1630 2363 Χαρακτηρισμὸς

887 2365 1138 2407 (Προοικονομία.
1174 2366 1244 2397 Pet.
1264 2365 1386 2397 Victor.
1403 2366 1444 2396 V.
1460 2366 1496 2396 L.
1513 2365 1629 2398 xxxiii.

888 2410 956 2446 24.)
969 2409 1107 2441 locuturi
1120 2409 1291 2450 Pamphili.
1325 2411 1352 2440 Ο
1362 2411 1403 2440 mi
1415 2408 1526 2450 gnate]
1542 2408 1632 2440 Ordo

888 2460 946 2490 est,
960 2463 980 2483 ο
993 2452 1037 2483 mi
1049 2459 1155 2494 gnate,
1165 2452 1290 2494 gaudeo
1304 2458 1336 2483 te
1347 2452 1471 2483 salvum
1483 2451 1630 2489 venisses

888 2496 945 2527 sed
975 2495 1147 2527 intercedit
1175 2495 1363 2537 Pamphilus
1393 2495 1504 2526 tristis.
1543 2495 1633 2527 D.—

891 2539 977 2570 lllud
998 2544 1043 2570 est
1067 2549 1195 2570 versum
1217 2549 1290 2570 cum
1313 2545 1435 2574 oneret,
1457 2537 1553 2570 dele:
1575 2544 1633 2570 aut

888 2582 960 2623 lege
987 2594 1076 2623 quam
1107 2583 1253 2618 tristis’tt
1284 2581 1337 2613 vel
1366 2583 1466 2613 tristis
1489 2586 1559 2614 eet!
1590 2584 1634 2614 ni

886 2631 991 2667 gnate,
1007 2625 1078 2656 sine
1094 2637 1118 2656 o.
1152 2625 1190 2656 B.

935 2669 983 2699 18.
996 2669 1116 2699 Saivan'
1130 2670 1310 2700 Philumena
1323 2672 1368 2699 est
1378 2666 1411 2708 ?]
1435 2667 1509 2699 Cito
1519 2667 1635 2709 probat

888 2711 1059 2753 Pamphilo
1073 2721 1109 2742 se
1124 2721 1232 2742 amare
1247 2721 1375 2748 nurum,
1393 2721 1467 2742 cum
1487 2717 1563 2753 post
1579 2721 1632 2743 ιι-

887 2755 1078 2786 lutationem
1108 2754 1190 2785 nihil
1216 2754 1316 2796 prius,
1342 2764 1439 2795 quam
1462 2753 1503 2786 de
1529 2753 1633 2786 salute

889 2797 1000 2829 uxoris
1027 2798 1096 2837 ejus
1122 2796 1272 2838 inquirat.
1317 2798 1438 2829 Salvan’
1456 2798 1635 2830 Philumena

890 2846 936 2872 est
945 2839 979 2881 ?]
1004 2840 1092 2871 Mire
1107 2840 1234 2871 obviam
1256 2840 1318 2872 sibi
1337 2848 1509 2873 exeuntem
1530 2840 1635 2872 filium

890 2883 972 2914 nihil
999 2882 1096 2921 aliud,
1119 2883 1183 2915 nisi
1211 2883 1252 2915 de
1277 2883 1469 2916 Philumena
1492 2883 1632 2916 interro-

891 2926 996 2967 gavit:
1020 2933 1058 2957 ut
1079 2927 1263 2959 ostenderet
1286 2929 1356 2969 ejus
1378 2927 1526 2960 morbum
1548 2938 1635 2961 curae

892 2969 953 3001 sibi
969 2979 1051 3002 esse.
1083 2970 1125 3001 D.
1249 2986 1253 2989 ·
