1852 3216
43 147 46 150 '
108 152 247 180 εει-,ΝΑ
269 138 356 194 111.]
414 136 1346 181 HEAUTONTIMORUMENOS.

1547 139 1633 181 347

165 227 250 270 Cu.
272 227 491 271 Confitere
522 235 645 270 tumn
673 241 761 269 non
791 228 919 270 esse?
981 227 1058 269 So.
1080 227 1391 271 Au!·obsecro
1426 234 1484 279 te,
1516 228 1634 271 istud

247 293 426 336 inimicis
446 293 540 336 siet.

165 359 308 416 Egon’
329 359 536 403 confitear
556 373 697 401 meum
715 373 802 401 non
820 372 916 401 esse
936 357 1085 410 filium,
1106 359 1181 414 qui
1200 359 1255 401 sit
1273 361 1425 402 meus?

109 433 147 463 1⁵
165 425 249 467 Cn.
261 425 408 474 Quid?
420 425 573 467 metuis
583 440 637 466 ne
645 439 746 475 non,
756 439 888 480 quum
894 422 1013 475 velis,
1023 425 1248 467 convincas
1257 440 1353 468 esse
1360 424 1477 468 illum
1486 432 1605 467 tuum
1614 428 1632 468 2

163 490 240 532 So.
264 490 398 539 Quod
425 486 515 532 filia
542 497 609 533 est
635 491 835 532 inventa?
884 490 970 533 Cn.
993 490 1121 534 Non:
1153 491 1230 534 sed
1250 492 1368 547 quod
1387 492 1522 547 magis
1541 506 1634 534 cre-

247 556 437 598 dendum
458 557 553 607 siet,

162 621 215 664 Id
237 623 354 677 quod
374 629 441 665 est
460 620 688 665 consimilis
708 622 913 672 moribus,

163 687 404 730 Convinces
425 687 547 730 facile
568 702 625 729 ex
643 695 687 729 te
706 695 877 729 natum:
908 703 1006 730 nam
1025 688 1089 730 tui
1109 687 1254 730 similis
1273 696 1340 731 est
1359 689 1517 744 probe:

163 752 279 794 Nam
298 752 358 794 illi
375 753 435 796 nil
454 754 543 795 vitii
562 760 629 795 est
648 752 858 804 relictum,
876 754 980 809 quin
999 754 1054 795 sit
1071 761 1116 795 et
1131 754 1246 796 idem
1264 754 1356 796 tibi.

106 827 149 857 2ο
164 818 280 860 Tum
299 826 509 875 praeterea
528 817 670 869 talem,
691 819 773 860 nisi
794 826 855 870 tu,
876 819 993 861 nulla
1012 827 1184 875 pareret
1202 819 1351 862 filium.

164 884 253 927 Sed
269 885 363 941 ipse
382 885 628 940 egreditur:
650 898 779 939 quam
793 887 988 927 severus!
1010 900 1257 941 rem,quum
1268 886 1631 937 videas‚censeas.

350 1073 605 1122 ACTUS

665 1073 951 1129 QUINTI
1004 1074 1258 1123 SCENA
1302 1076 1389 1123 IV.

459 1189 697 1222 eLlTIPno.
741 1189 995 1222 SOSTRATA.
1039 1191 1278 1224 CHREMES.

161 1272 211 1315 Sl
230 1287 420 1329 unquam
439 1271 571 1314 ullum
591 1271 672 1314 fuit
692 1279 879 1327 tempus,
899 1279 1050 1324 mater,
1071 1288 1204 1328 quum
1223 1288 1306 1329 ego
1325 1273 1536 1330 voluptati
1555 1275 1634 1317 tibi

161 1338 349 1389 Fuerim,
371 1338 511 1380 dictus
530 1337 645 1379 filius
665 1345 767 1379 tuus
788 1344 863 1379 tua
881 1336 1125 1380 voluntate:
1158 1339 1354 1390 obsecro,

163 1403 275 1459 Ejus
294 1410 344 1445 ut
362 1403 618 1454 memineris,
639 1409 770 1458 atque
789 1403 928 1458 inopis
950 1417 1065 1445 nunc
1085 1410 1129 1445 te
1149 1404 1397 1447 miserescat
1416 1405 1524 1456 mei3

105 1525 139 1546 se
155 1525 227 1546 esse
240 1514 415 1551 subditum,
430 1523 505 1545 cum
525 1524 630 1554 neque
650 1514 777 1556 Syrum,
793 1513 849 1555 qui

104 1558 138 1589 id
153 1557 280 1589 consilii
295 1557 430 1595 dederit,
446 1567 551 1598 neque
565 1556 669 1588 filium
685 1567 847 1588 convene·

103 1601 157 1632 rit.
200 1601 305 1632 Merae
326 1607 403 1632 sunt
423 1610 519 1642 nugae
541 1607 574 1631 et
595 1600 719 1632 naeniae.
762 1600 849 1632 Nam

103 1643 260 1686 Clitipho,
273 1643 329 1675 ubi
344 1653 442 1685 supra
455 1645 507 1675 43.
520 1643 608 1681 dicit,
622 1645 715 1675 Recte
729 1645 848 1681 suades,

94 1686 225 1728 sociam,
246 1686 356 1718 statim
378 1687 510 1718 domum
532 1686 621 1724 abiit,
640 1693 674 1718 et
694 1687 790 1718 matri
813 1687 848 1719 in

280 1730 432 1767 narravit,
448 1736 540 1771 patre
555 1730 588 1761 in
609 1730 672 1761 alia
690 1737 783 1772 parte
803 1741 846 1762 ω-

104 1773 194 1805 dium
210 1780 336 1815 agente,
352 1773 429 1804 dum
445 1773 546 1814 Syrus
560 1773 648 1804 solus
663 1783 772 1804 secum
790 1784 849 1805 sex

103 1824 276 1858 sequentes
289 1826 399 1847 versus
410 1816 560 1857 loquitur.
586 1816 692 1857 Igitur
704 1816 849 1859 Clitipho

103 1860 245 1902 primum
260 1859 347 1891 domi
363 1859 457 1890 matri
473 1869 542 1891 rem
554 1859 691 1901 aperuit,
704 1870 799 1900 quam
813 1860 848 1891 in

103 1913 170 1944 seq.
187 1913 284 1934 scena
299 1905 330 1934 4.
346 1902 474 1944 repetit.
507 1903 617 1939 Quare
629 1913 689 1933 nec
706 1903 850 1934 Sostrata

103 1953 141 1978 ut
162 1946 196 1977 in
219 1956 255 1977 re
277 1956 361 1977 nova
383 1952 432 1977 ωε
453 1952 669 1983 consternata,
684 1946 742 1977 sed
762 1946 850 1977 lente

103 1990 287 2032 respondet,
309 1991 447 2027 Obsecro,
466 1991 508 2020 mi
523 1995 627 2030 gnate.
669 1989 798 2020 Deinde
820 1989 849 2020 si

103 2032 193 2075 legas
204 2035 374 2073 suspicetur
384 2046 396 2068 ,-
419 2032 447 2064 si
459 2042 554 2063 nemo
565 2032 766 2069 indicaverit,
779 2032 847 2063 effi-

104 2076 198 2114 citur,
220 2083 258 2107 ut
288 2076 431 2107 Sostrata
460 2075 511 2107 vel
541 2076 612 2117 ipsa
642 2076 849 2113 dubitaverit,

103 2119 189 2151 sitne
203 2129 299 2151 verus
314 2119 411 2157 filius,
430 2119 516 2160 quod
536 2119 634 2161 plane
656 2126 706 2150 est
726 2119 846 2150 ridicu-

104 2162 192 2199 lum3
216 2162 268 2194 vel
283 2162 428 2194 omnium
444 2172 593 2203 sag-arum
609 2168 643 2193 et
665 2162 850 2194 divinarum

104 2215 224 2237 anuum
239 2205 282 2237 sit
297 2206 449 2248 princeps
465 2213 498 2236 et
513 2205 674 2247 magistra.
708 2205 744 2236 B.

150 2250 199 2280 13.
215 2248 307 2290 AM]
330 2249 549 2280 Obsecrantis.
576 2249 698 2280 ·Modo
720 2248 846 2280 blandi-

104 2292 189 2323 entis
203 2298 238 2323 et
250 2292 503 2324 misericordiam
518 2292 688 2324 moventis-
711 2293 850 2323 Inimicie

104 2334 181 2376 siet]
210 2335 291 2367 Haec
316 2334 505 2377 imprecatio
530 2335 577 2367 sic
607 2342 783 2377 murpatur
807 2336 847 2367 ab

106 2377 234 2415 ovidio,
258 2384 296 2409 ut
317 2378 405 2410 illius
428 2378 560 2421 propria
585 2378 637 2410 sit.
666 2380 849 2410 C.—Tm

105 2419 319 2495 3321·
332 2422 475 2496 &¹²:32
486 2422 850 2497 mmm&

106 2505 219 2537 Bemb,
258 2506 344 2538 Illud
358 2518 485 2548 quoque
499 2514 529 2539 te
542 2516 631 2540 recte
650 2507 811 2540 omittitur
829 2518 849 2539 a

105 2548 176 2579 cod.
191 2554 255 2580 vet.
285 2550 406 2581 eontra
419 2561 533 2582 omnes
553 2551 674 2583 habent
686 2554 766 2583 istuc
780 2563 848 2583 nos-

106 2594 165 2622 tris
179 2593 310 2623 inimicis
323 2595 390 2624 siet.
422 2593 460 2624 B.

153 2635 201 2665 15.
220 2634 397 2676 comam]
419 2635 562 2668 Verbum
573 2635 689 2677 judicii
710 2644 769 2669 est.
807 2637 849 2669 In

102 2676 235 2718 judiciis
244 2680 371 2709 convicti
380 2678 508 2721 proprie
517 2679 678 2718 dicuntur,
687 2681 743 2722 qui
751 2691 849 2712 causa

106 2721 302 2752 ceciderunt.
333 2721 369 2752 C.

152 2764 200 2795 16.
219 2763 383 2804 Quodfilia
398 2769 443 2795 est
455 2766 576 2796 invento
585 2764 620 2806 Γ]
643 2765 773 2797 Exinde
786 2776 848 2808 pu-

105 2812 156 2838 tas
170 2817 265 2849 posse
279 2807 417 2838 inveniri
433 2807 519 2838 hunc
534 2817 605 2839 esse
616 2807 718 2840 filium
730 2819 850 2847 meum,

106 2849 192 2891 qnod
203 2856 237 2881 et
250 2850 383 2881 inventa
397 2856 447 2881 est
461 2850 549 2882 filia?
574 2844 648 2882 noc
664 2857 722 2889 est,
735 2851 849 2884 eodem

216 2899 253 2925 ut
268 2900 302 2925 et
318 2893 371 2925 hic
392 2900 511 2931 noster,
527 2894 793 2935 quemadmodum
815 2902 850 2931 et

183 2935 315 2968 inventa
330 2942 388 2974 est,
411 2936 550 2968 inveniri
564 2937 675 2978 possit.
704 2937 851 2969 E.-Sea

108 2981 186 3020 quod
198 2979 312 3022 nugis]
338 2980 400 3012 Ms-
419 2980 459 3012 R.
482 2982 537 3012 sed
555 2991 613 3022 quo
634 2983 739 3022 nugis.
767 2981 850 3013 L.-

893 1513 1006 1545 Nostri
1021 1525 1133 1547 omnes
1152 1527 1210 1556 quo
1224 1518 1331 1557 uagis.
1362 1516 1474 1548 Recte.
1506 1517 1636 1549 Deinde

893 1557 1053 1598 elegantia
1067 1558 1214 1600 responsi
1227 1569 1269 1590 ne
1283 1568 1405 1601 pereat,
1422 1560 1494 1591 dele
1509 1563 1551 1591 id.
1581 1561 1620 1592 B.

940 1602 987 1632 18.
1006 1600 1066 1632 Tui
1090 1601 1216 1643 similis]
1251 1602 1336 1634 Nam
1359 1603 1549 1645 plerumque
1576 1604 1636 1635 filii

891 1644 1076 1676 consimiles
1090 1651 1167 1676 sunt
1178 1651 1349 1686 parentum
1365 1647 1517 1678 moribus.
1543 1647 1634 1679 Dici-

890 1697 963 1719 mus
977 1698 1051 1719 cum
1072 1688 1227 1729 genitivo,
1243 1699 1317 1720 cum
1335 1699 1460 1721 morum
1483 1690 1636 1722 similitu-

891 1730 1001 1762 dinem
1023 1738 1080 1762 aut
1094 1731 1250 1763 doctrinae
1268 1732 1487 1765 ostendimus:
1512 1733 1569 1765 sed
1584 1734 1635 1765 di-

890 1773 1004 1811 cimus,
1018 1776 1132 1806 similes
1153 1777 1221 1812 tibi,
1237 1786 1310 1806 cum
1332 1775 1451 1813 dativo,
1466 1787 1540 1808 cum
1556 1787 1636 1818 qua-

890 1816 1015 1848 limem
1030 1817 1168 1848 nmilem
1190 1818 1360 1850 ostendere
1374 1819 1566 1851 laboramus.
1597 1821 1636 1852 C.

890 1859 1043 1891 —BentL
1058 1867 1132 1902 post
1148 1866 1177 1892 te
1191 1861 1338 1898 inseruit,
1353 1873 1425 1893 esee.
1458 1863 1495 1894 Z.

937 1904 986 1934 19.
1011 1903 1123 1934 Nostri
1139 1914 1251 1936 omnes
1265 1911 1363 1942 recte,
1386 1908 1459 1946 quin
1474 1907 1579 1937 itidem
1593 1908 1637 1937 cit

892 1947 959 1984 tibi,
974 1945 1071 1977 modo
1084 1952 1158 1987 post
1172 1949 1245 1987 qm‘n
1263 1947 1387 1979 inseras
1402 1951 1444 1979 id.
1473 1949 1636 1981 Caeterum

891 1999 951 2031 pro
963 1990 1099 2020 obscuro
1109 1992 1246 2021 relictum
1261 1991 1347 2021 malo
1360 1993 1506 2023 ins-utun.
1538 1993 1576 2023 B.

934 2033 985 2063 21.
1004 2031 1101 2067 Quam
1115 2044 1234 2064 severus
1247 2032 1278 2074 l]
1303 2034 1388 2065 Nam
1404 2034 1484 2066 facie
1498 2035 1570 2078 ipsa
1585 2036 1635 2067 vi-

891 2076 986 2107 detur
1000 2075 1160 2116 quandam
1175 2077 1370 2118 probitatem
1385 2079 1575 2110 ostendere:
1600 2089 1636 2111 re

892 2129 978 2156 vero,
1004 2118 1087 2150 alius
1115 2126 1172 2150 est.
1204 2120 1372 2158 C.—Ren‚
1404 2132 1494 2162 quum
1522 2124 1635 2162 videas,

891 2161 1027 2202 censeas]
1050 2163 1134 2193 Cum
1149 2162 1268 2200 videas,
1284 2173 1325 2194 ex
1341 2164 1432 2195 vultu
1445 2175 1549 2196 mores
1565 2166 1635 2206 ejus

890 2215 1053 2246 agnoscas.
1085 2205 1354 2247 E.—Rem,qmm
1366 2209 1478 2245 videas,
1494 2208 1633 2250 censeas]

890 2249 973 2280 Cum
989 2248 1151 2280 hominem
1172 2249 1261 2281 intus
1282 2250 1421 2288 noveris,
1436 2261 1568 2283 censeas
1582 2262 1635 2284 se-

892 2302 1003 2323 verum
1018 2302 1098 2323 esse.
1134 2292 1340 2324 Sareasmus:
1362 2299 1400 2325 ut
1416 2294 1521 2326 Plaut-
1538 2295 1635 2327 Bacc.

890 2335 933 2366 iv.
950 2335 980 2366 6.
1000 2336 1048 2366 14.
1082 2335 1120 2366 B.

937 2379 964 2409 1.
982 2380 1016 2410 Si
1031 2390 1160 2421 unquam
1175 2381 1269 2410 atlon
1280 2377 1351 2420 fuit
1366 2379 1500 2422 tenpus}
1518 2381 1636 2413 Adhuc

891 2420 978 2453 filius
990 2429 1125 2453 matrem
1138 2422 1309 2454 sollicitam
1322 2423 1437 2460 reddit,
1449 2423 1526 2455 dum
1543 2424 1637 2466 petit,

890 2467 1636 2550 §afflzz‘zffiffiffssmzssffiffi

890 2561 1008 2583 rerum.
1040 2552 1158 2583 c.—S⁸·
1181 2563 1311 2592 tanquan
1333 2552 1445 2594 taikn]
1469 2554 1523 2585 Ad
1545 2564 1635 2586 oom-

891 2595 1085 2626 movendam
1109 2595 1264 2637 pietatem
1293 2603 1522 2628 commemorat
1550 2607 1634 2639 prn-

891 2638 1004 2669 teritos
1023 2637 1166 2675 affectus,
1180 2638 1233 2669 cui
1255 2638 1301 2670 sic
1322 2638 1448 2671 facilius
1461 2639 1565 2682 possit
1584 2641 1635 2684 ig-

891 2681 990 2712 nosci.
1023 2681 1078 2717 Ut,
1102 2681 1178 2712 AEn.
1195 2681 1236 2713 iv.
1261 2682 1333 2714 31⁷.
1350 2683 1387 2713 Si
1409 2684 1481 2715 bene
1501 2685 1577 2725 qnid
1596 2687 1634 2717 Ie

891 2723 1123 2765 “meroz-fnit
1141 2726 1632 2766 auribiquieqmvulee-e-

890 2778 996 2798 m—
1017 2767 1057 2798 R.

935 2811 965 2841 2.
986 2812 1052 2841 Tua
1065 2809 1233 2851 volume]
1256 2810 1357 2846 Quasi
1371 2811 1480 2844 innuit
1489 2812 1578 2846 illam
1593 2814 1635 2846 de

891 2852 1051 2884 industria
1070 2852 1162 2884 illum
1184 2853 1324 2886 voluisse
1342 2854 1498 2898 appellari
1519 2857 1633 2890 filium.

935 2940 965 2970 3.
982 2938 1177 2981 macrescat]
1202 2940 1369 2974 Habemus
1393 2944 1523 2981 uiseret,
1543 2947 1631 2976 nise-

893 2987 968 3020 reaae,
982 2987 1014 3013 et
1027 2985 1199 3022 miserescit,
1211 2986 1383 3018 uicerant
1391 2986 1426 3018 in
1438 2987 1550 3020 endem
1566 2988 1631 3030 sig-
