1852 3216
573 151 1120 196 ARGUMENTUM.
1523 156 1607 198 553

90 254 201 277 rursus
222 253 295 276 eum
316 242 447 275 senibus
468 243 593 281 callida,
615 249 649 275 et
669 253 745 275 mox
765 253 840 275 cum
861 242 1050 285 Antiphone
1071 243 1112 275 de
1133 242 1245 275 eadem
1265 253 1362 276 causa
1382 243 1520 286 simplex
1541 245 1607 277 dis-

89 298 233 341 putatio=
257 308 370 330 senum
385 297 470 329 inter
494 308 528 329 se
552 296 746 339 colloquium
760 297 800 329 de
822 297 1011 339 expulsione
1026 296 1187 329 mulierisz
1211 302 1245 329 et
1258 297 1298 328 ad
1314 304 1494 330 extremum
1509 300 1607 331 verba

90 351 270 384 Chremetis
299 351 501 393 agnoscentis
532 351 699 389 nutricem,
728 361 764 383 ac
787 361 846 393 per
870 362 941 382 eam
967 351 1066 382 filiam
1094 361 1184 383 suam
1211 361 1285 383 cum
1312 351 1500 394 Antiphone
1527 351 1604 385 con-

84 408 238 447 junctam.
286 406 326 437 In
350 408 453 447 quinto
469 407 554 437 Actu
574 416 633 448 per
655 405 869 448 Demiphonis
885 415 1024 437 errorem
1042 404 1193 437 Phormio
1208 405 1324 447 accipit
1338 413 1506 448 argentum
1523 407 1607 440 dotis

88 461 236 492 nomine:
261 466 293 491 et
307 459 497 491 convenitur
519 460 731 498 Nausistrata,
753 467 789 491 ut
804 459 893 491 exire
916 459 1010 491 domo
1025 459 1196 502 compellat
1212 459 1379 492 Phanium.
1425 460 1607 494 Nuneiatur

87 514 269 556 Antiphoni
296 520 328 545 et
352 505 539 545 Phormioni
562 524 620 556 per
636 514 761 551 Getam,
779 513 940 546 Phanium
962 524 982 545 a
1004 520 1096 556 patre
1120 513 1272 555 agnitam,
1296 514 1548 557 permissamque
1571 521 1608 548 ut

87 579 169 600 uxor
194 569 364 600 habeatur:
396 578 467 609 quae
492 578 590 609 quum
610 567 656 599 ita
679 574 780 610 nupta
802 568 854 606 sit,
880 567 1063 610 exposcitur
1089 574 1257 609 argentum
1284 578 1303 599 a
1330 569 1524 601 Phormione
1547 580 1606 612 per

86 622 191 653 rixam
213 632 343 653 senum:
367 632 386 652 a
402 620 515 662 quibus
539 621 593 652 ille
617 632 799 663 oppressus,
826 632 895 653 rem
921 631 1049 652 omnem
1073 620 1176 663 aperit
1201 621 1432 654 Nausistratae:
1455 624 1496 655 ad
1521 624 1606 665 quod

86 675 226 718 primum
242 675 331 713 irata,
348 681 383 706 ut
399 674 433 706 in
456 674 512 706 tali
536 685 571 706 re
589 685 679 714 uxor,
696 685 772 707 mox
793 675 912 708 lenitur
934 675 969 707 in
984 675 1049 707 fine
1064 675 1188 714 fabulae,
1205 681 1238 707 et
1251 676 1447 709 tutissimum
1463 688 1480 710 a
1502 678 1605 721 patris

87 730 253 762 iracundia
267 735 398 772 praestat
414 728 602 761 Phaedriam.

1041 3061 1099 3092 413
