1852 3216
646 140 728 179 DE
764 139 1086 180 THEATRO.
1539 139 1624 183 xlix'

106 226 413 280 asequumum,
442 227 517 265 nisi
546 227 732 266 comicam
759 237 912 265 omnem
946 225 1189 278 dignitatem,
1218 224 1377 272 morem,
1409 223 1450 266 et
1479 230 1621 280 agendi

106 282 433 327 consuetudinem,
452 293 540 331 quae
557 282 606 319 ab
624 280 792 331 antiquis
810 281 848 318 in
864 279 1005 319 fabulis
1022 293 1068 318 ac
1086 279 1187 318 ludis
1205 281 1404 319 observari
1428 281 1615 329 solebant,

101 345 236 376 exacte
255 344 394 374 teneat.
451 334 511 372 Ita
528 333 606 380 fiet,
626 343 669 372 ut
692 342 827 385 postea
846 333 940 372 nihil
958 342 1102 385 praeter
1119 341 1331 372 metrorum
1348 334 1549 380 rationem,
1570 350 1615 375 ac

100 402 280 430 versuum
309 401 508 427 mensuras
538 387 758 427 desiderare
790 388 933 439 possit:
962 401 1058 438 quas
1084 388 1262 425 nimirum
1288 400 1339 426 ex
1366 388 1612 436 Terentiano,

98 444 267 483 omnium
286 443 508 481 Latinorum
532 438 869 492 grammaticorum
888 441 1113 486 cultissimo,
1132 450 1172 479 et
1196 441 1234 478 in
1253 441 1326 479 hac
1343 455 1385 480 re
1404 441 1614 493 plurimum

96 498 319 541 exercitato,
339 496 540 534 desumere
559 495 703 534 licebit.
757 495 835 534 Hic
855 495 983 546 itaque
1000 495 1095 534 libet
1114 494 1408 533 adolescentulis
1427 496 1617 535 bonarum

94 551 291 590 literarum
310 550 494 588 studiosis
513 550 684 587 breviter
701 561 916 601 proponere
932 563 941 587 τ
970 549 1148 600 primurn,
1168 549 1271 587 unde
1292 557 1381 587 nata
1397 549 1449 587 sit
1466 563 1613 588 comoe-

95 605 170 650 dia,
196 618 350 655 quoque
374 611 490 655 pacto
520 613 608 641 ante
641 603 918 641 comoediarum
946 616 1058 641 usum
1088 603 1237 653 antiqui
1266 611 1395 654 poetae
1425 603 1612 642 luserint:

95 658 233 697 deinde
251 671 355 702 vero,
381 656 575 708 quomodo
594 657 796 695 comoediae
816 657 878 708 agi
906 670 951 695 ac
975 657 1219 708 pronunciari
1245 656 1369 694 solit'ae
1387 657 1544 702 suerint,
1566 662 1623 696 ut'

94 712 186 764 quid
206 711 283 749 ludi
299 712 387 756 sint,
407 710 500 762 quid
519 711 679 756 theatro,
700 723 834 756 scenoe,
854 717 972 756 actus,
993 724 1180 762 personae,
1199 719 1243 748 et
1256 710 1296 748 id
1314 723 1436 762 genus
1455 719 1611 757 caetera3

93 765 203 805 facile
235 765 507 816 intelligantur.
564 764 683 807 Quod
711 778 808 816 opus
834 764 927 802 dum
946 764 1205 816 aggredimur,
1225 764 1379 803 facilem
1406 773 1524 815 atque
1551 774 1622 803 at*

94 828 240 858 tentum
268 819 451 857 lectorem
479 831 564 856 esse
592 818 781 870 cupimus,
802 827 846 856 ut
872 818 1027 857 tandem
1054 818 1255 869 intelligat,
1276 818 1380 869 quid'
1398 818 1611 865 sit'fisb'ula,

95 873 295 925 tragoedia,
314 872 505 911 comoedia
522 882 646 916 vetus,
667 880 809 922 satyra,
828 880 867 910 et
886 885 989 910 nova
1007 872 1210 910 comoedia.

459 933 556 977 Quid
573 934 704 976 fabula,
722 933 904 980 tragoedia,
922 940 1051 980 satyra,

551 961 736 1016 Comoedia
750 987 855 1016 vetus
870 987 907 1016 et
923 993 1029 1016 nova.

143 1041 301 1080 Fabulae
329 1040 507 1093 generale
537 1053 676 1078 nornen
704 1048 774 1085 est,
811 1039 1052 1091 tragoediam,
1087 1047 1267 1091 satyram,
1305 1046 1345 1078 et
1380 1041 1611 1080 comoediam

92 1095 131 1133 in
166 1108 207 1133 se
243 1095 514 1146 complectens.
571 1094 720 1145 Estque
764 1093 895 1132 fabula
929 1094 1100 1132 narratio
1136 1094 1313 1144 quaedam
1355 1094 1531 1141 conficta,
1570 1104 1611 1134 et

93 1149 314 1187 demissiore
342 1149 568 1200 plerumque
598 1148 688 1186 stilo
714 1161 759 1186 ac
784 1148 962 1186 versibus
992 1148 1211 1199 conscripta
1236 1147 1287 1185 ad
1311 1147 1620 1188 oblectationem·

92 1203 322 1241 auditorum.
379 1201 492 1240 Unde
511 1202 626 1240 etiam
648 1208 824 1254 poemata
842 1202 944 1239 inter
963 1201 1113 1240 fabulas
1132 1216 1155 1239 a
1181 1201 1378 1240 nonnullis
1397 1215 1608 1241 connume-

92 1265 249 1295 rantur:
291 1266 527 1308 quapropter
560 1255 792 1306 quibusdam
823 1255 929 1293 visus
966 1263 1025 1293 est
1057 1255 1254 1293 Homerus
1291 1255 1454 1294 Iliadem
1488 1256 1623 1295 instar*

97 1310 309 1360 tragoediae,
330 1309 547 1361 Odysseam
565 1309 615 1347 ad
634 1310 840 1361 imaginem
860 1309 1063 1347 comoediae
1078 1310 1365 1360 conscripsisse.

151 1363 357 1415 Tragoedt‘a
389 1372 517 1402 autem
553 1362 683 1401 sabula
718 1371 789 1408 est,
823 1376 900 1413 qua
936 1363 1081 1413 antiqui
1117 1363 1463 1413 reprehendebant,
1501 1363 1609 1415 quod

92 1418 130 1455 in
154 1419 270 1456 rebus
294 1430 370 1455 non
397 1417 523 1455 solum
550 1416 711 1468 privatis
741 1430 785 1455 ac
816 1416 1007 1461 civilibus,
1037 1416 1105 1454 sed
1132 1417 1303 1455 maxime
1332 1417 1463 1455 arduis
1490 1425 1531 1455 et
1559 1417 1622 1456 ad³

91 1471 281 1522 principes
300 1471 551 1509 attinentibus
569 1471 696 1508 minus
713 1479 863 1508 rectum
882 1470 1097 1508 videbatur.
1144 1470 1191 1508 In
1210 1484 1256 1508 ea
1274 1471 1416 1509 scenici
1436 1484 1606 1517 amurca,

20 1571 23 1573 μ
92 1535 132 1562 et
162 1524 237 1563 olei
268 1525 430 1563 faecibus
462 1524 576 1575 (quas
609 1523 740 1562 Graeci
768 1525 894 1574 τρύγης
929 1524 1088 1574 vocant)
1121 1523 1369 1575 perlinebant
1400 1538 1480 1569 ora,
1517 1530 1608 1564 ante

91 1591 202 1617 usum
220 1591 492 1630 personarum3
522 1577 625 1616 unde
650 1577 851 1628 tragoediae
867 1591 1019 1616 nomen.
1077 1577 1174 1628 Ejus
1201 1591 1319 1628 grave
1338 1587 1608 1630 argumentum

91 1632 177 1677 fuit,
205 1633 370 1683 petitum
397 1644 500 1683 saepe
527 1633 577 1670 ab
603 1631 786 1670 historica
813 1630 921 1669 fide:
959 1631 1078 1669 dictio
1106 1644 1253 1677 severa,
1282 1632 1471 1679 sublimis,
1501 1646 1609 1684 saepe

92 1686 260 1724 tumida:
289 1685 494 1737 tranquilla
512 1686 647 1747 prima,
667 1685 795 1723 exitus
815 1685 972 1723 filnesti.

143 1739 238 1778 Post
264 1740 492 1791 tragoediam
520 1740 675 1777 inventa
701 1738 889 1784 comoedia,
910 1752 1000 1788 quae
1027 1743 1131 1776 vetus
1158 1738 1261 1777 dicta
1280 1747 1367 1777 est·
1395 1740 1435 1777 in
1451 1753 1528 1790 qua
1547 1739 1611 1791 (ut

90 1793 128 1831 in
154 1790 343 1844 tragoedia
361 1792 534 1844 quoque)
552 1792 718 1854 simplex
736 1805 891 1831 carmen
910 1792 1009 1830 fuit:
1038 1792 1145 1843 quod
1163 1797 1316 1831 c'armen
1344 1793 1484 1831 chorus
1504 1794 1608 1832 circa

90 1860 176 1885 aras
195 1847 385 1885 fumantes
403 1860 506 1885 nunc
522 1847 723 1898 spatiatus,
741 1859 845 1884 nunc
860 1845 1066 1884 revolvens
1084 1859 1214 1897 gyros,
1235 1859 1324 1884 cum
1342 1847 1500 1885 tibicine
1516 1848 1608 1885 con'-

90 1901 262 1938 cinebat.
282 1909 444 1951 eratque
454 1901 578 1951 primo
592 1913 667 1938 una
679 1913 845 1951 persona
859 1899 1081 1938 cantoribus
1100 1900 1323 1945 substituta,
1338 1913 1426 1951 quae
1445 1913 1622 1952 respon-·

90 1953 184 1992 dens
203 1954 358 1992 alternis
387 1955 516 1999 choro,
535 1953 796 2005 locupletabat
822 1953 1072 2011 variabatque
1090 1966 1170 1991 rem
1198 1954 1397 1992 musicam.
1454 1953 1607 1993 Chorus

89 2015 218 2046 autem
238 2008 275 2046 in
294 2007 496 2069 tragoedia,
516 2015 582 2046 aut
596 2006 775 2045 comoedia
792 2013 923 2052 vetere,
942 2003 1144 2045 dicebatur
1156 2006 1365 2046 multitudo
1381 2010 1606 2047 coaev'orum'

86 2060 287 2112 juvenum,
302 2070 369 2100 aut
381 2062 574 2099 minorum
585 2061 624 2099 in
639 2061 769 2106 sacris,
782 2060 844 2098 vel
859 2073 986 2105 scena,
998 2060 1231 2099 cantantium
1242 2065 1358 2112 atque
1370 2061 1605 2100 saltantium.

143 2115 231 2153 Fuit
249 2122 350 2154 vetus
367 2115 544 2153 comoedia
558 2114 710 2153 Graecis
725 2114 896 2152 Archaea
913 2114 1029 2159 dicta,
1049 2114 1139 2165 quia
1153 2121 1256 2152 esset
1269 2114 1319 2153 de
1337 2115 1605 2168 nobis-parum

192 2169 252 2207 'tis
272 2170 402 2214 vitiis,
392 2184 401 2193 ·
432 2170 523 2207 item
549 2169 665 2207 etiam
692 2168 929 2229 Euonymos,
950 2169 1040 2218 quia
1058 2168 1203 2206 inesset
1229 2169 1268 2206 in
1285 2181 1332 2207 ea
1358 2168 1466 2207 velut
1483 2170 1607 2208 histo-

90 2222 170 2261 rica
199 2222 295 2261 fides
328 2237 431 2261 verae
460 2223 702 2284 narrationis,
735 2231 775 2260 et
802 2222 1012 2260 nominatio
1047 2222 1231 2266 οιιιιιιιιιιι,
1263 2221 1312 2260 de
1340 2222 1491 2272 quibus
1510 2223 1607 2262 scri-

90 2276 266 2315 bebatur.
322 2277 399 2315 Sed
418 2291 504 2315 cum
522 2286 650 2328 poetae
669 2276 709 2314 in
728 2275 929 2314 comoediis
948 2275 1055 2314 abuti
1083 2275 1262 2314 licentius
1281 2275 1382 2321 stilo,
1403 2284 1443 2314 et
1459 2277 1622 2328 passini

88 2327 229 2368 laedere
247 2343 297 2369 ex
323 2330 484 2369 libidine
502 2330 711 2382 coepissent
736 2329 869 2381 plures
896 2330 1034 2375 bonos,
1052 2329 1148 2381 lege
1157 2328 1248 2375 lata,
1266 2342 1315 2368 ne
1333 2330 1539 2381 quisquam
1563 2331 1606 2370 in

90 2382 250 2422 alterum
268 2385 408 2423 infame
427 2398 578 2423 carmen
595 2385 791 2429 scriberet,
811 2391 1028 2422 tacuerunt.

145 2437 285 2489 Satyra
314 2438 456 2476 exinde
485 2438 622 2476 sumsit
650 2437 866 2476 exordium.
922 2436 1074 2488 Estque
1103 2450 1227 2488 genus
1253 2436 1409 2481 fabulae,
1438 2449 1531 2488 quae
1553 2450 1607 2477 ex

91 2489 251 2541 Satyris,
270 2505 367 2542 quos
394 2491 523 2531 illotos
541 2501 581 2530 et
606 2491 824 2544 petulantes
851 2490 959 2529 Deos
986 2505 1070 2529 esse
1099 2491 1254 2535 seimus,
1282 2504 1424 2529 nomen
1450 2491 1602 2530 suin'sit.

92 2542 182 2581 Fuit
199 2553 326 2583 autem
353 2545 555 2607 ejusmodi,
574 2554 619 2584 ut
645 2546 685 2583 in
703 2559 759 2589 ea,
763 2545 955 2606 quamvis
983 2544 1081 2583 duro
1106 2554 1146 2583 et
1173 2545 1316 2596 agresti
1338 2544 1444 2596 joco,
1473 2553 1605 2584 tamen

91 2597 186 2635 vitia
202 2597 409 2642 hominum,
429 2600 509 2638 sine
528 2599 609 2638 ullo
626 2599 773 2650 proprii
792 2598 956 2637 nominis
974 2598 1099 2644 titulo,
1120 2606 1382 2649 carperentur,
1400 2606 1515 2649 atque
1533 2613 1605 2651 per

92 2650 251 2702 scirpos,
288 2659 327 2691 et
361 2653 576 2704 aenigrnata,
606 2666 761 2704 magnae
792 2659 854 2691 res
889 2652 1213 2691 describerentur.
1269 2651 1317 2690 Id
1353 2665 1447 2690 vero
1480 2666 1606 2704 genus

92 2703 234 2743 fabulae
256 2705 386 2744 multis
404 2707 529 2746 obfuit
555 2707 693 2759 poetis,
713 2720 831 2757 quum
859 2707 899 2744 in
927 2706 1184 2767 suspicionem
1210 2705 1435 2756 potentibus
1452 2706 1603 2746 civibus

92 2757 298 2804 venissent,
318 2759 423 2810 quod
447 2759 599 2799 illorum
616 2760 717 2799 facia
732 2759 1056 2812 descripsissem
1044 2773 1084 2797 ιιι
1111 2758 1238 2811 pejus,
1256 2772 1302 2798 ac
1321 2759 1603 2800 deibrmassent

94 2810 236 2849 fabuloe
253 2825 376 2864 genus
395 2813 484 2852 stilo
502 2814 693 2853 mminis-

144 2863 240 2904 Post
257 2865 449 2904 exoletam
476 2876 644 2918 satyram
671 2868 871 2906 inventum
896 2875 956 2906 est
974 2880 997 2905 a
1021 2866 1148 2918 poetis
1166 2865 1286 2905 aliud
1298 2866 1441 2906 fiabulae
1468 2870 1606 2919 genus,

94 2929 181 2968 que
206 2919 380 2960 annoeffia
413 2933 528 2959 nova
520 2920 639 2960 dicta
664 2922 738 2960 est}
792 2921 864 2960 Ea
882 2929 966 2960 erat
994 2920 1136 2966 fabula,
1169 2920 1376 2959 contineris
1398 2921 1606 2983 imaginem

94 2970 262 3011 civilium
288 2987 334 3013 ac
361 2974 600 3026 privatarum
629 2987 784 3014 rernm:
824 2989 907 3026 qua
933 2972 1173 3019 discebatur,
1196 2973 1303 3025 quid
1321 2982 1427 3014 esset
1452 2975 1492 3013 in
1527 2975 1626 3013 vita

834 3029 858 3066 h
