1852 3216
105 122 246 152 semu
267 110 336 165 ιι.]

691 111 1040 157 ADELPHI.

1544 116 1630 159 417

161 199 262 255 Ego
282 199 458 243 cavebo.
507 200 588 245 C’r.
609 200 845 258 Nunquam
864 202 1009 246 hercle
1029 202 1159 246 hodie
1187 217 1271 260 ego
1297 203 1410 246 istuc
1439 205 1630 248 commit-

245 272 331 307 tam
352 265 430 308 tibi
443 282 454 307 2

158 329 274 372 Nam
294 346 361 373 me
385 332 475 387 jam
494 332 536 374 in
557 331 705 375 cellam
724 331 908 390 aliquam
926 348 1023 376 cum
1042 333 1113 376 illa
1132 333 1409 378 concludam:
1438 334 1484 378 id
1504 335 1630 378 tutis-

243 396 394 438 simum
414 404 496 439 est.

157 461 237 503 Sy,
254 461 367 518 Age,
389 470 530 505 tamen
550 479 633 520 ego
652 463 768 507 hunc
788 465 1008 507 amovebo.

240 534 332 569 tum
352 528 522 583 Syrum.

1053 465 1145 507 DE.
1169 465 1258 508 Sed
1277 480 1425 509 eccum
1445 465 1627 509 scelera-

100 599 140 628 15
157 592 236 635 SY.
255 593 358 635 Non
376 594 520 637 hercle
541 594 611 637 hic
623 595 795 650 quidem
816 595 973 637 durare
988 595 1228 651 quisquam,
1243 596 1279 638 si
1298 597 1360 639 sic
1379 596 1445 648 fit,
1458 604 1621 654 potest.

156 658 276 701 Scire
285 660 483 714 equidem
497 660 607 711 volo,
615 668 722 716 quot
732 661 836 702 mihi
849 661 933 702 sint
945 661 1122 703 domini:
1139 676 1237 717 quae
1246 661 1340 704 haec
1352 670 1421 705 est
1429 663 1624 706 miseria?

155 723 246 766 DE.
269 725 389 773 Quid
410 725 479 768 ille
497 727 674 782 gannit?
703 727 808 781 quid
826 726 943 769 volt?
974 728 1078 783 quid
1098 728 1176 779 ais,
1198 728 1311 770 bone
1330 729 1424 771 vir?
1454 736 1523 771 est
1538 728 1624 771 fra-

240 798 307 832 ter
326 791 470 833 domi?

154 855 232 898 SY.
267 856 402 907 Quid,
439 855 609 907 malum,
649 857 761 899 bone
802 858 866 899 vir
901 857 1005 900 mihi
1042 861 1221 901 narras?
1264 860 1463 915 equidem
1499 861 1623 917 perii.

239 921 330 964 Da.
356 922 476 970 Quid
496 922 575 964 tibi
594 923 690 964 est?

152 985 232 1029 SY.
246 986 460 1043 Rogitas?
482 987 691 1043 Ctesipho
706 1002 774 1030 me
794 988 950 1044 pugnis
970 988 1187 1039 miserum,
1207 995 1253 1031 et
1266 989 1392 1032 istam
1403 990 1625 1046 psaltriam

93 1087 180 1124 bum,
194 1087 283 1128 quasi
296 1087 446 1125 activum,
455 1099 487 1119 se
501 1090 611 1124 irruat,
624 1087 740 1130 posuit.
762 1089 836 1119 Vide

91 1141 129 1161 ne
150 1132 201 1161 ille
223 1130 298 1172 huc]
321 1131 396 1162 Jam
411 1131 567 1162 metuitur
586 1131 671 1172 quod
693 1131 836 1163 futurum

92 1180 149 1205 εει.
186 1174 230 1205 Ει
253 1184 352 1215 quum
375 1181 526 1206 neutrum
550 1174 594 1205 sit
616 1177 726 1211 irruat,
753 1185 836 1206 nove

90 1216 202 1248 intulit
219 1229 261 1248 se.
294 1218 455 1249 Praeterea
469 1217 516 1249 sic
531 1217 624 1255 dixit,
641 1220 750 1255 irruat,
765 1224 837 1249 tan-

90 1271 185 1301 quam
212 1260 253 1292 de
277 1271 316 1292 eo
342 1261 397 1302 qui
420 1268 622 1302 pugnaturus
647 1260 707 1292 sit:
739 1267 776 1292 ut
800 1261 835 1292 in

91 1302 262 1341 Eunucho,
286 1316 374 1345 quam
399 1315 465 1335 mot
488 1306 658 1335 irruimus?
681 1305 748 1335 Aut
764 1310 834 1335 tan-

90 1357 186 1387 quam
202 1347 243 1378 de
258 1357 333 1378 sue:
357 1354 394 1378 ut
411 1346 577 1383 Horatius,
587 1347 680 1388 epist.
692 1346 726 1378 ii.
741 1348 769 1378 2.
783 1346 835 1379 75.

90 1391 162 1421 Hac
174 1392 324 1421 lutulenta
335 1392 397 1420 ruit
409 1401 470 1421 sus.
493 1390 538 1421 Et
553 1389 644 1431 Virg.
657 1390 775 1431 Georg.
785 1389 832 1421 iii.

90 1434 164 1463 255.
181 1435 251 1473 Ipse
266 1436 339 1470 ruit,
355 1435 515 1474 dentesque
531 1435 697 1464 Sabellicus
712 1435 833 1464 exacuit

89 1487 150 1507 sus.
178 1477 285 1507 Etiam
301 1482 382 1508 taces
392 1475 426 1517 2]
451 1476 594 1517 Antique
609 1486 669 1517 pro
685 1482 759 1508 tace.
777 1476 831 1507 Sic

88 1518 123 1550 in
145 1519 280 1557 Andria,
303 1522 408 1551 Etiam
431 1524 465 1550 tu
487 1521 541 1550 hoe
564 1521 749 1559 respondes?
770 1530 830 1561 pro

87 1564 241 1602 responde.
272 1563 332 1594 Est
347 1573 423 1604 ergo
438 1562 651 1604 correptionis
666 1562 828 1604 significa-

86 1605 142 1636 tio.
176 1606 218 1637 D.

133 1650 181 1680 12.
194 1651 295 1681 Hodie
303 1661 357 1690 ego
369 1651 447 1680 istuc
455 1651 634 1680 committam
646 1648 721 1690 tibi]
735 1648 831 1685 Quod

86 1701 148 1733 ago
154 1693 232 1732 jam
248 1693 281 1723 id
297 1701 355 1730 est,
370 1692 576 1744 complexum
591 1692 745 1723 mulieris.
775 1693 816 1723 D.

133 1736 181 1766 13.
198 1737 281 1766 Nam
302 1747 347 1766 me
356 1736 427 1776 jam
448 1738 481 1766 in
495 1738 601 1766 cellam
616 1738 749 1776 aliquam
764 1747 831 1766 cum

86 1780 142 1809 illa
157 1778 347 1819 concludam]
373 1778 412 1809 Id
428 1778 496 1819 egit
514 1779 612 1810 stulte
634 1778 830 1816 adolescens,

85 1827 123 1852 ut
145 1821 190 1852 ibi
214 1821 484 1864 deprehendatur,
507 1822 562 1852 ubi
582 1821 752 1853 conclusus
771 1828 829 1853 est.

85 1864 150 1896 Sed
166 1864 212 1896 sic
234 1865 304 1906 ipse
326 1865 401 1906 egit,
418 1872 455 1896 ut
475 1871 584 1906 posset
606 1864 828 1906 subterfugere

84 1917 149 1938 non
172 1908 403 1949 deprehensus,
418 1915 626 1949 conspectum
649 1907 760 1949 patris.
791 1909 829 1939 In

84 1953 191 1982 cellam
205 1953 339 1992 aliquam
361 1963 427 1982 eum
449 1950 522 1992 illa]
548 1949 683 1989 Λιτότης
705 1951 827 1992 figura;

83 1993 221 2026 dicimus
244 1997 277 2026 iu
300 1997 404 2031 Iocum,
424 2005 483 2037 pro
506 1997 538 2025 in
561 1996 632 2025 loco.
668 1995 707 2025 In
723 1996 828 2025 cellam

82 2039 276 2069 concludam:
299 2040 412 2069 nonin
435 2039 511 2069 cella
528 2038 582 2069 ait.
616 2038 661 2068 Et
677 2037 768 2074 mire,
791 2043 828 2068 ut

82 2081 244 2112 reclusum
260 2088 428 2122 tutumque
447 2081 554 2112 locum
569 2080 701 2117 subiret,
722 2082 828 2112 cellam

81 2123 215 2161 scilicet,
231 2135 326 2165 quam
342 2125 383 2156 ob
399 2135 437 2156 ea
448 2135 519 2165 quae
534 2124 568 2155 in
583 2124 655 2166 ipsa
669 2124 824 2161 celantur,

81 2166 222 2199 clausam
238 2178 309 2199 esse
321 2168 503 2199 conveniat.
541 2168 627 2198 Nam
643 2174 675 2198 et
690 2169 776 2203 cella,
792 2173 825 2198 et

81 2212 246 2249 ceum-ium,
262 2222 282 2242 a
296 2211 491 2253 reponendis
505 2210 711 2251 celandisque
727 2211 824 2242 rebus

82 2253 255 2286 esculentis
270 2262 303 2286 et
314 2254 497 2296 poculentis
508 2253 637 2285 dicitur.
663 2254 822 2285 D.—Cel-

82 2298 142 2328 lan
156 2297 209 2328 hic
230 2298 266 2328 in
288 2298 372 2329 thesi
394 2297 565 2334 delitescit,
581 2296 666 2338 quod
681 2296 822 2328 maxime

81 2340 308 2381 proferendum
325 2347 403 2372 erat.
438 2340 559 2372 Nullus
577 2350 618 2371 ex
638 2340 730 2371 codd.
746 2350 821 2371 nos·

81 2382 141 2414 tris
155 2383 300 2424 agnoscit
314 2383 394 2415 illud
406 2384 486 2424 jam.
511 2384 599 2424 Lege
614 2383 723 2425 igitur,
741 2385 823 2414 Νάπι

80 2427 323 2458 uitandam
341 2429 491 2468 aliquam.-
514 2434 552 2458 ut
566 2427 650 2458 Eun.
671 2426 705 2458 ii.
723 2427 822 2458 3.18.

128 2511 176 2542 14.
194 2513 270 2552 Age,
286 2518 384 2544 tanen
398 2524 452 2554 ego
465 2515 543 2544 hunc
557 2512 711 2554 amovebo]
735 2512 822 2544 Mire

80 2556 218 2586 amovebo
236 2554 337 2586 dixit:
361 2566 426 2587 non
449 2558 613 2588 detenebo.
645 2557 731 2587 Nam
746 2566 822 2597 pro-

79 2597 152 2639 prie
182 2604 348 2629 amovetur
376 2608 491 2630 saxum
511 2599 553 2630 de
581 2599 670 2631 loco:
697 2599 732 2630 in
761 2609 825 2640 quo

79 2641 179 2672 verbo
202 2640 372 2682 significat,
392 2641 563 2673 imminere
585 2642 647 2674 sibi
670 2652 824 2682 magnum

79 2683 221 2715 laborem
244 2683 279 2714 in
302 2683 364 2714 hoc
387 2694 495 2725 opere.
526 2684 571 2716 Et
593 2685 667 2716 vide
684 2685 822 2724 αὔξησιν.

80 2727 195 2769 Supra,
212 2733 248 2758 ut
262 2727 429 2768 pecudem,
442 2729 563 2768 abiga-t
577 2729 655 2758 hunc
669 2739 732 2765 rus,
747 2727 820 2759 ‹lix-

76 2769 122 2802 it:
141 2771 245 2806 modo,
262 2776 298 2801 ut
312 2779 436 2806 saxum,
452 2772 598 2807 amovebo,
613 2770 728 2811 inquit.
755 2770 798 2801 D.

123 2814 173 2844 15.
187 2815 267 2850 Non,
283 2814 391 2851 hercle,
406 2815 456 2844 hic
476 2815 596 2854 quiden
610 2815 722 2844 durare
736 2815 819 2854 qnis—

77 2866 176 2896 quam,
201 2858 229 2887 εἰ
249 2858 294 2888 εἰσ
308 2858 358 2896 fit,
378 2855 495 2897 potest]
523 2856 632 2887 Nimis
656 2855 821 2888 moraliter

159 2900 350 2931 essaverba
370 2906 448 2931 sunt
468 2898 551 2941 Syri,
566 2899 769 2931 verberatum
783 2909 820 2931 se

76 2909 269 2975 wantis·
297 2942 370 2984 quis
393 2953 459 2975 non
484 2952 528 2974 ex
548 2942 665 2982 verbis,
689 2952 819 2975 servum

879 1089 1082 1119 verberatum
1105 1088 1287 1130 intelligat?
1312 1095 1346 1120 et
1360 1100 1490 1122 servum
1509 1101 1624 1124 recens

879 1132 1105 1163 verberatum?
1138 1138 1171 1163 et
1196 1142 1326 1163 servum
1353 1132 1462 1175 fugam
1487 1135 1622 1166 commi-

879 1176 1034 1206 nantem?
1060 1175 1146 1206 Mire
1168 1181 1276 1206 autem
1292 1186 1357 1207 non
1379 1188 1442 1218 ego,
1464 1179 1522 1209 sed
1536 1180 1620 1219 φιίε-

879 1218 1094 1259 quamdixit:
1118 1228 1178 1249 nec
1199 1230 1385 1259 monne,
1411 1220 1468 1251 sed
1487 1222 1622 1253 durare.-

879 1271 954 1292 nam
879 1230 1030 1292 qmboc
1042 1262 1174 1292 verbum
1187 1261 1388 1303 perferendis
1397 1263 1490 1295 malis
1501 1274 1620 1296 conve-

879 1304 947 1335 nit:
971 1311 1008 1335 ut
1023 1304 1112 1345 Virg.
1131 1304 1232 1335 AEn.
1223 1315 1244 1335 1.
1262 1305 1334 1337 207.
1351 1307 1482 1344 Durate,
1503 1313 1535 1338 et
1554 1319 1621 1339 ωε-

878 1352 939 1378 met
963 1349 1051 1378 rebus
1076 1353 1192 1378 servate
1212 1350 1360 1379 secundis.
1404 1349 1487 1381 Haec
1511 1356 1623 1383 autem

877 1390 985 1421 omnia
1000 1390 1046 1422 sic
1062 1390 1155 1427 dixit,
1176 1390 1267 1431 quasi
1289 1401 1355 1422 non
1370 1390 1478 1423 videat
1497 1393 1620 1425 Deme-

876 1444 938 1464 am.
967 1434 1007 1464 D.
1010 1435 1133 1471 -N0n,
1146 1435 1254 1471 hercle,
1266 1436 1315 1465 hic
1327 1436 1441 1466 durare
1453 1438 1622 1478 quisquan,

874 1479 903 1508 εἰ
924 1479 969 1508 sic
982 1479 1033 1517 fit,
1058 1476 1172 1517 potest]
1209 1477 1283 1508 Hoc
1310 1477 1480 1509 consilium
1504 1480 1622 1512 sumsit

874 1520 974 1561 Syrus
997 1520 1037 1551 ad
1058 1520 1273 1561 purgandum,
1289 1521 1375 1561 quod
1398 1521 1432 1552 in
1456 1521 1533 1553 villa
1552 1533 1620 1555 non

874 1569 943 1594 erat
965 1563 1068 1599 filius;
1092 1563 1177 1603 quod
1199 1573 1347 1595 reversus
1367 1563 1410 1595 sit
1430 1564 1516 1596 idem
1540 1565 1618 1598 ado-

872 1606 997 1637 lescens
1011 1613 1044 1637 et
1057 1606 1276 1637 verberaverit
1289 1617 1334 1644 se,
1347 1617 1406 1648 pro
1430 1613 1519 1639 terea
1533 1609 1620 1649 quod

874 1649 943 1691 ipse
956 1656 1068 1680 auctor
1081 1649 1180 1681 fuerit
1193 1649 1361 1687 AEschino,
1376 1618 1429 1681 ati>
1429 1651 1619 1693 rapiendam

872 1692 1084 1724 meretricem.
1123 1692 1235 1734 Fingit
1256 1692 1357 1734 igitur
1371 1694 1543 1726 verberari.
1575 1695 1616 1728 E.

872 1737 986 1767 —Non
1007 1738 1105 1767 hercle
1127 1738 1178 1767 hic
1202 1735 1338 1777 quidem]
1366 1736 1430 1767 Dio

874 1780 964 1810 Orat.
980 1778 1050 1819 περὶ
1065 1780 1172 1818 Bogus:
1206 1779 1301 1810 Πᾶσα
1314 1778 1373 1817 μὲν
1387 1778 1443 1811 οὖν
1458 1780 1528 1812 ἐστὶ
1543 1782 1614 1813 δου-

874 1821 948 1853 λεία
969 1821 1108 1861 χαλεπή.
1131 1821 1206 1853 τοὺς
1227 1822 1261 1852 δὲ
1283 1822 1344 1853 ἀπὸ
1365 1821 1468 1861 τύχης
1483 1824 1518 1854 ἐν
1531 1823 1615 1866 οἰκίᾳ

870 1866 912 1906 τῇ
934 1865 1013 1906 αὔηι
1036 1863 1251 1902 δουλεύοντας,
1269 1865 1303 1895 ἐν
1322 1861 1345 1906 ᾗ
1359 1866 1423 1903 δύο,
1437 1866 1521 1906 τρεῖς
1535 1867 1612 1899 δεσ-

870 1896 975 1939 τᾏιναι.
1006 1907 1043 1938 L.
1046 1908 1143 1938 -Ne
1159 1907 1256 1938 nimis
1276 1907 1351 1939 laxo
1370 1918 1463 1940 socco
1483 1908 1615 1943 incedat

871 1951 924 1982 hic
946 1950 1133 1987 versiculus,
1148 1961 1208 1992 pro
1222 1953 1334 1982 durare
1351 1961 1478 2000 repone
1494 1954 1612 1992 perdu-

870 2005 962 2029 ναν-ω
985 1994 1069 2034 quod
1085 1993 1225 2025 occurrit
1241 1993 1370 2025 Hec.'1i.
1387 1995 1417 2025 2.
1434 1995 1485 2028 27.
1519 1995 1558 2026 Ε.
1618 2028 1622 2034 ,

916 2038 964 2068 16.
985 2039 1064 2071 Quae
1087 2039 1161 2067 mihi
1183 2039 1246 2068 sint
1267 2036 1395 2078 domini]
1419 2037 1464 2069 Et
1485 2037 1539 2070 hic
1553 2049 1613 2081 ap-

869 2088 972 2121 paret,
988 2090 1053 2111 non
1069 2090 1088 2110 a
1103 2079 1249 2121 legitimo
1263 2079 1394 2111 domino
1409 2081 1614 2115 verberatum

867 2133 948 2155 esse.
983 2125 1058 2157 Quae
1072 2125 1135 2154 haec
1156 2128 1203 2154 est
1215 2125 1338 2154 miseria
1346 2122 1381 2164 .⁹]
1405 2124 1507 2155 Deest
1521 2136 1613 2166 quan

863 2169 990 2206 patior.-
1009 2173 1042 2198 et
1057 2165 1147 2207 quasi
1169 2165 1379 2208 comploratio
1394 2177 1415 2208 q
1560 2174 1613 2201 εει

867 2209 983 2241 flebilis
995 2216 1068 2251 post
1081 2209 1236 2250 querelas.
1268 2209 1310 2240 D.

913 2253 962 2286 17
976 2254 1059 2286 Quid
1069 2255 1121 2284 ille
1132 2255 1243 2294 gannit
1251 2252 1285 2294 ?]
1305 2254 1456 2284 Gemitus
1469 2259 1519 2285 est
1555 2264 1610 2286 ro-

864 2296 935 2338 prie
961 2295 1062 2327 veluti
1087 2295 1232 2338 ploratus
1254 2294 1488 2337 vapulantium.
1522 2264 1611 2328 B.—

868 2341 952 2373 Quid
965 2341 1017 2370 ille
1028 2342 1139 2380 gannit
1148 2338 1182 2380 2]
1204 2338 1291 2375 Quid
1306 2338 1361 2370 ille
1376 2339 1608 2380 obmurmurat,

864 2383 976 2414 dicens
991 2393 1025 2414 se
1041 2383 1268 2414 verberatum?
1301 2381 1341 2413 E.

911 2427 960 2457 18.
979 2425 1070 2463 Quid,
1085 2424 1236 2466 maluml]
1263 2425 1309 2456 Et
1330 2424 1384 2456 hic
1405 2426 1526 2465 malm,
1549 2436 1610 2468 pro

863 2468 1088 2520 interjectione
1102 2468 1254 2500 abundat.
1285 2468 1497 2500 D.—Demea
1514 2468 1608 2502 dixe-

864 2519 915 2543 rat
938 2514 1009 2544 ὀόπε
1029 2514 1087 2549 vir,
1110 2512 1209 2554 Syrus
1230 2510 1265 2542 in
1288 2511 1483 2560 repetitione
1503 2518 1610 2546 mutat

864 2562 1032 2595 accentum
1055 2557 1126 2586 bone
1146 2557 1203 2586 vir.
1230 2554 1367 2596 Repone
1387 2553 1497 2596 igitur,
1515 2557 1610 2595 ania,

867 2591 988 2636 nalum,
1003 2600 1078 2629 nihi
1094 2600 1166 2629 bo'ne
1179 2600 1227 2629 tn'r
1240 2608 1351 2629 narras
1361 2599 1378 2628 2
1409 2597 1449 2629 B.

913 2643 962 2673 19.
978 2643 1117 2681 Ctesipho
1128 2652 1174 2672 me
1184 2643 1298 2682 pugni-r
1311 2642 1460 2690 πείσαις’,
1474 2643 1607 2675 elidam

862 2687 1035 2725 psaltriam,
1059 2695 1151 2724 usqu
1179 2682 1307 2724 occidit]
1338 2683 1426 2715 Mire
1443 2683 1608 2726 interjecit

863 2730 1023 2759 miserum:
1046 2734 1080 2758 et
1096 2726 1383 2768 neeessariousqu
1403 2726 1544 2760 addidit:
1567 2735 1606 2761 ut

863 2771 1058 2808 ostenderet,
1082 2771 1191 2801 occidit
1211 2768 1321 2801 nimiae
1342 2769 1440 2802 codis
1457 2771 1604 2810 verbum,

862 2824 928 2845 non
951 2812 1121 2844 occisionis
1140 2811 1280 2854 intelligi
1302 2818 1459 2855 oportere.
1503 2815 1605 2857 Usque

862 2855 990 2898 occidit]
1027 2856 1134 2898 Prope
1163 2858 1293 2887 oceidit.-
1330 2862 1387 2888 aut
1413 2867 1516 2899 nuque,
1541 2868 1603 2900 pro

861 2901 948 2931 valde
963 2905 1029 2931 εει.
1052 2900 1173 2937 oceidit,
1198 2909 1259 2941 pro
1280 2901 1464 2933 veho-etur
1480 2903 1602 2933 mdis.

862 2942 948 2975 Nam
973 2944 1106 2974 occidere
1130 2949 1165 2974 et
1191 2944 1392 2984 meotidem,
1416 2942 1460 2976 ad
1480 2944 1604 2977 cedem

1069 2986 1089 3016 3
1106 2994 1131 3017 a
