1852 3216
78 148 217 177 scmu
238 135 289 188 1.]

662 134 1012 179 ADELPHI.

189 224 268 267 llle
286 239 415 280 quem
434 224 644 268 beneficio
662 225 890 281 adjungas,
910 240 967 268 ex
987 227 1127 270 animo
1146 227 1248 270 facit
1267 245 1278 279 3

190 291 348 333 Studet
365 305 446 347 par
463 290 653 342 referre;
681 305 873 347 praesens
892 293 1136 348 absensque
1155 293 1269 336 idem
1287 293 1384 336 erit.

189 356 290 399 Hoc
309 357 495 413 patrium
512 365 596 408 est,
615 358 760 414 potius
781 357 1085 401 consuefacere
1103 358 1239 401 filium

132 431 174 460 50
190 422 281 464 Sua
300 429 453 478 sponte
474 430 591 466 recte
609 423 766 475 facere,
786 438 915 479 quam
934 422 1073 466 alieno
1091 432 1223 466 metu.

190 487 289 530 Hoc
308 496 433 543 pater
451 491 501 531 ac
521 489 718 531 dominus
737 490 940 532 interest:
971 489 1054 533 hoc
1075 491 1150 546 qui
1170 491 1334 546 nequit,

189 553 395 596 Fateatur
415 569 461 597 se
482 555 646 597 nescire
664 555 874 610 imperare
893 555 1054 599 liberis.

190 619 279 661 Sed
300 628 421 662 estne
442 620 512 663 hic
531 621 668 677 ipsus,
689 621 745 663 de
764 636 852 676 quo
871 622 1082 677 agebam?
1112 629 1157 664 et
1176 630 1293 664 certe
1313 622 1348 664 is
1367 630 1448 665 est.

189 684 354 728 Nescio
372 687 477 741 quid
498 687 662 729 tristem
681 687 832 730 video:

862 686 994 728 credo
1006 689 1112 741 jam,
1133 694 1182 728 ut
1202 686 1326 738 solet,

133 759 173 789 55
190 750 219 791 J
222 752 407 806 urgabit.
450 751 623 795 Salvom
642 760 685 795 te
705 752 922 803 advenire,
945 751 1126 803 Demea,

191 816 459 860 Gaudemus.

369 1005 624 1054 ACTUS
668 1006 899 1054 PRIMI
944 1006 1200 1054 SCENA
1243 1007 1309 1054 II.

643 1132 827 1163 DEMEA.

873 1132 1027 1167 MICIO.

186 1214 343 1264 Eum,
366 1223 632 1270 opportune:
661 1222 705 1257 te
723 1215 864 1271 ipsum
884 1217 1080 1271 quaerito.

73 1348 155 1373 sum,
177 1344 215 1368 ut
233 1347 380 1376 prorsum,
402 1335 494 1377 prius
510 1335 628 1376 (porro.
672 1335 726 1367 Sic
745 1336 813 1367 Do-

73 1387 169 1411 natus
187 1379 229 1411 ad
250 1380 335 1410 Eun.
356 1379 390 1410 ii.
416 1380 446 1409 3.
467 1380 517 1410 14.
542 1386 575 1410 et
598 1378 753 1420 Calpurn.
774 1379 816 1410 ad

74 1424 196 1454 Heaut.
217 1423 259 1454 iv.
285 1423 314 1453 5.
336 1421 406 1462 28.)
426 1432 566 1454 versum.
608 1422 815 1454 D.—Versui

72 1466 272 1497 commodius
301 1473 350 1497 est
374 1477 504 1503 rur-sun,
531 1464 616 1506 quod
640 1465 674 1496 in
702 1465 814 1497 Bemb.

73 1509 203 1541 Basilic-
219 1516 253 1540 et
267 1508 386 1540 nostris
400 1508 467 1540 fere
482 1508 631 1540 omnibus
646 1515 744 1540 extat.
775 1509 814 1541 B.

117 1553 169 1585 47.
192 1554 251 1584 Ille
273 1563 359 1593 quen
385 1553 522 1591 beneficio
544 1550 713 1593 ach'ungas]
739 1551 815 1583 Non

72 1595 162 1633 dicit,
186 1597 323 1635 beneficio
351 1595 523 1636 adj-nctus,
545 1602 582 1626 ut
607 1605 716 1637 supra,
738 1597 817 1627 molo

72 1644 201 1670 coactns.
238 1640 296 1670 Ille
307 1650 393 1679 quem
408 1640 546 1678 beneficio
560 1637 729 1680 adjungas]
749 1643 814 1670 Ka-

71 1685 270 1719 λαννεθηκην
284 1686 341 1713 ΛΝ
348 1684 368 1703 ⁸
386 1681 471 1720 (κατ’
483 1680 656 1719 ἀντίθετον,
671 1692 730 1713 seu
744 1682 815 1713 κατ’

72 1724 231 1757 ἀντίθεσιν
255 1726 313 1756 τοῦ
347 1723 450 1764 λόγον
471 1727 601 1756 oratorie
623 1736 687 1756 rem
708 1727 816 1756 intulit

75 1769 141 1808 Z.):
164 1768 219 1799 ine
234 1770 320 1805 nalo,
342 1767 395 1799 hic
418 1769 563 1807 beneficio.
609 1768 670 1799 Ille
685 1774 815 1806 coactus,

73 1812 126 1842 hic
152 1811 323 1852 aaeijuncius.
371 1811 431 1842 Ille
454 1813 524 1842 dum
547 1813 583 1842 id
606 1814 747 1843 rescitum
773 1814 815 1842 iri

72 1857 180 1892 credit,
205 1857 354 1895 tantisper
379 1860 463 1885 cavet
476 1867 487 1885 .·
516 1854 580 1892 hic,
601 1865 735 1894 pratens
758 1858 814 1886 ab·

71 1900 364 1939 seuqueidenerit.
403 1897 447 1928 Et
457 1897 496 1928 τὸ
507 1908 642 1938 praeeens
653 1904 686 1928 et
697 1899 814 1936 absens,

72 1951 138 1972 non
153 1941 195 1972 ad
216 1941 356 1981 aliquem
377 1940 493 1978 locum,
516 1940 573 1972 sed
595 1941 636 1972 ad
649 1941 815 1973 custodem

72 1984 183 2016 retulit
198 1991 232 2015 et
247 1984 448 2015 monitorem.
493 1985 551 2015 Ille
570 1995 656 2025 quem
679 1986 816 2023 beneficio

71 2027 240 2069 adjungas]
263 2029 386 2059 Contra
405 2027 487 2058 illud
509 2027 564 2064 ait,
587 2029 665 2058 nalo
685 2033 814 2059 coaetus.

73 2072 123 2103 E:
145 2074 245 2102 anino
257 2070 359 2111 facit]
385 2070 535 2102 Officium
558 2070 690 2102 scilicet.
727 2071 816 2102 D.—

74 2115 131 2145 111⁶
151 2126 236 2155 quem
252 2113 406 2155 beneficio]
432 2114 634 2145 Menander:
657 2114 719 2154 ’τῷ
737 2126 812 2154 προ-

74 2156 174 2196 θύμως
192 2159 222 2188 τ’
247 2156 428 2197 ἀξιούμενον
448 2159 544 2189 roffi!
565 2157 718 2196 Knssqaov’
733 2157 814 2195 ἄλη-

74 2202 141 2238 θῦς,
157 2201 214 2232 σῦκ
229 2200 359 2241 ἔφεδρον
375 2199 452 2240 ἔξεις
466 2200 546 2236 βίον.
576 2200 613 2231 L.

116 2245 167 2275 48.
184 2246 292 2275 Studet
308 2255 370 2284 pm·
390 2242 522 2284 νόω-νε]
547 2243 587 2274 ld
602 2249 661 2280 est,
684 2243 814 2275 benefa-

73 2296 156 2318 cere.
199 2288 348 2323 Praesene,
364 2289 527 2328 absensque
541 2289 620 2318 iden
634 2286 711 2327 erit]
727 2287 814 2318 Con-

902 1337 953 1367 52.
984 1338 1134 1368 Fateatur
1162 1340 1275 1369 nescire
1305 1340 1453 1379 imperare
1482 1340 1603 1382 liber-is]

861 1379 935 1410 Hoc
960 1379 1092 1417 indicat,
1115 1386 1147 1411 et
1171 1391 1207 1412 se
1229 1380 1346 1413 melius
1367 1383 1546 1421 consulere,
1571 1392 1606 1416 et

858 1422 1020 1454 volentem
1036 1423 1097 1454 hoc
1112 1433 1273 1455 exercere.
1313 1426 1441 1457 Nescire
1455 1429 1605 1466 imperare

859 1465 981 1507 liberis]
999 1466 1159 1505 Oratorie‚
1175 1467 1266 1508 quasi
1280 1468 1360 1500 artis
1374 1468 1418 1500 sit
1431 1469 1604 1511 indulgen-

859 1508 983 1540 tissime
1009 1520 1114 1551 agere.
1158 1512 1323 1552 Imperare,
1350 1512 1445 1543 modo
1471 1523 1537 1544 non
1562 1514 1605 1546 ad

858 1552 1053 1594 superbiam,
1075 1553 1133 1584 sed
1147 1554 1189 1585 ad
1209 1557 1371 1595 regendum
1392 1563 1442 1587 est
1460 1557 1603 1588 referen-

858 1595 945 1627 dum.
990 1597 1141 1627 Fateatur
1161 1597 1294 1638 nescire]
1318 1598 1421 1630 Deest
1437 1610 1479 1630 se.
1517 1600 1605 1631 D.—

858 1638 1028 1670 Bentleius
1057 1639 1139 1671 duce
1170 1641 1297 1671 Faerno
1326 1641 1407 1673 inud
1429 1654 1461 1674 se
1482 1643 1603 1675 omisit.

858 1682 971 1713 Recte.
1018 1682 1105 1714 Nam
1131 1694 1192 1715 nec
1219 1684 1369 1717 Donatus
1391 1685 1481 1727 legit,
1507 1697 1604 1728 quem

858 1725 986 1757 videsis.
1019 1726 1056 1757 Z.

902 1770 952 1800 53.
966 1771 1027 1800 Sed
1041 1775 1123 1801 estne
1137 1771 1188 1800 hic
1199 1772 1291 1811 ipsus,
1307 1773 1344 1803 de
1359 1783 1417 1813 quo
1431 1774 1557 1813 agebam
1566 1773 1602 1815 f]

859 1813 937 1843 Κατ’
955 1811 1132 1851 οἰκονομίαν
1145 1815 1343 1854 supervenit,
1359 1815 1400 1846 de
1414 1826 1479 1856 quo
1496 1826 1604 1848 sermo

858 1862 917 1892 est,
934 1862 970 1886 ut
991 1855 1084 1887 factis
1098 1856 1184 1887 dicta
1199 1857 1419 1889 ostendantur.
1464 1860 1509 1890 Et
1522 1865 1604 1891 certe

857 1900 886 1929 ie
906 1897 968 1940 m]
994 1898 1084 1930 Bene
1106 1909 1191 1930 nunc
1211 1900 1382 1931 confirmat
1403 1901 1510 1942 ipsum
1531 1912 1603 1934 esse

858 1951 943 1978 eum,
972 1951 1071 1982 quum
1100 1942 1250 1983 proprior
1278 1950 1337 1981 est,
1367 1951 1479 1985 utpote
1504 1945 1602 1977 senili

858 1994 919 2015 nec
935 1984 1066 2026 longum
1082 1985 1300 2027 prospiciente
1314 1995 1488 2029 conspectu
1505 1989 1602 2030 (Leg.

858 2033 959 2068 utpote
974 2030 1004 2058 in
1016 2030 1114 2066 miti,
1124 2034 1180 2059 etc.
1192 2036 1249 2060 aut
1256 2040 1391 2070 sequere
1401 2031 1466 2062 Ms-
1477 2031 1601 2064 Boend.

858 2078 892 2102 et
914 2070 963 2102 ed.
989 2071 1044 2102 Du
1059 2071 1097 2102 B.
1129 2083 1219 2112 quum
1238 2075 1360 2113 propior
1380 2079 1436 2111 est,
1458 2077 1556 2114 ἔρωτι
1581 2087 1603 2108 a

858 2113 953 2155 longe
964 2121 1173 2156 conspectum
1188 2116 1279 2146 senio
1295 2123 1423 2148 vetante
1438 2127 1503 2148 uon
1519 2119 1602 2150 bene

857 2167 1063 2198 cognooeens,
1078 2170 1115 2189 ac
1125 2160 1252 2198 proinde
1266 2160 1376 2190 dubius
1393 2159 1455 2199 Ζ.).
1486 2161 1530 2192 D.

902 2202 953 2231 54.
970 2202 1082 2232 Nescio
1096 2203 1171 2242 qnid
1184 2204 1301 2233 tristem
1315 2202 1417 2244 video]
1434 2204 1602 2236 Orationis

857 2250 1031 2285 apparatus
1055 2255 1097 2276 ex
1117 2244 1208 2276 vultu
1232 2245 1432 2278 ostenditur:
1465 2254 1501 2278 ut
1522 2248 1599 2280 AEn.

859 2287 911 2318 vii.
929 2288 1141 2319 291.-Seetit
1150 2291 1217 2319 aeri
1223 2290 1291 2327 fixa
1305 2291 1413 2327 dolore,
1423 2291 1498 2321 Tum
1508 2303 1600 2332 quae-

73 2336 126 2360 tra
149 2329 239 2367 illud,
264 2332 300 2361 Si
319 2335 424 2370 sperat
437 2329 508 2370 sore
531 2333 618 2368 elan,
645 2341 751 2362 rursus
773 2331 823 2362 ad
856 2341 928 2362 sans
960 2337 1052 2371 oopus
1081 2333 1159 2362 hanc
1189 2333 1319 2371 effundit
1343 2338 1465 2373 pectore
1493 2346 1600 2366 voce-

74 2374 225 2412 ingestam
235 2375 324 2404 redit.
356 2374 553 2405 D.—Studet
566 2373 602 2405 in
617 2373 722 2415 primo
732 2374 816 2415 pede

74 2414 220 2447 :nltimam
228 2416 371 2458 corripit,
380 2417 466 2458 quod
474 2427 540 2448 non
549 2425 598 2449 est
606 2416 758 2448 insolens.
776 2417 814 2448 B.

118 2459 170 2489 49.
187 2460 254 2490 Hoc
262 2461 397 2499 patrium
408 2459 471 2501 est]
486 2460 642 2502 Superius
653 2471 673 2491 a
684 2470 720 2491 re
730 2467 815 2492 trac-

75 2506 145 2531 tum
161 2507 210 2532 est
219 2513 228 2531 :
251 2501 311 2533 hoc
321 2504 389 2542 jam
400 2513 420 2534 a
432 2513 569 2545 persona
579 2503 709 2535 ducitur
718 2514 815 2545 argu·

75 2550 230 2575 mentum.
269 2543 499 2587 consuefacere]
516 2547 594 2578 Non
618 2558 734 2587 eogere,
756 2547 814 2578 sed

74 2586 287 2627 consuefacere.
319 2588 360 2618 D.

118 2631 169 2661 50.
183 2629 281 2664 Quom
293 2632 391 2662 alieno
399 2631 497 2672 netu]
511 2631 596 2663 Vide
607 2632 813 2673 quemadmo-

74 2673 152 2704 dum
174 2683 268 2704 suum
288 2673 330 2704 ad
350 2673 583 2715 indulgentiam
598 2675 747 2707 affectum
762 2686 814 2707 re·

74 2722 167 2747 vocet
181 2716 312 2757 optimae
325 2715 504 2758 dmciplinae
516 2718 613 2757 (Vide
624 2721 812 2758 quen-adno-

73 2761 144 2790 dun
158 2761 432 2800 suanngafiliun
444 2762 813 2801 indulgentiauadqff'ec-

74 2807 137 2834 tun
150 2813 177 2833 r.
193 2814 219 2833 o.
235 2804 266 2833 d.
299 2802 363 2843 Z.).
394 2802 437 2834 D.

115 2846 168 2876 51.
185 2847 253 2877 Hoc
265 2851 355 2886 pater
369 2857 406 2877 ac
419 2844 571 2887 dom]
587 2845 618 2877 A
633 2845 816 2879 differentia

72 2898 282 2930 personarum
297 2896 331 2920 et
345 2889 532 2920 officiorum.
577 2889 723 2930 Interest]
740 2890 812 2921 Dif-

73 2931 209 2963 ferentis
223 2938 281 2963 est.
325 2934 394 2963 Hoc
407 2935 460 2973 qui
473 2931 593 2973 neqnde]
618 2932 728 2974 Longe
745 2942 812 2965 me-

73 2973 135 3007 lius
149 2978 263 3017 nequit,
278 2986 372 3017 quam
388 2975 416 3007 si
432 2974 563 3013 diceret,
579 2987 636 3007 non
650 2978 723 3008 vult.
755 2977 797 3008 D.

859 2375 971 2405 Nescio
984 2373 1075 2415 quid]
1090 2375 1192 2406 Deoet
1204 2381 1328 2415 propter
1337 2388 1348 2406 .-
1371 2382 1406 2407 ut
1421 2376 1474 2414 sit,
1490 2378 1602 2410 Nescio

853 2423 980 2457 propter
994 2420 1077 2458 quid.
1128 2419 1170 2449 Ut
1190 2417 1281 2459 solet]
1305 2419 1411 2450 Causa
1429 2430 1488 2451 cur
1508 2420 1601 2453 illum

857 2470 950 2501 aequo
961 2461 1069 2492 animo
1081 2461 1181 2492 frater
1189 2461 1279 2498 ferat,
1292 2464 1415 2499 accolet,
1424 2462 1539 2504 inquit.
1556 2465 1600 2497 D.

902 2505 953 2535 55.
975 2505 1093 2535 Salvom
1115 2509 1145 2536 te
1166 2507 1317 2542 advenire,
1339 2507 1464 2543 Dema,
1482 2510 1600 2548 gande-

857 2546 1152 2622 :nalthalthrasperior
1159 2548 1348 2622 ostentkstur
1356 2549 1601 2626 Demquttiassn

906 2601 929 2621 u
1026 2601 1045 2622 a
1076 2601 1124 2627 eo,
1135 2601 1260 2631 quemo
1277 2598 1466 2632 jurgaturus
1590 2619 1600 2627 .

905 2635 931 2664 1.
949 2635 1052 2665 Hem!
1075 2639 1257 2674 opportune:
1287 2640 1316 2665 te
1335 2637 1434 2675 ipsun
1455 2638 1599 2680 querito]

861 2676 902 2708 In
917 2676 978 2708 hoc
993 2683 1067 2708 actu
1082 2676 1202 2708 diversi
1224 2677 1382 2714 homines,
1398 2678 1518 2712 diversi
1539 2691 1598 2723 μ.

857 2726 923 2751 tres
931 2721 944 2760 (
951 2722 1190 2760 de'venaepartee
1202 2720 1265 2751 Ms.
1280 2721 1420 2762 Boend.)
1429 2729 1463 2754 et
1472 2722 1600 2758 diversa

856 2762 964 2794 studia
984 2769 1227 2804 proponuntur:
1253 2763 1306 2794 hie
1327 2763 1421 2803 lenis,
1442 2765 1495 2798 hic
1509 2777 1596 2800 um-

856 2816 912 2837 rus
925 2818 934 2836 ι
958 2806 1011 2836 hic
1025 2806 1158 2843 facetus,
1174 2806 1226 2838 hic
1241 2805 1427 2848 impolitus:
1450 2809 1504 2841 hic
1518 2810 1597 2844 faci-

856 2848 907 2887 lis,
933 2849 985 2879 hic
1008 2848 1159 2890 pertinax
1181 2857 1215 2880 et
1238 2849 1378 2882 difficilis
1401 2851 1438 2883 in
1460 2853 1597 2888 delictis.

856 2893 959 2923 Hem!
975 2897 1159 2931 opponune:
1181 2894 1468 2937 teipsa-querito]
1476 2897 1598 2931 Melius

856 2945 951 2975 quam
971 2934 1160 2973 Menander,
1176 2946 1275 2977 quum
1289 2936 1343 2969 hic
1359 2937 1451 2970 illum
1465 2940 1507 2971 ad
1523 2943 1596 2982 jur-

856 2978 945 3019 gium
968 2978 1209 3020 promptiorem,
1232 2990 1327 3021 quam
1352 2981 1392 3013 ad
1417 2983 1595 3017 resalutan-
