1852 3216
99 147 239 176 scENA
261 131 343 187 ix.]

681 127 1032 172 ADELPHI.

1547 131 1633 174 459

154 222 228 266 Tu
248 223 333 273 vis;
365 221 490 277 Syre,
510 220 595 263 eho
628 220 785 263 accede
818 218 905 261 huc
925 219 981 260 ad
1001 233 1088 269 me3
1120 217 1228 261 liber
1246 225 1358 261 esto.
1404 219 1483 262 SY.
1507 219 1629 263 Bene

240 287 344 329 facis
358 303 368 328 :

155 353 369 395 Omnibus
390 353 571 407 gratiam
590 352 755 394 habeo:
786 358 830 392 et
850 364 1042 392 seorsum
1063 350 1140 392 tibi
1160 356 1386 406 praeterea,
1408 349 1589 393 Demea.

102 428 139 458 15
156 418 245 461 DE.
269 418 471 460 Gaudeo.
526 418 623 460 AEs.
648 418 710 460 Et
729 431 825 473 ego.
876 414 954 457 SY.
978 415 1147 457 Credo:
1178 415 1339 457 utinam
1369 415 1456 458 hoc
1473 430 1628 472 perpe-

240 491 361 526 tuum
381 483 458 525 fiat
480 483 699 539 gaudium,

156 549 389 604 Phrygiam
408 556 456 590 ut
476 563 656 591 uxorem
675 563 810 590 meam
831 563 916 589 una
934 562 1099 590 mecum
1119 547 1286 588 videam
1307 545 1510 589 liberam!

155 615 245 657 DE.
265 614 500 670 Optumam
520 614 693 670 quidem
710 613 942 656 mulierem.
996 612 1075 654 SY.
1099 612 1160 655 Et
1179 612 1352 667 quidem
1369 619 1445 655 tuo
1464 612 1627 668 nepoti,

239 680 370 735 hujus
390 679 493 730 filio,

156 746 302 788 Hodie
323 746 502 801 primam
520 760 740 786 mammam
762 745 882 786 dedit
900 744 1009 786 haec.
1062 743 1150 785 DE.
1175 742 1336 785 Hercle
1356 758 1460 785 vero
1481 743 1608 793 serio,

156 812 203 853 Si
216 811 387 867 quidem
399 811 578 866 primam
591 810 728 861 dedit3
746 810 865 852 haud
879 810 1072 859 dubium,
1086 809 1190 864 quin
1205 810 1339 851 emitti
1351 824 1518 864 aequom
1531 809 1627 853 siet.

98 885 139 914 20
157 876 240 918 M1.
264 876 338 918 Ob
358 891 451 918 eam
469 877 587 917 rem?
638 875 728 917 DE.
751 875 825 918 Ob
845 890 962 917 eam:
994 881 1212 930 postremo
1237 889 1264 916 a
1289 889 1356 917 me
1386 882 1628 930 argentum,

241 942 390 997 quanti
407 948 488 991 est,
511 941 679 982 sumito.

155 1008 235 1049 SY.
258 1007 320 1049 Di
339 1007 433 1058 tibi,
455 1007 637 1057 Demea,
658 1021 805 1048 omnes
826 1019 995 1061 semper
1013 1006 1153 1046 omnia
1173 1011 1322 1059 optata
1342 1004 1540 1048 offerant.

156 1073 240 1114 M1.
265 1073 389 1128 Syre,
415 1072 664 1128 processisti
694 1072 825 1114 hodie
854 1069 1049 1127 pulchre.
1104 1070 1192 1112 DE.
1215 1070 1261 1111 Si
1290 1070 1464 1126 quidem
1483 1086 1628 1126 porro,

241 1137 393 1188 Micio,

152 1202 227 1245 Tu
244 1210 365 1245 tuum
378 1202 562 1245 officium
575 1202 728 1254 facies3
751 1209 881 1257 atque
900 1201 1001 1243 huic
1015 1200 1175 1256 aliquid
1196 1200 1372 1256 paulum
1391 1217 1484 1257 prae
1499 1217 1628 1244 manu

155 1269 361 1320 Dederis,
384 1269 499 1311 unde
520 1275 690 1311 utatur:
721 1267 877 1310 reddet
896 1267 975 1308 tibi
995 1267 1094 1308 cito.
1146 1266 1230 1308 M1.
1251 1266 1368 1309 Istoc
1387 1266 1526 1310 vilius.

101 1384 103 1386 ’
143 1372 191 1401 13.
207 1372 292 1412 Syre,
305 1373 381 1402 eho!
403 1371 510 1401 accede
522 1371 579 1400 huc
590 1371 632 1400 ad
642 1367 704 1409 me]
722 1367 840 1399 Utrum

99 1420 135 1444 ut
160 1414 298 1445 eundem
324 1423 423 1444 manu
447 1413 583 1449 emittat,
603 1422 645 1443 an
671 1419 708 1443 ut
733 1411 840 1452 palam

99 1457 164 1493 fiat,
177 1458 271 1497 jubet
290 1457 423 1498 propius
438 1456 598 1492 accedere,
612 1454 695 1496 juris
709 1453 841 1496 (publici

97 1499 188 1531 addit
217 1499 394 1539 Westerh.)
426 1498 659 1530 consuetudine
693 1497 808 1528 ludens
824 1499 837 1528 ‘3

99 1543 144 1574 Et
165 1543 239 1574 vide
254 1553 349 1584 quam
365 1542 520 1574 comicum
541 1541 838 1577 manumissionem,

96 1596 192 1626 quam
207 1586 310 1617 facete
323 1585 487 1617 induxerit
502 1592 597 1626 atque
610 1584 777 1625 condigne.
797 1584 838 1614 D.

144 1630 191 1659 14.
217 1631 261 1660 Et
284 1640 414 1660 seorsum
442 1631 500 1660 tihi
524 1633 684 1668 praeterea,
707 1626 837 1667 Demea]

98 1672 216 1703 Effecit
232 1673 356 1704 Demea
371 1672 444 1714 plus
459 1682 555 1713 quam
573 1671 706 1702 volebat.
753 1670 838 1701 Nam

96 1715 151 1756 qui
167 1716 342 1746 conabatur
363 1715 473 1753 amari,
492 1715 661 1758 praefertur
676 1713 774 1745 etiam
789 1713 840 1745 his

98 1758 152 1799 qui
169 1765 327 1790 amantur.
360 1759 400 1789 D.

144 1803 192 1832 15.
212 1804 334 1833 Gaudeo
345 1814 354 1832 :
370 1807 400 1833 et
415 1801 486 1842 ego]
503 1800 744 1832 Gratulantium
758 1800 839 1840 Syro

97 1845 166 1876 haec
183 1846 279 1876 verba
295 1853 390 1876 sunt:
415 1845 531 1885 quibus
545 1844 586 1875 de
601 1854 690 1874 more
705 1843 760 1874 ille
773 1854 838 1874 cre-

95 1890 143 1926 do,
160 1888 343 1930 respondet.
373 1890 496 1919 Utinam
513 1890 566 1918 hoc
586 1892 763 1927 perpetuum
778 1888 840 1925 fiat

91 1931 257 1972 gaudium]
284 1932 461 1971 Integrum,
476 1930 624 1967 solidum,
637 1938 670 1961 et
681 1939 839 1970 nusquam

95 1974 323 2016 interruptum.
353 1975 393 2005 D.

142 2019 190 2049 16.
205 2019 372 2059 Phrygiam
388 2022 422 2048 ut
437 2028 557 2048 uxorem
571 2014 682 2056 meam]
706 2016 752 2046 Ut
769 2015 839 2057 ipse

96 2061 206 2102 Syrus,
223 2061 268 2092 ita
283 2071 365 2092 uxor
376 2060 532 2102 Phrygia:
556 2059 733 2091 secundum
749 2067 837 2090 vete-

94 2113 156 2141 res,
173 2104 228 2146 qui
252 2104 354 2136 servis
378 2104 508 2135 nomina
528 2114 547 2134 a
570 2102 753 2134 nationibus
777 2102 837 2133 im-

94 2149 266 2186 ponebant.
312 2149 379 2179 Una
408 2158 519 2178 mecum
547 2148 663 2178 videam
694 2144 837 2186 liberam]

95 2190 170 2222 Hoc
183 2191 229 2222 sic
238 2190 517 2233 pronunciandum
527 2197 585 2226 est,
600 2189 689 2230 quasi
701 2189 840 2230 gaudeat

93 2244 129 2265 se
144 2234 346 2266 recordatum
364 2234 514 2265 Demeae:
539 2233 622 2273 quod
639 2242 736 2273 quum
754 2231 837 2262 ultro

94 2277 213 2318 cogitat
226 2277 375 2308 habuisse
384 2279 403 2299 Φ
418 2277 514 2318 plene
530 2276 647 2307 oblitus
662 2275 723 2306 fuit
736 2276 838 2316 (quasi

91 2322 236 2360 gaudeat,
263 2332 294 2351 se
318 2323 516 2358 recordatum,
540 2321 619 2360 quod
642 2321 764 2354 Demea,
786 2320 839 2358 qui

85 2374 161 2445 ⁸{lum
186 2365 267 2395 ultro
294 2366 409 2405 cogitat
435 2365 584 2400 habuisse,
611 2365 699 2403 plene
728 2363 838 2392 oblitus

108 2407 190 2446 uic).
223 2407 264 2438 D.

142 2450 190 2480 18.
211 2451 312 2480 Hodie
331 2452 460 2489 primam
480 2460 635 2480 mammam
650 2450 734 2480 dedit
757 2446 836 2488 haee]

97 2491 282 2523 Ridiculum
293 2493 462 2524 meritum:
486 2492 643 2534 siquidem
659 2491 839 2533 oportuerit

94 2534 231 2576 primam
247 2545 319 2566 esse
329 2546 579 2576 quamcumque:
596 2545 637 2566 an
653 2534 728 2576 quia
743 2545 839 2565 causa

95 2585 154 2614 est,
168 2578 253 2618 quod
273 2578 405 2619 ingenui
420 2579 572 2610 dicuntur
589 2578 673 2609 serio
697 2589 715 2608 a
730 2577 834 2609 nutri-

94 2621 186 2651 cibus
202 2621 311 2651 liberis
327 2621 506 2652 educandi?
530 2623 641 2652 Hercle
656 2632 724 2652 vero
738 2620 834 2661 serio]

96 2663 260 2695 Adverbia
274 2671 350 2695 sunt
364 2664 587 2695 confirmantia
601 2663 767 2703 παρέλκον.
793 2664 833 2694 D.

95 2707 205 2738 —Pro
225 2709 353 2747 primam
369 2706 421 2737 hic
446 2714 479 2737 et
493 2717 558 2747 seq.
576 2717 670 2738 versu
687 2717 728 2737 ex
743 2707 834 2737 codd.

94 2750 286 2781 auctoritate
302 2756 333 2780 et
357 2749 525 2780 sententiae
540 2749 699 2790 elegantia
713 2759 835 2791 repono

91 2796 201 2833 prima.
236 2792 362 2824 Deinde
386 2793 427 2823 ob
451 2792 578 2823 eosdem
603 2792 694 2823 codd.
710 2792 745 2823 in
768 2802 832 2833 seq.

94 2847 189 2868 versu
204 2836 276 2877 lego
293 2838 376 2866 haud
389 2837 560 2866 dubium’st.
594 2835 630 2865 B.

143 2881 190 2911 19.
205 2882 301 2911 Haud
315 2881 447 2914 dubium,
461 2878 549 2919 quin]
569 2878 631 2909 ΜΒ.
645 2878 683 2908 R.
698 2884 730 2909 et
747 2877 785 2908 V.
797 2878 833 2909 C.

94 2925 176 2954 haud
190 2925 313 2954 dubiam
329 2928 382 2959 est,
398 2925 479 2963 quin.
516 2922 550 2952 L.

138 2968 188 2998 20.
209 2968 254 2998 Ob
270 2978 332 2998 eam
350 2964 454 3006 reml]
484 2965 554 2997 Hoc
579 2976 616 2996 co
641 2964 730 2996 vultu
747 2963 835 3001 dicit,

884 1377 947 1408 quo
962 1377 1030 1398 rem
1053 1366 1151 1397 veluti
1169 1365 1360 1405 excutimus,
1375 1373 1408 1398 et
1429 1367 1630 1400 ostendimus

883 1409 1039 1441 momenti
1065 1419 1135 1440 esse
1160 1409 1290 1440 nullius.
1319 1412 1497 1451 Argentum,
1522 1414 1631 1452 quanti

883 1459 937 1491 est,
952 1451 1078 1493 sumito]
1102 1453 1233 1488 Quanto
1252 1452 1358 1495 pretio
1381 1453 1475 1485 valet.
1506 1456 1628 1495 Argen-

883 1502 955 1534 tum,
978 1498 1085 1537 quanti
1099 1501 1156 1533 est,
1174 1498 1292 1526 sumito.
1331 1496 1405 1527 Hoc
1421 1497 1518 1528 verbo
1533 1504 1630 1529 tenus

884 1539 1012 1580 (ueimur
1027 1539 1079 1570 W.
1105 1539 1201 1570 Forte
1217 1550 1288 1570 usus
1310 1545 1356 1570 est
1372 1540 1437 1579 Z.)‚
1456 1547 1492 1571 ut
1506 1540 1630 1572 faciunt

882 1583 936 1624 qui
953 1581 1147 1624 persuadere
1163 1581 1284 1622 aliquid
1299 1582 1443 1624 cupiunt.
1477 1583 1518 1614 D.

926 1627 976 1657 21.
994 1627 1050 1656 Dii
1065 1627 1132 1661 tibi,
1150 1627 1272 1662 Demea,
1286 1637 1384 1657 omnes
1397 1637 1514 1666 semper
1527 1629 1627 1658 omnia

881 1675 985 1709 optata
998 1667 1141 1709 offerant]
1161 1670 1268 1700 Omnes
1279 1671 1378 1700 omnia
1387 1682 1398 1700 .-
1414 1669 1545 1710 antiqua
1561 1669 1628 1701 ele-

882 1712 1002 1753 gantia,
1019 1719 1052 1743 et
1066 1712 1212 1753 figurata.
1252 1712 1486 1754 D.—Repone,
1502 1715 1628 1751 Demea,

882 1758 981 1786 omnia
996 1766 1094 1787 omnes
1108 1766 1223 1795 semper
1238 1760 1351 1795 optata,
1365 1762 1421 1787 etc.
1450 1756 1503 1787 Sic
1519 1767 1628 1798 supra,

882 1798 928 1829 iii.
946 1800 976 1829 2.
996 1800 1023 1829 l.
1042 1798 1155 1832 Quodsi
1176 1800 1275 1829 omnia
1296 1810 1394 1830 omnes
1414 1810 1470 1829 sua
1491 1801 1627 1838 consilia,

882 1847 938 1873 etc.
951 1849 984 1873 et
996 1841 1100 1872 Plaut.
1113 1841 1205 1882 Capt.
1219 1841 1253 1872 ii.
1268 1842 1296 1872 2.
1311 1842 1381 1873 105.
1398 1843 1443 1873 Di
1458 1843 1516 1872 tibi
1531 1853 1629 1874 omnes

882 1887 981 1915 omnia
994 1889 1099 1924 optata
1110 1885 1247 1924 offerant.
1282 1885 1319 1914 B.

926 1929 977 1959 22.
989 1929 1168 1958 Processisti
1180 1929 1266 1958 hodie
1277 1926 1420 1968 pulchre]
1441 1928 1537 1959 Nunc
1549 1938 1627 1960 vere

881 1970 1017 2012 pulchre
1038 1970 1195 2012 processit
1219 1970 1328 2011 Syrus.
1352 1972 1506 2011 Siquidem
1524 1981 1626 2011 porro,

882 2015 987 2050 Micio,
1005 2019 1038 2045 tu
1054 2019 1136 2044 tuum
1147 2015 1271 2051 officium
1278 2012 1397 2054 facies]
1417 2014 1490 2045 Hoc
1505 2021 1555 2046 est
1566 2025 1627 2056 pa-

883 2057 977 2095 troni,
987 2065 1025 2088 ut
1039 2056 1189 2087 libertum
1207 2066 1271 2087 non
1287 2056 1427 2095 deseras,
1439 2057 1497 2088 sed
1513 2064 1549 2089 ut
1559 2057 1626 2089 alas

882 2100 1124 2131 manumissum.
1161 2099 1304 2137 Plautus,
1330 2100 1424 2131 Cure.
1448 2100 1491 2131 iv.
1520 2102 1549 2131 3.
1576 2102 1625 2132 15.

882 2145 974 2174 Facis
988 2145 1094 2174 melius
1108 2154 1196 2183 quam
1215 2154 1290 2183 pars
1305 2144 1448 2180 lenonum,
1465 2146 1518 2184 qui
1532 2145 1626 2175 liber-

882 2192 927 2217 tos
941 2188 1061 2223 habent,
1077 2191 1106 2217 et
1121 2196 1170 2217 eos
1184 2188 1334 2217 deserunt.
1362 2186 1403 2216 D.

925 2231 975 2260 23.
993 2231 1028 2260 Si
1042 2235 1124 2260 tuum
1140 2230 1264 2267 officium
1274 2228 1394 2270 socies]
1411 2229 1502 2260 Tunc
1517 2229 1627 2261 omnia

881 2280 968 2304 tecte
994 2279 1086 2313 gesta
1109 2271 1312 2308 videbuntur,
1338 2274 1366 2303 n·
1391 2274 1516 2311 officium
1542 2278 1625 2304 tuum

880 2315 1052 2358 compleas,
1063 2322 1095 2346 et
1106 2315 1182 2346 huic
1197 2314 1319 2356 aliquid
1333 2315 1443 2352 dones,
1458 2325 1500 2346 ne
1514 2315 1626 2357 iniqua

880 2359 1012 2390 libertas
1026 2359 1070 2390 sit
1092 2358 1126 2389 in
1147 2365 1336 2400 paupertate
1356 2358 1414 2396 illi,
1430 2358 1486 2400 qui
1510 2369 1625 2390 mann-

880 2402 997 2435 missus
1014 2408 1072 2433 est.
1104 2402 1143 2433 E.

924 2447 974 2477 24.
998 2447 1083 2477 Unde
1108 2444 1231 2486 utatur]
1262 2446 1384 2482 Utatur,
1408 2444 1513 2476 vivat:
1537 2445 1625 2478 unde

880 2501 983 2526 usura,
1007 2488 1074 2520 vita
1095 2488 1232 2519 dicitur:
1260 2494 1305 2524 ut.
1329 2487 1396 2519 Cic.
1413 2487 1508 2519 Catil.
1531 2487 1552 2519 i.
1572 2489 1622 2521 12.

881 2535 971 2563 unius
993 2543 1114 2563 usuram
1134 2533 1214 2562 horae
1231 2532 1400 2571 gladiatori
1421 2533 1476 2562 isti
1495 2543 1553 2563 non
1566 2533 1621 2564 de-

878 2578 972 2607 disset
983 2588 993 2606 :
1016 2585 1057 2606 an
1074 2574 1159 2606 unde
1175 2574 1288 2611 alatur,
1305 2574 1345 2604 de
1360 2584 1423 2614 quo
1440 2574 1621 2607 usumfruc-

879 2626 947 2650 tum
963 2618 1079 2659 capiat,
1096 2625 1129 2648 et
1146 2618 1238 2657 cujus
1260 2617 1319 2648 tibi
1341 2624 1460 2648 sortem
1482 2617 1619 2650 reddat?

881 2662 925 2693 Et
946 2662 1006 2692 hoc
1022 2660 1154 2692 melius:
1179 2670 1253 2691 nam
1275 2660 1350 2691 ideo
1363 2660 1497 2698 addidit,
1515 2663 1623 2694 reddet

879 2707 937 2736 tibi
951 2707 1020 2735 cito.
1053 2705 1132 2734 Istoc
1146 2702 1252 2743 vilius]
1270 2703 1343 2734 Hoc
1358 2703 1424 2744 egit
1439 2703 1621 2743 Terentius,

878 2754 924 2785 ut,
950 2746 1114 2778 conversis
1138 2746 1261 2782 officiis,
1283 2756 1385 2787 usque
1410 2746 1490 2778 adeo
1509 2747 1619 2789 prodi-

877 2802 953 2832 gum
969 2790 1089 2821 faceret
1106 2790 1272 2825 Demeam,
1283 2788 1384 2821 donec
1422 2800 1529 2822 arcum
1545 2791 1620 2822 red-

879 2835 969 2865 deret
987 2832 1172 2864 Micionem.
1211 2834 1291 2863 Istoc
1305 2834 1395 2864 vilius
1427 2833 1528 2869 Quasi
1542 2837 1622 2866 nihil

879 2879 995 2908 miuus.-
1019 2875 1147 2916 negatio
1172 2875 1258 2906 enim
1282 2882 1332 2907 est
1354 2875 1487 2908 floccum
1509 2885 1618 2910 osten-

879 2920 994 2955 dentis,
1011 2926 1065 2950 aut
1081 2918 1157 2959 quid
1181 2918 1254 2956 tale,
1270 2929 1343 2950 cum
1360 2919 1519 2960 ἑλλείψειε
1543 2921 1619 2961 quia

879 2962 1068 2995 subauditur
1083 2964 1239 3003 quicquum
1250 2975 1261 2994 .·
1284 2970 1326 3000 et,
1341 2974 1399 2995 non
1414 2964 1500 2995 dabo.
1534 2964 1620 2995 D.—
