1852 3216
95 136 234 166 scsua
254 121 324 178 11.]
391 119 1303 164 HEAUTONTIMORUMENOS.

1521 120 1605 163 307

150 213 380 256 Hominem
393 212 573 269 pistrino
588 212 777 268 dignum.
820 210 898 253 SY.
919 210 1060 259 Quem
1075 212 1093 253 ἲ
1135 210 1219 253 CH.
1233 210 1382 253 Istunc
1397 209 1606 253 servolum

94 288 136 319 20
151 280 264 322 Dico
281 278 576 322 adolescentis.
628 278 706 320 SY.
728 277 851 333 Syre,
872 276 949 318 tibi
969 276 1086 318 timui
1105 275 1226 319 male.

151 345 236 387 Cn.
260 344 349 393 Qui
368 359 523 400 passus
543 351 611 386 est
628 343 672 385 id
693 342 799 385 fieri.
847 341 926 384 ΒΥ.
947 341 1066 390 Quid
1085 342 1276 385 faceret?
1321 341 1405 385 Cu.
1427 341 1607 398 Rogas?

149 409 328 466 Aliquid
346 410 569 466 reperiret,
589 409 772 465 fingeret
790 406 992 458 fallacias,

150 475 281 518 Unde
298 483 413 518 esset
432 475 691 518 adolescenti
711 474 855 517 amicae
873 474 990 529 quod
1010 473 1148 525 daret,

150 541 301 598 Atque
321 541 437 584 hunc
453 540 664 584 difficilem
684 540 858 582 invitum
878 546 1066 582 servaret
1085 554 1241 582 senem.

94 616 135 646 25
153 607 230 650 ΒΥ.
254 607 421 649 Garris.
473 606 557 649 Cn.
577 606 688 648 Haec
708 605 820 648 facta
836 605 891 647 ab
910 603 981 647 illo
1000 605 1241 660 oportebat,
1263 604 1384 661 Syre.

153 673 232 715 SY.
256 672 356 715 Eho
376 671 538 728 quaeso,
557 671 707 714 laudas
728 672 799 726 qui
819 670 948 713 heros
968 669 1147 713 fallunt?
1197 670 1281 713 Cn.
1304 670 1356 712 In
1374 670 1469 713 loco

154 738 254 794 Ego
274 753 375 780 vero
394 737 537 780 laudo.
588 736 666 779 SY.
689 736 828 779 Recte
848 750 964 778 sane.
1014 735 1098 778 Cn.
1121 736 1296 792 Quippe
1315 737 1415 792 quia

152 802 411 859 Magnarum
430 817 545 858 saepe
565 803 609 845 id
629 802 862 844 remedium
881 801 1181 857 aegritudinum
1199 810 1289 845 est:

151 868 182 912 J
183 885 251 911 am
269 869 370 911 huic
389 869 613 911 mansisset
631 868 781 910 unicus
800 874 955 922 gnatus
974 867 1101 909 domi.

95 943 137 974 30
154 934 232 977 SY.
254 934 418 977 Jocone
437 949 493 976 an
513 933 624 976 serio
641 932 748 975 illaec
767 933 896 982 dicat,
917 932 1085 974 nescio:

150 1000 251 1043 Nisi
269 1000 372 1042 mihi
390 999 562 1055 quidem
581 998 703 1041 addit
721 998 920 1048 animum,
940 1013 1026 1053 quo
1044 997 1190 1040 lubeat
1208 998 1356 1055 magis.

152 1066 237 1109 Cu.
259 1066 321 1108 Et
340 1080 453 1108 nunc
473 1064 576 1121 quid
596 1071 835 1120 exspectat,
856 1064 996 1120 Syre?
1026 1079 1081 1106 an
1100 1065 1203 1107 dum
1221 1064 1321 1107 hinc
1342 1065 1484 1107 denuo

150 1131 311 1183 Abeat,
331 1146 463 1187 quum
482 1130 663 1173 tolerare
682 1129 812 1186 hujus
833 1138 996 1172 sumtus
1015 1145 1102 1173 non
1121 1132 1280 1186 queat?

150 1197 309 1239 Nonne
328 1196 385 1239 ad
403 1210 547 1239 senem
565 1194 750 1251 aliquam
770 1194 973 1239 fabricam
993 1195 1148 1253 fingit?
1199 1196 1276 1240 SY.
1299 1196 1494 1239 Stolidus
1512 1205 1593 1240 est.

96 1271 136 1302 35
154 1262 238 1305 Cn.
260 1262 324 1305 At
342 1272 386 1305 te
406 1263 603 1318 adjutare
624 1268 795 1317 oportet
815 1260 1121 1304 adolescentuli

153 1328 308 1371 Causa.
360 1328 438 1370 SY.
461 1326 603 1370 Facile
622 1327 820 1382 equidem
839 1326 979 1370 facere
997 1342 1187 1383 possum,
1209 1328 1246 1369 si
1259 1328 1412 1384 jubes:

97 1459 275 1492 argentum,
298 1449 392 1491 fingit
413 1460 447 1482 se
469 1449 564 1481 irasci
589 1460 682 1481 servo
710 1448 834 1487 Cliniae,

96 1496 264 1532 Hominem,
294 1493 408 1534 inquit,
435 1495 566 1534 pistrino
596 1495 719 1533 dignum
735 1506 746 1524 .·
783 1492 836 1524 cui

92 1537 250 1579 jungitur,
265 1539 318 1578 qui
335 1548 443 1577 passus
462 1538 496 1567 id
506 1538 587 1576 fieri.
626 1535 749 1567 Callide
767 1546 835 1567 ser-

97 1591 183 1618 vum,
196 1587 346 1621 tanquam
356 1580 482 1621 ignoret
493 1579 569 1620 quid
582 1578 652 1610 fieri
663 1578 835 1617 debuisset,

97 1624 232 1660 incusat,
243 1631 278 1654 ut
292 1625 444 1664 majorem
459 1621 613 1664 suscipiat
627 1622 833 1654 voluntatem.

97 1667 162 1703 Qui
172 1666 313 1703 fallendi,
326 1666 490 1697 dominum
504 1666 590 1697 hunc
604 1665 710 1708 ipsum
725 1676 797 1697 cum
813 1668 833 1688 ⁸

99 1710 156 1750 (ex
171 1709 240 1741 cod.
256 1709 415 1740 Westerh.
432 1716 465 1740 et
479 1711 662 1750 conjectura
672 1708 777 1740 locum
789 1708 836 1740 ita

97 1752 331 1784 restituendum
360 1759 449 1794 puto,
475 1754 514 1783 ab
536 1763 568 1783 eo
580 1751 719 1793 fallaciae
740 1763 834 1792 argu·

97 1801 198 1827 menta
211 1797 372 1836 collegerit,
387 1797 552 1835 cupiditate
567 1798 703 1826 incensus
719 1800 764 1826 est
781 1795 834 1835 Z.)

97 1838 236 1880 denique
263 1838 325 1870 sibi
349 1838 409 1870 hoc
436 1848 629 1880 praeparans,
652 1837 697 1869 sic
723 1845 836 1879 postea

97 1882 190 1919 dixit,
213 1883 347 1919 Laudas,
370 1884 422 1923 qui
443 1883 527 1913 heros
540 1880 683 1922 fallunt?
706 1881 837 1912 E.—Ut

97 1925 259 1957 sententia
276 1932 309 1956 et
323 1935 427 1956 sermo
443 1924 485 1956 sit
502 1934 608 1961 sanus,
628 1934 687 1965 pro
707 1926 837 1956 nesciam

180 1979 253 2000 cum
276 1967 436 1999 Palmerio
462 1967 633 2009 legendum
658 1977 783 2005 censeo,
805 1969 838 1998 m’

97 2014 190 2043 sciam
202 2014 218 2042 ?
239 2011 270 2042 h.
286 2022 313 2042 e.
339 2010 452 2045 Quidni
467 2022 521 2053 ego
534 2013 627 2042 sciam
637 2013 654 2042 2
676 2010 725 2042 Cf.
742 2010 835 2042 Adel.

96 2054 140 2087 iv.
157 2056 185 2086 5.
204 2056 254 2086 28.
286 2055 323 2085 B.

143 2099 192 2129 19.
208 2100 365 2130 Hominem
373 2099 503 2138 pistrino
512 2096 651 2138 dignum]
666 2097 835 2138 Ambigue,

97 2151 140 2172 nn
155 2141 195 2173 de
212 2141 385 2178 Dromone,
408 2150 449 2172 an
470 2140 511 2171 de
533 2142 622 2182 Syro,
638 2151 657 2171 a
672 2151 735 2181 quo
755 2141 836 2172 bene

97 2191 329 2216 annom-entur
342 2194 456 2216 senum
471 2183 559 2215 vitia.
591 2184 636 2215 Et
649 2194 757 2215 secum
768 2184 836 2215 haec

97 2227 190 2259 dixit.
220 2228 257 2259 c.

142 2272 192 2302 20.
210 2272 296 2312 Syre,
313 2269 386 2311 tibi]
403 2270 447 2301 Et
462 2270 508 2302 sic
523 2280 641 2301 secum.
675 2270 714 2301 Id
726 2276 783 2307 est,
794 2281 836 2302 ne

98 2313 175 2355 quid
197 2314 274 2345 mali
297 2314 456 2345 accideret
479 2313 556 2345 tibi:
580 2323 655 2344 nam
674 2314 741 2353 jam
756 2313 836 2345 mihi

97 2357 207 2388 nescio
221 2357 298 2397 quid
310 2357 458 2398 praesagit
473 2356 599 2388 animus
614 2356 699 2387 mali.
727 2357 763 2388 C.

142 2401 192 2431 24.
215 2399 392 2441 Βιζῇἱείιεηι]
417 2400 592 2431 Morosum.
624 2402 764 2431 Servaret
787 2411 834 2432 se-

98 2441 181 2483 nen]
207 2443 296 2474 Bene
310 2449 442 2474 servaret
462 2443 545 2474 dixit
564 2443 604 2475 de
620 2453 658 2474 eo
673 2443 727 2484 qui
742 2444 834 2485 peni-

98 2492 152 2516 tus
176 2496 211 2517 se
310 2494 387 2524 eret,
403 2493 436 2518 et
457 2486 618 2519 continuis
637 2487 835 2518 excruciaret

99 2527 269 2559 laboribus.
298 2529 336 2560 C.

143 2572 193 2602 26.
210 2573 298 2602 Eho!
319 2571 431 2613 queso]
453 2574 521 2603 Eho
540 2573 635 2604 modo
656 2572 836 2614 interjectio

99 2620 149 2646 est
174 2614 408 2655 interrogantis,
433 2615 511 2646 alias
534 2615 732 2654 admirantis,
757 2616 836 2647 alias

98 2657 139 2688 ad
155 2667 190 2688 se
203 2657 352 2688 vocantis.
375 2659 412 2688 Iu
427 2657 502 2699 loco]
577 2666 723 2701 poi-tune.
754 2659 835 2690 C.—

100 2702 138 2731 In
160 2702 221 2731 loco
240 2711 308 2731 vero
329 2699 433 2734 lando]
464 2701 553 2732 Bene
575 2701 691 2742 adjecit
711 2704 743 2733 in
764 2705 834 2739 loco,

98 2753 140 2792 ne
155 2750 343 2818 ffimzm
358 2737 578 2775 malefaciendi
591 2744 754 2776 licentiam
767 2756 834 2777 ser-

100 2796 150 2818 Vls
243 2793 265 2817 t.
329 2809 337 2817 .

143 2830 194 2862 27.
214 2832 330 2870 Quippe
353 2831 424 2870 quia
446 2829 639 2871 magum-um]
663 2830 747 2862 Nam
762 2830 837 2872 quia

99 2871 215 2904 fallunt
243 2880 396 2914 tempore,
423 2873 598 2904 maximum
622 2883 707 2915 saepe
731 2884 835 2905 reme-

101 2915 189 2947 dium
212 2922 271 2954 est‚
291 2926 332 2947 ne
354 2915 482 2957 gravior
507 2916 662 2958 egritudo
682 2916 836 2949 videatur.

102 2958 228 2992 E.—1n
242 2958 474 3001 antiquissimis
487 2959 579 2992 libris
593 2966 642 2992 est
653 2963 760 3002 quippe
774 2963 835 3002 qui.

879 1449 989 1481 Recte.
1014 1449 1117 1481 Schol.
1129 1450 1240 1482 Bemb.
1253 1450 1308 1490 ait,
1324 1450 1500 1493 Παρέλκονι
1517 1454 1612 1484 abun-

878 1495 934 1524 dat
947 1495 1007 1533 qui.
1044 1493 1080 1524 B.

922 1537 972 1567 28.
999 1535 1079 1570 Quia
1104 1547 1279 1577 magnarum
1300 1548 1378 1578 ηερε
1399 1540 1434 1569 id
1454 1541 1615 1570 remedium

878 1579 1149 1620 aegvitudinum’st]
1170 1580 1281 1621 Ipsum
1292 1580 1402 1612 fallere
1414 1581 1448 1612 in
1462 1588 1614 1624 tempore,

876 1622 1005 1663 quidam
1027 1622 1067 1654 de
1089 1622 1201 1654 officiis
1215 1623 1400 1662 scribentes,
1415 1631 1538 1656 rectum
1553 1636 1614 1667 pu-

876 1671 1034 1740 {averunt-
1072 1666 1157 1698 Nam
1172 1666 1288 1698 medici
1302 1674 1438 1709 aegrotos
1452 1678 1537 1710 saepe
1554 1668 1614 1700 fal-

889 1715 957 1740 unt.
985 1709 1021 1740 C.

921 1753 972 1783 29.
983 1754 1053 1783 Jam
1062 1751 1148 1794 huic]
1166 1752 1206 1783 V.
1215 1753 1252 1784 C.
1262 1754 1344 1784 Nam
1354 1755 1432 1785 huic.
1447 1754 1614 1786 L.—-Ver-

878 1805 932 1827 sus
947 1806 1042 1826 causa
1053 1805 1184 1837 repone,
1199 1798 1283 1828 Huic
1286 1796 1355 1837 jam
1367 1800 1532 1828 mansisset.
1563 1798 1602 1829 B.

921 1839 972 1869 30.
994 1840 1103 1870 Iocone
1126 1850 1166 1870 an
1194 1842 1272 1870 serio
1297 1838 1368 1880 illa]
1402 1841 1456 1871 An
1482 1840 1617 1872 consilio

877 1880 988 1912 isthaec
1003 1881 1096 1919 dicat,
1109 1892 1150 1912 an
1161 1883 1244 1922 joco,
1259 1882 1439 1924 intelligere
1453 1893 1518 1914 non
1538 1894 1614 1925 pos-

878 1935 968 1955 sum:
992 1935 1092 1955 unum
1116 1925 1336 1956 tantummodo
1357 1925 1511 1967 intelligo,
1530 1927 1616 1968 quod

879 1967 959 1998 mihi
979 1967 1020 1998 ad
1039 1967 1109 2004 hoc,
1125 1968 1210 2009 quod
1231 1968 1385 2010 disposui,
1400 1969 1542 2001 cumulat
1557 1981 1614 2002 vo-

879 2010 1046 2042 luntatem.
1085 2010 1258 2053 E.—Lege
1270 2022 1344 2043 cum
1359 2012 1483 2044 duobus
1497 2012 1616 2045 nostris

879 2056 931 2085 ille
942 2056 1005 2085 haec
1019 2055 1111 2085 dieat.
1146 2054 1183 2085 B.

923 2098 973 2128 31.
1000 2099 1064 2131 Quo
1090 2099 1191 2129 lubeat
1216 2097 1330 2139 magis]
1367 2098 1405 2130 Id
1431 2105 1490 2136 est,
1513 2099 1615 2141 magis

878 2140 1004 2182 placeat
1023 2140 1119 2172 heros
1136 2151 1155 2171 a
1169 2141 1271 2172 servis
1285 2141 1399 2183 decipi,
1416 2142 1500 2183 quod
1514 2149 1551 2174 ut
1565 2143 1613 2174 vi-

878 2183 972 2222 derit,
998 2183 1108 2215 saeviat
1130 2183 1165 2215 in
1186 2194 1248 2222 me,
1264 2190 1297 2216 et
1317 2195 1370 2216 me
1391 2184 1425 2216 in
1442 2185 1615 2227 pistrinum

877 2227 983 2258 dedat.
1014 2227 1050 2258 C.

921 2271 971 2301 32.
995 2271 1038 2301 Et
1062 2281 1140 2301 nunc
1162 2272 1238 2311 quid
1258 2270 1426 2312 exspectat]
1461 2271 1527 2303 Hic
1545 2273 1614 2312 jam

878 2313 955 2345 dum
970 2321 1098 2345 accusat
1116 2313 1327 2346 adolescentis
1349 2325 1485 2352 servum,
1505 2315 1612 2347 horta-

879 2364 932 2388 tur
955 2367 1048 2388 suum
1074 2357 1231 2395 dominus,
1258 2357 1313 2398 qui
1342 2357 1412 2400 ipse
1437 2357 1496 2389 hos
1525 2358 1615 2391 dolos

879 2399 998 2431 tendat.
1035 2400 1183 2441 Denique
1204 2400 1337 2440 adjecit:
1360 2404 1404 2432 At
1417 2406 1456 2432 *te
1474 2401 1615 2442 aaeh'utare

879 2448 993 2484 oportet
1020 2445 1232 2474 adolescentuli
1258 2455 1358 2475 causa.
1393 2444 1541 2476 E.—Pm
1569 2447 1615 2477 At

876 2498 955 2517 nunc
979 2486 1099 2518 rectius
1125 2487 1235 2518 Bemb.
1261 2493 1292 2519 et
1318 2487 1373 2518 alii
1396 2493 1473 2519 vett.
1495 2487 1615 2521 habent

877 2531 921 2560 Et
933 2541 1019 2561 nanc.
1051 2530 1090 2561 B.

921 2574 971 2604 33.
996 2573 1059 2604 Pro
1074 2575 1174 2604 Abest
1186 2583 1307 2611 repone
1320 2575 1438 2615 Abigae
1458 2583 1501 2605 sc.
1516 2573 1614 2607 herus

877 2615 990 2653 filium,
1005 2616 1165 2647 sententia
1178 2616 1370 2658 postulante.
1396 2617 1440 2648 Et
1451 2627 1511 2659 pro
1523 2618 1615 2659 huju

876 2659 978 2690 nostri
993 2670 1113 2697 omnes,
1129 2661 1220 2690 illins.
1251 2659 1289 2690 Β.

921 2703 971 2733 34.
998 2705 1141 2743 Aliquam
1158 2701 1328 2743 fabricam]
1366 2702 1546 2736 Translafio
1571 2705 1612 2736 ab

877 2745 937 2782 his,
965 2746 1020 2786 qui
1050 2745 1264 2787 expugnaturi
1292 2745 1419 2788 oppida,
1449 2747 1610 2779 maehina-

877 2795 987 2820 menta
999 2788 1073 2819 belli
1088 2788 1128 2819 ad
1143 2788 1176 2819 id
1191 2795 1381 2831 praeparant.
1403 2791 1535 2822 Stolidus
1548 2790 1610 2833 est]

879 2831 1044 2873 Superius,
1054 2833 1111 2862 Ille
1122 2833 1228 2863 Cliniae
1238 2843 1341 2864 servus
1348 2834 1549 2865 tardiusculus
1556 2840 1611 2866 est.

879 2874 923 2906 Et
936 2874 1066 2916 proprie
1080 2876 1208 2906 stolidus
1222 2882 1280 2913 est,
1296 2875 1351 2916 qui
1365 2876 1509 2917 proxime
1519 2887 1610 2909 acce-

878 2917 927 2949 dit
941 2917 981 2948 ad
996 2924 1143 2949 naturam
1157 2928 1349 2960 sensumque
1362 2919 1530 2961 pecudum.
1556 2921 1595 2952 C.

922 2961 972 2993 36.
995 2962 1099 2994 Facile
1113 2963 1247 3003 equide-
1259 2960 1366 3003 socen
1378 2973 1503 3004 possum,
1517 2964 1609 3005 siju-
