<?xml version="1.0" encoding="UTF-8"?>
<!DOCTYPE html PUBLIC "-//W3C//DTD XHTML 1.0 Transitional//EN"
    "http://www.w3.org/TR/xhtml1/DTD/xhtml1-transitional.dtd">
<html xmlns="http://www.w3.org/1999/xhtml" xml:lang="en" lang="en">
 <head>
  <title>
</title>
<meta http-equiv="Content-Type" content="text/html;charset=utf-8" />
  <meta name='ocr-system' content='tesseract 3.04.00' />
  <meta name='ocr-capabilities' content='ocr_page ocr_carea ocr_par ocr_line ocrx_word'/>
</head>
<body>
  <div class='ocr_page' id='page_1' title='image "./comoediaesex00tereuoft_0319.png"; bbox 0 0 1852 3216; ppageno 0'>
   <div class='ocr_carea' id='block_1_1' title="bbox 97 184 340 239">
    <p class='ocr_par' dir='ltr' id='par_1_1' title="bbox 97 184 340 239">
     <span class='ocr_line' id='line_1_1' title="bbox 97 184 340 239; baseline 0.008 -14"><span class='ocrx_word' id='word_1_1' title='bbox 97 197 238 226; x_wconf 67' lang='lat' dir='ltr'><strong>scam</strong></span> <span class='ocrx_word' id='word_1_2' title='bbox 260 184 340 239; x_wconf 60' lang='lat' dir='ltr'><strong>vn]</strong></span> 
     </span>
    </p>
   </div>
   <div class='ocr_carea' id='block_1_2' title="bbox 654 180 1069 225">
    <p class='ocr_par' dir='ltr' id='par_1_2' title="bbox 654 180 1069 225">
     <span class='ocr_line' id='line_1_2' title="bbox 654 180 1069 225; baseline -0.005 0"><span class='ocrx_word' id='word_1_3' title='bbox 654 180 1069 225; x_wconf 89' lang='lat' dir='ltr'><strong>EUNUCHUS.</strong></span> 
     </span>
    </p>
   </div>
   <div class='ocr_carea' id='block_1_3' title="bbox 1545 186 1628 227">
    <p class='ocr_par' dir='ltr' id='par_1_3' title="bbox 1545 186 1628 227">
     <span class='ocr_line' id='line_1_3' title="bbox 1545 186 1628 227; baseline 0.012 -1"><span class='ocrx_word' id='word_1_4' title='bbox 1545 186 1628 227; x_wconf 76' lang='lat'><strong>217</strong></span> 
     </span>
    </p>
   </div>
   <div class='ocr_carea' id='block_1_4' title="bbox 96 272 1629 329">
    <p class='ocr_par' dir='ltr' id='par_1_4' title="bbox 96 272 1629 329">
     <span class='ocr_line' id='line_1_4' title="bbox 96 272 1629 329; baseline 0.002 -16"><span class='ocrx_word' id='word_1_5' title='bbox 96 283 137 313; x_wconf 80' lang='lat'><strong>25</strong></span> <span class='ocrx_word' id='word_1_6' title='bbox 153 274 226 318; x_wconf 90' lang='lat' dir='ltr'><strong>Tu</strong></span> <span class='ocrx_word' id='word_1_7' title='bbox 247 275 331 325; x_wconf 85' lang='lat' dir='ltr'><strong>abi,</strong></span> <span class='ocrx_word' id='word_1_8' title='bbox 353 279 483 329; x_wconf 86' lang='lat' dir='ltr'><strong>atque</strong></span> <span class='ocrx_word' id='word_1_9' title='bbox 503 273 659 315; x_wconf 86' lang='lat' dir='ltr'><strong>obsera</strong></span> <span class='ocrx_word' id='word_1_10' title='bbox 677 274 834 315; x_wconf 88' lang='lat' dir='ltr'><strong>ostium</strong></span> <span class='ocrx_word' id='word_1_11' title='bbox 863 273 995 323; x_wconf 87' lang='lat' dir='ltr'><strong>intus,</strong></span> <span class='ocrx_word' id='word_1_12' title='bbox 1018 273 1120 314; x_wconf 89' lang='lat' dir='ltr'><strong>dum</strong></span> <span class='ocrx_word' id='word_1_13' title='bbox 1139 287 1221 329; x_wconf 87' lang='lat' dir='ltr'><strong>ego</strong></span> <span class='ocrx_word' id='word_1_14' title='bbox 1251 272 1350 315; x_wconf 91' lang='lat' dir='ltr'><strong>hinc</strong></span> <span class='ocrx_word' id='word_1_15' title='bbox 1381 279 1629 316; x_wconf 85' lang='lat' dir='ltr'><strong>transcurro</strong></span> 
     </span>
    </p>
   </div>
   <div class='ocr_carea' id='block_1_5' title="bbox 238 338 468 380">
    <p class='ocr_par' dir='ltr' id='par_1_5' title="bbox 238 338 468 380">
     <span class='ocr_line' id='line_1_5' title="bbox 238 338 468 380; baseline 0 0"><span class='ocrx_word' id='word_1_16' title='bbox 238 339 294 380; x_wconf 86' lang='lat' dir='ltr'><strong>ad</strong></span> <span class='ocrx_word' id='word_1_17' title='bbox 314 338 468 380; x_wconf 80' lang='lat' dir='ltr'><strong>forum.</strong></span> 
     </span>
    </p>
   </div>
   <div class='ocr_carea' id='block_1_6' title="bbox 150 402 1626 458">
    <p class='ocr_par' dir='ltr' id='par_1_6' title="bbox 150 402 1626 458">
     <span class='ocr_line' id='line_1_6' title="bbox 150 402 1626 458; baseline -0.001 -13"><span class='ocrx_word' id='word_1_18' title='bbox 150 402 264 445; x_wconf 94' lang='lat' dir='ltr'><strong>Volo</strong></span> <span class='ocrx_word' id='word_1_19' title='bbox 278 418 360 458; x_wconf 89' lang='lat' dir='ltr'><strong>ego</strong></span> <span class='ocrx_word' id='word_1_20' title='bbox 378 403 532 444; x_wconf 88' lang='lat' dir='ltr'>adesse</span> <span class='ocrx_word' id='word_1_21' title='bbox 548 402 619 446; x_wconf 91' lang='lat' dir='ltr'><strong>hic</strong></span> <span class='ocrx_word' id='word_1_22' title='bbox 639 403 872 446; x_wconf 87' lang='lat' dir='ltr'><strong>advocatos</strong></span> <span class='ocrx_word' id='word_1_23' title='bbox 888 403 1013 445; x_wconf 91' lang='lat' dir='ltr'><strong>nobis</strong></span> <span class='ocrx_word' id='word_1_24' title='bbox 1028 404 1073 445; x_wconf 89' lang='lat' dir='ltr'><strong>in</strong></span> <span class='ocrx_word' id='word_1_25' title='bbox 1088 403 1216 445; x_wconf 89' lang='lat' dir='ltr'><strong>turba</strong></span> <span class='ocrx_word' id='word_1_26' title='bbox 1229 402 1325 445; x_wconf 89' lang='lat' dir='ltr'><strong>hac.</strong></span> <span class='ocrx_word' id='word_1_27' title='bbox 1368 402 1460 445; x_wconf 78' lang='grc' dir='ltr'><strong>ΤΗ.</strong></span> <span class='ocrx_word' id='word_1_28' title='bbox 1476 402 1626 445; x_wconf 86' lang='lat' dir='ltr'><strong>Mane.</strong></span> 
     </span>
    </p>
   </div>
   <div class='ocr_carea' id='block_1_7' title="bbox 149 467 840 510">
    <p class='ocr_par' dir='ltr' id='par_1_7' title="bbox 149 467 840 510">
     <span class='ocr_line' id='line_1_7' title="bbox 149 467 840 510; baseline 0.001 -2"><span class='ocrx_word' id='word_1_29' title='bbox 149 467 234 509; x_wconf 72' lang='lat' dir='ltr'><strong>Ca.</strong></span> <span class='ocrx_word' id='word_1_30' title='bbox 265 467 426 509; x_wconf 90' lang='lat' dir='ltr'><strong>Melius</strong></span> <span class='ocrx_word' id='word_1_31' title='bbox 447 474 529 509; x_wconf 87' lang='lat' dir='ltr'><strong>est.</strong></span> <span class='ocrx_word' id='word_1_32' title='bbox 585 467 676 510; x_wconf 80' lang='grc' dir='ltr'><strong>ΤΗ.</strong></span> <span class='ocrx_word' id='word_1_33' title='bbox 692 467 840 509; x_wconf 85' lang='lat' dir='ltr'><strong>Mane.</strong></span> 
     </span>
    </p>
   </div>
   <div class='ocr_carea' id='block_1_8' title="bbox 899 467 1626 524">
    <p class='ocr_par' dir='ltr' id='par_1_8' title="bbox 899 467 1626 524">
     <span class='ocr_line' id='line_1_8' title="bbox 899 467 1626 524; baseline 0 -14"><span class='ocrx_word' id='word_1_34' title='bbox 899 467 984 510; x_wconf 82' lang='lat' dir='ltr'><strong>CH.</strong></span> <span class='ocrx_word' id='word_1_35' title='bbox 1021 468 1201 519; x_wconf 85' lang='lat' dir='ltr'><strong>Omitte,</strong></span> <span class='ocrx_word' id='word_1_36' title='bbox 1221 469 1312 524; x_wconf 87' lang='lat' dir='ltr'><strong>jam</strong></span> <span class='ocrx_word' id='word_1_37' title='bbox 1337 468 1483 510; x_wconf 89' lang='lat' dir='ltr'><strong>adero.</strong></span> <span class='ocrx_word' id='word_1_38' title='bbox 1533 468 1626 510; x_wconf 83' lang='grc' dir='ltr'><strong>ΤΗ.</strong></span> 
     </span>
    </p>
   </div>
   <div class='ocr_carea' id='block_1_9' title="bbox 150 531 1630 654">
    <p class='ocr_par' dir='ltr' id='par_1_9' title="bbox 150 531 1630 654">
     <span class='ocr_line' id='line_1_9' title="bbox 234 531 940 587; baseline 0.001 -14"><span class='ocrx_word' id='word_1_39' title='bbox 234 532 359 573; x_wconf 90' lang='lat' dir='ltr'><strong>Nihil</strong></span> <span class='ocrx_word' id='word_1_40' title='bbox 379 547 490 587; x_wconf 89' lang='lat' dir='ltr'><strong>opus</strong></span> <span class='ocrx_word' id='word_1_41' title='bbox 510 538 578 573; x_wconf 90' lang='lat' dir='ltr'><strong>est</strong></span> <span class='ocrx_word' id='word_1_42' title='bbox 597 532 706 582; x_wconf 87' lang='lat' dir='ltr'><strong>istis,</strong></span> <span class='ocrx_word' id='word_1_43' title='bbox 729 531 913 574; x_wconf 87' lang='lat' dir='ltr'><strong>Chreme</strong></span> <span class='ocrx_word' id='word_1_44' title='bbox 931 549 940 574; x_wconf 94' lang='lat'><strong>:</strong></span> 
     </span>
     <span class='ocr_line' id='line_1_10' title="bbox 150 596 1630 654; baseline 0.001 -16"><span class='ocrx_word' id='word_1_45' title='bbox 150 596 250 638; x_wconf 90' lang='lat' dir='ltr'><strong>Hoc</strong></span> <span class='ocrx_word' id='word_1_46' title='bbox 269 597 398 638; x_wconf 90' lang='lat' dir='ltr'><strong>modo</strong></span> <span class='ocrx_word' id='word_1_47' title='bbox 415 597 499 647; x_wconf 89' lang='lat' dir='ltr'><strong>dic,</strong></span> <span class='ocrx_word' id='word_1_48' title='bbox 523 611 712 639; x_wconf 90' lang='lat' dir='ltr'><strong>sororem</strong></span> <span class='ocrx_word' id='word_1_49' title='bbox 727 596 840 638; x_wconf 86' lang='lat' dir='ltr'><strong>illam</strong></span> <span class='ocrx_word' id='word_1_50' title='bbox 857 604 975 639; x_wconf 90' lang='lat' dir='ltr'><strong>tuam</strong></span> <span class='ocrx_word' id='word_1_51' title='bbox 990 612 1101 648; x_wconf 92' lang='lat' dir='ltr'><strong>esse,</strong></span> <span class='ocrx_word' id='word_1_52' title='bbox 1115 604 1159 639; x_wconf 88' lang='lat' dir='ltr'><strong>et</strong></span> <span class='ocrx_word' id='word_1_53' title='bbox 1175 604 1218 640; x_wconf 89' lang='lat' dir='ltr'><strong>te</strong></span> <span class='ocrx_word' id='word_1_54' title='bbox 1230 613 1406 654; x_wconf 88' lang='lat' dir='ltr'><strong>parvam</strong></span> <span class='ocrx_word' id='word_1_55' title='bbox 1421 599 1630 654; x_wconf 86' lang='lat' dir='ltr'><strong>virginem</strong></span> 
     </span>
    </p>
   </div>
   <div class='ocr_carea' id='block_1_10' title="bbox 150 660 838 717">
    <p class='ocr_par' dir='ltr' id='par_1_10' title="bbox 150 660 838 717">
     <span class='ocr_line' id='line_1_11' title="bbox 150 660 838 717; baseline 0.003 -15"><span class='ocrx_word' id='word_1_56' title='bbox 150 660 384 712; x_wconf 82' lang='lat' dir='ltr'><strong>Amisisse3</strong></span> <span class='ocrx_word' id='word_1_57' title='bbox 439 676 554 703; x_wconf 93' lang='lat' dir='ltr'><strong>nunc</strong></span> <span class='ocrx_word' id='word_1_58' title='bbox 604 676 838 717; x_wconf 84' lang='lat' dir='ltr'>cognosse:</span> 
     </span>
    </p>
   </div>
   <div class='ocr_carea' id='block_1_11' title="bbox 234 725 485 781">
    <p class='ocr_par' dir='ltr' id='par_1_11' title="bbox 234 725 485 781">
     <span class='ocr_line' id='line_1_12' title="bbox 234 725 485 781; baseline 0 -14"><span class='ocrx_word' id='word_1_59' title='bbox 234 725 326 767; x_wconf 77' lang='lat' dir='ltr'><strong>Tu.</strong></span> <span class='ocrx_word' id='word_1_60' title='bbox 350 725 485 781; x_wconf 85' lang='lat' dir='ltr'><strong>Cape.</strong></span> 
     </span>
    </p>
   </div>
   <div class='ocr_carea' id='block_1_12' title="bbox 889 662 1627 717">
    <p class='ocr_par' dir='ltr' id='par_1_12' title="bbox 889 662 1627 717">
     <span class='ocr_line' id='line_1_13' title="bbox 889 662 1627 717; baseline 0.004 -15"><span class='ocrx_word' id='word_1_61' title='bbox 889 662 1011 717; x_wconf 89' lang='lat' dir='ltr'><strong>signa</strong></span> <span class='ocrx_word' id='word_1_62' title='bbox 1050 663 1245 705; x_wconf 87' lang='lat' dir='ltr'><strong>ostende.</strong></span> <span class='ocrx_word' id='word_1_63' title='bbox 1311 663 1396 705; x_wconf 78' lang='grc' dir='ltr'><strong>ΡΥ.</strong></span> <span class='ocrx_word' id='word_1_64' title='bbox 1433 662 1627 705; x_wconf 90' lang='lat' dir='ltr'><strong>Adsunt.</strong></span> 
     </span>
    </p>
   </div>
   <div class='ocr_carea' id='block_1_13' title="bbox 91 790 1626 913">
    <p class='ocr_par' dir='ltr' id='par_1_13' title="bbox 91 790 1626 913">
     <span class='ocr_line' id='line_1_14' title="bbox 91 790 1626 846; baseline 0.003 -16"><span class='ocrx_word' id='word_1_65' title='bbox 91 799 133 828; x_wconf 86' lang='grc' dir='ltr'><strong>3ο</strong></span> <span class='ocrx_word' id='word_1_66' title='bbox 151 790 198 831; x_wconf 92' lang='lat' dir='ltr'><strong>Si</strong></span> <span class='ocrx_word' id='word_1_67' title='bbox 218 791 300 832; x_wconf 91' lang='lat' dir='ltr'><strong>vim</strong></span> <span class='ocrx_word' id='word_1_68' title='bbox 313 790 455 842; x_wconf 88' lang='lat' dir='ltr'><strong>faciet,</strong></span> <span class='ocrx_word' id='word_1_69' title='bbox 472 792 596 846; x_wconf 90' lang='lat' dir='ltr'><strong>injus</strong></span> <span class='ocrx_word' id='word_1_70' title='bbox 613 791 759 834; x_wconf 89' lang='lat' dir='ltr'><strong>ducito</strong></span> <span class='ocrx_word' id='word_1_71' title='bbox 773 791 1010 834; x_wconf 87' lang='lat' dir='ltr'><strong>hominem:</strong></span> <span class='ocrx_word' id='word_1_72' title='bbox 1042 791 1319 835; x_wconf 70' lang='lat' dir='ltr'><strong>intellextin’?</strong></span> <span class='ocrx_word' id='word_1_73' title='bbox 1363 793 1448 835; x_wconf 82' lang='lat' dir='ltr'><strong>CH.</strong></span> <span class='ocrx_word' id='word_1_74' title='bbox 1465 792 1626 836; x_wconf 89' lang='lat' dir='ltr'><strong>Probe.</strong></span> 
     </span>
     <span class='ocr_line' id='line_1_15' title="bbox 96 855 1626 913; baseline 0.002 -16"><span class='ocrx_word' id='word_1_75' title='bbox 96 889 98 891; x_wconf 92' lang='lat'><strong>.</strong></span> <span class='ocrx_word' id='word_1_76' title='bbox 147 855 239 897; x_wconf 82' lang='grc' dir='ltr'><strong>ΤΗ.</strong></span> <span class='ocrx_word' id='word_1_77' title='bbox 272 856 360 898; x_wconf 86' lang='lat' dir='ltr'><strong>Fac</strong></span> <span class='ocrx_word' id='word_1_78' title='bbox 393 857 532 898; x_wconf 90' lang='lat' dir='ltr'><strong>animo</strong></span> <span class='ocrx_word' id='word_1_79' title='bbox 560 856 655 899; x_wconf 89' lang='lat' dir='ltr'><strong>haec</strong></span> <span class='ocrx_word' id='word_1_80' title='bbox 681 864 731 899; x_wconf 88' lang='lat' dir='ltr'><strong>ut</strong></span> <span class='ocrx_word' id='word_1_81' title='bbox 757 856 963 913; x_wconf 80' lang='lat' dir='ltr'><strong>praesenti</strong></span> <span class='ocrx_word' id='word_1_82' title='bbox 994 857 1127 899; x_wconf 86' lang='lat' dir='ltr'><strong>dicas.</strong></span> <span class='ocrx_word' id='word_1_83' title='bbox 1179 856 1264 900; x_wconf 80' lang='lat' dir='ltr'><strong>CH.</strong></span> <span class='ocrx_word' id='word_1_84' title='bbox 1296 857 1483 902; x_wconf 85' lang='lat' dir='ltr'><strong>Faciam.</strong></span> <span class='ocrx_word' id='word_1_85' title='bbox 1534 857 1626 901; x_wconf 82' lang='grc' dir='ltr'><strong>ΤΗ.</strong></span> 
     </span>
    </p>
   </div>
   <div class='ocr_carea' id='block_1_14' title="bbox 234 920 609 975">
    <p class='ocr_par' dir='ltr' id='par_1_14' title="bbox 234 920 609 975">
     <span class='ocr_line' id='line_1_16' title="bbox 234 920 609 975; baseline 0.005 -14"><span class='ocrx_word' id='word_1_86' title='bbox 234 920 400 962; x_wconf 90' lang='lat' dir='ltr'><strong>Attolle</strong></span> <span class='ocrx_word' id='word_1_87' title='bbox 420 920 609 975; x_wconf 86' lang='lat' dir='ltr'><strong>pallium.</strong></span> 
     </span>
    </p>
   </div>
   <div class='ocr_carea' id='block_1_15' title="bbox 150 984 1547 1044">
    <p class='ocr_par' dir='ltr' id='par_1_15' title="bbox 150 984 1547 1044">
     <span class='ocr_line' id='line_1_17' title="bbox 150 984 1547 1044; baseline 0.004 -19"><span class='ocrx_word' id='word_1_88' title='bbox 150 984 290 1036; x_wconf 83' lang='lat' dir='ltr'><strong>Perii!</strong></span> <span class='ocrx_word' id='word_1_89' title='bbox 321 984 422 1028; x_wconf 89' lang='lat' dir='ltr'><strong>huic</strong></span> <span class='ocrx_word' id='word_1_90' title='bbox 442 985 526 1040; x_wconf 89' lang='lat' dir='ltr'><strong>ipsi</strong></span> <span class='ocrx_word' id='word_1_91' title='bbox 545 992 613 1031; x_wconf 88' lang='lat' dir='ltr'><strong>est</strong></span> <span class='ocrx_word' id='word_1_92' title='bbox 632 1000 742 1041; x_wconf 91' lang='lat' dir='ltr'><strong>opus</strong></span> <span class='ocrx_word' id='word_1_93' title='bbox 762 993 961 1041; x_wconf 89' lang='lat' dir='ltr'><strong>patr0n0,</strong></span> <span class='ocrx_word' id='word_1_94' title='bbox 983 1001 1112 1041; x_wconf 88' lang='lat' dir='ltr'><strong>quem</strong></span> <span class='ocrx_word' id='word_1_95' title='bbox 1132 986 1406 1030; x_wconf 87' lang='lat' dir='ltr'><strong>defensorem</strong></span> <span class='ocrx_word' id='word_1_96' title='bbox 1425 1003 1547 1044; x_wconf 87' lang='lat' dir='ltr'><strong>paro.</strong></span> 
     </span>
    </p>
   </div>
   <div class='ocr_carea' id='block_1_16' title="bbox 87 1118 839 3032">
    <p class='ocr_par' dir='ltr' id='par_1_16' title="bbox 88 1118 837 1278">
     <span class='ocr_line' id='line_1_18' title="bbox 90 1118 837 1160; baseline 0.001 -11"><span class='ocrx_word' id='word_1_97' title='bbox 90 1129 132 1150; x_wconf 87' lang='lat' dir='ltr'><strong>ne</strong></span> <span class='ocrx_word' id='word_1_98' title='bbox 146 1118 221 1150; x_wconf 85' lang='lat' dir='ltr'><strong>fiat:</strong></span> <span class='ocrx_word' id='word_1_99' title='bbox 245 1118 279 1149; x_wconf 87' lang='lat' dir='ltr'><strong>id</strong></span> <span class='ocrx_word' id='word_1_100' title='bbox 295 1126 353 1157; x_wconf 87' lang='lat' dir='ltr'><strong>est,</strong></span> <span class='ocrx_word' id='word_1_101' title='bbox 369 1118 555 1160; x_wconf 81' lang='lat' dir='ltr'><strong>prospicere</strong></span> <span class='ocrx_word' id='word_1_102' title='bbox 570 1123 603 1150; x_wconf 90' lang='lat' dir='ltr'><strong>et</strong></span> <span class='ocrx_word' id='word_1_103' title='bbox 613 1128 728 1151; x_wconf 87' lang='lat' dir='ltr'><strong>cavere</strong></span> <span class='ocrx_word' id='word_1_104' title='bbox 743 1120 784 1150; x_wconf 83' lang='lat' dir='ltr'><strong>ab</strong></span> <span class='ocrx_word' id='word_1_105' title='bbox 797 1129 837 1150; x_wconf 91' lang='lat' dir='ltr'><strong>eo</strong></span> 
     </span>
     <span class='ocr_line' id='line_1_19' title="bbox 89 1161 837 1203; baseline 0.001 -11"><span class='ocrx_word' id='word_1_106' title='bbox 89 1161 174 1201; x_wconf 90' lang='lat' dir='ltr'><strong>quod</strong></span> <span class='ocrx_word' id='word_1_107' title='bbox 189 1161 352 1203; x_wconf 84' lang='lat' dir='ltr'><strong>praecedit,</strong></span> <span class='ocrx_word' id='word_1_108' title='bbox 368 1161 402 1192; x_wconf 91' lang='lat' dir='ltr'><strong>id</strong></span> <span class='ocrx_word' id='word_1_109' title='bbox 412 1162 498 1202; x_wconf 88' lang='lat' dir='ltr'><strong>quod</strong></span> <span class='ocrx_word' id='word_1_110' title='bbox 508 1161 663 1202; x_wconf 84' lang='lat' dir='ltr'><strong>sequitur.</strong></span> <span class='ocrx_word' id='word_1_111' title='bbox 700 1164 837 1202; x_wconf 82' lang='lat' dir='ltr'><strong>Accepta</strong></span> 
     </span>
     <span class='ocr_line' id='line_1_20' title="bbox 88 1203 836 1245; baseline 0.001 -10"><span class='ocrx_word' id='word_1_112' title='bbox 88 1203 223 1245; x_wconf 79' lang='lat' dir='ltr'><strong>injuria]</strong></span> <span class='ocrx_word' id='word_1_113' title='bbox 250 1204 316 1235; x_wconf 83' lang='lat' dir='ltr'><strong>Hic</strong></span> <span class='ocrx_word' id='word_1_114' title='bbox 340 1214 436 1236; x_wconf 88' lang='lat' dir='ltr'><strong>causa</strong></span> <span class='ocrx_word' id='word_1_115' title='bbox 458 1204 649 1243; x_wconf 78' lang='lat' dir='ltr'><strong>ostenditur,</strong></span> <span class='ocrx_word' id='word_1_116' title='bbox 674 1214 733 1236; x_wconf 89' lang='lat' dir='ltr'><strong>cur</strong></span> <span class='ocrx_word' id='word_1_117' title='bbox 754 1204 836 1236; x_wconf 91' lang='lat' dir='ltr'><strong>illud</strong></span> 
     </span>
     <span class='ocr_line' id='line_1_21' title="bbox 90 1246 262 1278; baseline 0.006 -1"><span class='ocrx_word' id='word_1_118' title='bbox 90 1246 191 1278; x_wconf 85' lang='lat' dir='ltr'><strong>malit.</strong></span> <span class='ocrx_word' id='word_1_119' title='bbox 220 1247 262 1278; x_wconf 92' lang='lat' dir='ltr'><strong>D.</strong></span> 
     </span>
    </p>

    <p class='ocr_par' dir='ltr' id='par_1_17' title="bbox 87 1289 838 2427">
     <span class='ocr_line' id='line_1_22' title="bbox 134 1289 836 1331; baseline 0.001 -11"><span class='ocrx_word' id='word_1_120' title='bbox 134 1290 185 1320; x_wconf 87' lang='lat'><strong>25.</strong></span> <span class='ocrx_word' id='word_1_121' title='bbox 211 1291 329 1321; x_wconf 72' lang='lat' dir='ltr'><strong>Ostium</strong></span> <span class='ocrx_word' id='word_1_122' title='bbox 342 1292 447 1321; x_wconf 76' lang='lat' dir='ltr'><strong>obsera</strong></span> <span class='ocrx_word' id='word_1_123' title='bbox 468 1289 568 1331; x_wconf 75' lang='lat' dir='ltr'><strong>intus]</strong></span> <span class='ocrx_word' id='word_1_124' title='bbox 593 1289 708 1321; x_wconf 81' lang='lat' dir='ltr'><strong>Pavidi</strong></span> <span class='ocrx_word' id='word_1_125' title='bbox 729 1289 836 1321; x_wconf 86' lang='lat' dir='ltr'><strong>consi-</strong></span> 
     </span>
     <span class='ocr_line' id='line_1_23' title="bbox 89 1331 836 1374; baseline 0 -11"><span class='ocrx_word' id='word_1_126' title='bbox 89 1331 170 1363; x_wconf 86' lang='lat' dir='ltr'><strong>lium</strong></span> <span class='ocrx_word' id='word_1_127' title='bbox 189 1332 271 1363; x_wconf 89' lang='lat' dir='ltr'><strong>nihil</strong></span> <span class='ocrx_word' id='word_1_128' title='bbox 286 1332 375 1364; x_wconf 83' lang='lat' dir='ltr'><strong>aliud</strong></span> <span class='ocrx_word' id='word_1_129' title='bbox 396 1332 543 1364; x_wconf 89' lang='lat' dir='ltr'><strong>continet</strong></span> <span class='ocrx_word' id='word_1_130' title='bbox 563 1338 638 1374; x_wconf 84' lang='lat' dir='ltr'><strong>post</strong></span> <span class='ocrx_word' id='word_1_131' title='bbox 660 1332 764 1372; x_wconf 81' lang='lat' dir='ltr'><strong>(quam</strong></span> <span class='ocrx_word' id='word_1_132' title='bbox 782 1332 836 1372; x_wconf 93' lang='lat' dir='ltr'><strong>Z.)</strong></span> 
     </span>
     <span class='ocr_line' id='line_1_24' title="bbox 90 1374 836 1416; baseline 0.001 -11"><span class='ocrx_word' id='word_1_133' title='bbox 90 1374 231 1406; x_wconf 82' lang='lat' dir='ltr'><strong>claustra</strong></span> <span class='ocrx_word' id='word_1_134' title='bbox 252 1381 285 1405; x_wconf 89' lang='lat' dir='ltr'><strong>et</strong></span> <span class='ocrx_word' id='word_1_135' title='bbox 306 1374 423 1416; x_wconf 83' lang='lat' dir='ltr'><strong>fugam.</strong></span> <span class='ocrx_word' id='word_1_136' title='bbox 477 1375 563 1405; x_wconf 86' lang='lat' dir='ltr'><strong>Nam</strong></span> <span class='ocrx_word' id='word_1_137' title='bbox 585 1386 655 1406; x_wconf 75' lang='lat' dir='ltr'><strong>sera</strong></span> <span class='ocrx_word' id='word_1_138' title='bbox 676 1381 727 1406; x_wconf 88' lang='lat' dir='ltr'><strong>est</strong></span> <span class='ocrx_word' id='word_1_139' title='bbox 747 1375 836 1406; x_wconf 88' lang='lat' dir='ltr'><strong>clau-</strong></span> 
     </span>
     <span class='ocr_line' id='line_1_25' title="bbox 91 1416 836 1458; baseline 0 -10"><span class='ocrx_word' id='word_1_140' title='bbox 91 1423 194 1448; x_wconf 84' lang='lat' dir='ltr'><strong>strum</strong></span> <span class='ocrx_word' id='word_1_141' title='bbox 200 1418 318 1457; x_wconf 87' lang='lat' dir='ltr'><strong>januae.</strong></span> <span class='ocrx_word' id='word_1_142' title='bbox 347 1419 535 1448; x_wconf 77' lang='lat' dir='ltr'><strong>Transeurro</strong></span> <span class='ocrx_word' id='word_1_143' title='bbox 543 1419 586 1448; x_wconf 85' lang='lat' dir='ltr'><strong>ad</strong></span> <span class='ocrx_word' id='word_1_144' title='bbox 584 1416 707 1458; x_wconf 85' lang='lat' dir='ltr'><strong>sorum]</strong></span> <span class='ocrx_word' id='word_1_145' title='bbox 722 1419 836 1448; x_wconf 76' lang='lat' dir='ltr'><strong>Trans-</strong></span> 
     </span>
     <span class='ocr_line' id='line_1_26' title="bbox 90 1459 837 1501; baseline 0.001 -11"><span class='ocrx_word' id='word_1_146' title='bbox 90 1471 179 1490; x_wconf 81' lang='lat' dir='ltr'><strong>curro</strong></span> <span class='ocrx_word' id='word_1_147' title='bbox 193 1459 286 1497; x_wconf 85' lang='lat' dir='ltr'><strong>dixit,</strong></span> <span class='ocrx_word' id='word_1_148' title='bbox 311 1470 386 1496; x_wconf 87' lang='lat' dir='ltr'><strong>non,</strong></span> <span class='ocrx_word' id='word_1_149' title='bbox 402 1470 490 1491; x_wconf 81' lang='lat' dir='ltr'><strong>curro</strong></span> <span class='ocrx_word' id='word_1_150' title='bbox 503 1472 514 1490; x_wconf 93' lang='lat'><strong>.·</strong></span> <span class='ocrx_word' id='word_1_151' title='bbox 537 1466 574 1490; x_wconf 88' lang='lat' dir='ltr'><strong>ut</strong></span> <span class='ocrx_word' id='word_1_152' title='bbox 595 1459 837 1501; x_wconf 77' lang='lat' dir='ltr'><strong>proximitatem</strong></span> 
     </span>
     <span class='ocr_line' id='line_1_27' title="bbox 90 1501 837 1543; baseline 0.003 -11"><span class='ocrx_word' id='word_1_153' title='bbox 90 1502 149 1532; x_wconf 81' lang='lat' dir='ltr'><strong>fori</strong></span> <span class='ocrx_word' id='word_1_154' title='bbox 161 1502 354 1534; x_wconf 81' lang='lat' dir='ltr'><strong>ostenderet.</strong></span> <span class='ocrx_word' id='word_1_155' title='bbox 379 1502 583 1534; x_wconf 76' lang='lat' dir='ltr'><strong>D.—-0bsera</strong></span> <span class='ocrx_word' id='word_1_156' title='bbox 591 1501 716 1543; x_wconf 75' lang='lat' dir='ltr'><strong>ostium]</strong></span> <span class='ocrx_word' id='word_1_157' title='bbox 728 1504 837 1534; x_wconf 72' lang='lat' dir='ltr'><strong>Ser-are</strong></span> 
     </span>
     <span class='ocr_line' id='line_1_28' title="bbox 90 1545 836 1586; baseline 0.001 -11"><span class='ocrx_word' id='word_1_158' title='bbox 90 1551 141 1575; x_wconf 88' lang='lat' dir='ltr'><strong>est</strong></span> <span class='ocrx_word' id='word_1_159' title='bbox 161 1545 319 1576; x_wconf 83' lang='lat' dir='ltr'><strong>claudere.</strong></span> <span class='ocrx_word' id='word_1_160' title='bbox 367 1545 419 1576; x_wconf 87' lang='lat' dir='ltr'><strong>Ita</strong></span> <span class='ocrx_word' id='word_1_161' title='bbox 439 1545 654 1586; x_wconf 83' lang='lat' dir='ltr'><strong>compositum</strong></span> <span class='ocrx_word' id='word_1_162' title='bbox 676 1546 836 1580; x_wconf 76' lang='lat' dir='ltr'><strong>obserare,-</strong></span> 
     </span>
     <span class='ocr_line' id='line_1_29' title="bbox 91 1587 836 1628; baseline 0 -10"><span class='ocrx_word' id='word_1_163' title='bbox 91 1587 290 1618; x_wconf 87' lang='lat' dir='ltr'><strong>contrarium</strong></span> <span class='ocrx_word' id='word_1_164' title='bbox 317 1593 367 1618; x_wconf 87' lang='lat' dir='ltr'><strong>est</strong></span> <span class='ocrx_word' id='word_1_165' title='bbox 392 1597 479 1624; x_wconf 87' lang='lat' dir='ltr'><strong>vero,</strong></span> <span class='ocrx_word' id='word_1_166' title='bbox 501 1598 647 1624; x_wconf 81' lang='lat' dir='ltr'><strong>reserare,</strong></span> <span class='ocrx_word' id='word_1_167' title='bbox 675 1588 761 1628; x_wconf 91' lang='lat' dir='ltr'><strong>quod</strong></span> <span class='ocrx_word' id='word_1_168' title='bbox 786 1593 836 1619; x_wconf 90' lang='lat' dir='ltr'><strong>est</strong></span> 
     </span>
     <span class='ocr_line' id='line_1_30' title="bbox 89 1629 836 1678; baseline 0 -18"><span class='ocrx_word' id='word_1_169' title='bbox 89 1629 225 1678; x_wconf 85' lang='lat' dir='ltr'><strong>aperire.</strong></span> <span class='ocrx_word' id='word_1_170' title='bbox 252 1630 527 1661; x_wconf 70' lang='lat' dir='ltr'><strong>E.—Tranecur=ro</strong></span> <span class='ocrx_word' id='word_1_171' title='bbox 534 1632 577 1661; x_wconf 87' lang='lat' dir='ltr'><strong>ad</strong></span> <span class='ocrx_word' id='word_1_172' title='bbox 577 1629 699 1670; x_wconf 79' lang='lat' dir='ltr'><strong>forum]</strong></span> <span class='ocrx_word' id='word_1_173' title='bbox 715 1630 755 1660; x_wconf 92' lang='lat' dir='ltr'><strong>ln</strong></span> <span class='ocrx_word' id='word_1_174' title='bbox 767 1629 836 1661; x_wconf 80' lang='lat' dir='ltr'><strong>foro</strong></span> 
     </span>
     <span class='ocr_line' id='line_1_31' title="bbox 89 1672 835 1714; baseline 0.001 -11"><span class='ocrx_word' id='word_1_175' title='bbox 89 1672 244 1703; x_wconf 70' lang='lat' dir='ltr'><strong>nimirum</strong></span> <span class='ocrx_word' id='word_1_176' title='bbox 256 1672 411 1704; x_wconf 79' lang='lat' dir='ltr'><strong>causidici</strong></span> <span class='ocrx_word' id='word_1_177' title='bbox 425 1672 683 1710; x_wconf 79' lang='lat' dir='ltr'><strong>obambulabant,</strong></span> <span class='ocrx_word' id='word_1_178' title='bbox 701 1682 835 1714; x_wconf 87' lang='lat' dir='ltr'><strong>exspec-</strong></span> 
     </span>
     <span class='ocr_line' id='line_1_32' title="bbox 90 1715 837 1756; baseline 0 -10"><span class='ocrx_word' id='word_1_179' title='bbox 90 1721 197 1746; x_wconf 85' lang='lat' dir='ltr'><strong>tantes</strong></span> <span class='ocrx_word' id='word_1_180' title='bbox 208 1715 261 1746; x_wconf 88' lang='lat' dir='ltr'><strong>cui</strong></span> <span class='ocrx_word' id='word_1_181' title='bbox 272 1715 514 1746; x_wconf 87' lang='lat' dir='ltr'><strong>advocationem</strong></span> <span class='ocrx_word' id='word_1_182' title='bbox 529 1715 712 1756; x_wconf 65' lang='lat' dir='ltr'><strong>linguaeque</strong></span> <span class='ocrx_word' id='word_1_183' title='bbox 722 1715 837 1747; x_wconf 88' lang='lat' dir='ltr'><strong>venale</strong></span> 
     </span>
     <span class='ocr_line' id='line_1_33' title="bbox 90 1757 835 1789; baseline 0.001 -1"><span class='ocrx_word' id='word_1_184' title='bbox 90 1757 258 1788; x_wconf 87' lang='lat' dir='ltr'><strong>servitium</strong></span> <span class='ocrx_word' id='word_1_185' title='bbox 278 1757 466 1788; x_wconf 88' lang='lat' dir='ltr'><strong>venderent.</strong></span> <span class='ocrx_word' id='word_1_186' title='bbox 512 1758 564 1789; x_wconf 93' lang='lat' dir='ltr'><strong>De</strong></span> <span class='ocrx_word' id='word_1_187' title='bbox 588 1758 675 1789; x_wconf 88' lang='lat' dir='ltr'><strong>hisce</strong></span> <span class='ocrx_word' id='word_1_188' title='bbox 698 1757 835 1789; x_wconf 80' lang='lat' dir='ltr'><strong>forensi-</strong></span> 
     </span>
     <span class='ocr_line' id='line_1_34' title="bbox 90 1799 834 1831; baseline 0.001 -1"><span class='ocrx_word' id='word_1_189' title='bbox 90 1800 151 1830; x_wconf 94' lang='lat' dir='ltr'><strong>bus</strong></span> <span class='ocrx_word' id='word_1_190' title='bbox 164 1799 314 1831; x_wconf 88' lang='lat' dir='ltr'><strong>Cerberis</strong></span> <span class='ocrx_word' id='word_1_191' title='bbox 330 1800 493 1831; x_wconf 89' lang='lat' dir='ltr'><strong>Ammian.</strong></span> <span class='ocrx_word' id='word_1_192' title='bbox 516 1800 663 1831; x_wconf 84' lang='lat' dir='ltr'><strong>Marcell.</strong></span> <span class='ocrx_word' id='word_1_193' title='bbox 685 1800 740 1831; x_wconf 90' lang='lat' dir='ltr'><strong>lib.</strong></span> <span class='ocrx_word' id='word_1_194' title='bbox 756 1809 834 1831; x_wconf 83' lang='lat' dir='ltr'><strong>xxx.</strong></span> 
     </span>
     <span class='ocr_line' id='line_1_35' title="bbox 96 1844 836 1882; baseline 0.001 -9"><span class='ocrx_word' id='word_1_195' title='bbox 96 1844 204 1873; x_wconf 74' lang='lat' dir='ltr'><strong>Videre</strong></span> <span class='ocrx_word' id='word_1_196' title='bbox 220 1847 266 1873; x_wconf 83' lang='lat' dir='ltr'><strong>est</strong></span> <span class='ocrx_word' id='word_1_197' title='bbox 284 1853 341 1882; x_wconf 78' lang='lat' dir='ltr'><strong>per</strong></span> <span class='ocrx_word' id='word_1_198' title='bbox 354 1853 403 1873; x_wconf 74' lang='lat' dir='ltr'><strong>eos</strong></span> <span class='ocrx_word' id='word_1_199' title='bbox 418 1853 516 1874; x_wconf 70' lang='lat' dir='ltr'><strong>omnes</strong></span> <span class='ocrx_word' id='word_1_200' title='bbox 531 1848 647 1873; x_wconf 79' lang='lat' dir='ltr'><strong>tractus</strong></span> <span class='ocrx_word' id='word_1_201' title='bbox 661 1844 791 1874; x_wconf 77' lang='lat' dir='ltr'><strong>violenta</strong></span> <span class='ocrx_word' id='word_1_202' title='bbox 806 1848 836 1874; x_wconf 82' lang='lat' dir='ltr'><strong>ct</strong></span> 
     </span>
     <span class='ocr_line' id='line_1_36' title="bbox 90 1884 837 1925; baseline 0.001 -10"><span class='ocrx_word' id='word_1_203' title='bbox 90 1887 288 1924; x_wconf 68' lang='lat' dir='ltr'><strong>capacissima</strong></span> <span class='ocrx_word' id='word_1_204' title='bbox 296 1896 410 1925; x_wconf 80' lang='lat' dir='ltr'><strong>genera</strong></span> <span class='ocrx_word' id='word_1_205' title='bbox 423 1887 581 1922; x_wconf 77' lang='lat' dir='ltr'><strong>hominum,</strong></span> <span class='ocrx_word' id='word_1_206' title='bbox 590 1884 729 1924; x_wconf 79' lang='lat' dir='ltr'><strong>persora</strong></span> <span class='ocrx_word' id='word_1_207' title='bbox 737 1888 837 1916; x_wconf 83' lang='lat' dir='ltr'><strong>omnia</strong></span> 
     </span>
     <span class='ocr_line' id='line_1_37' title="bbox 89 1927 838 1965; baseline 0 -7"><span class='ocrx_word' id='word_1_208' title='bbox 89 1929 288 1965; x_wconf 78' lang='lat' dir='ltr'><strong>volitantium,</strong></span> <span class='ocrx_word' id='word_1_209' title='bbox 298 1933 354 1958; x_wconf 86' lang='lat' dir='ltr'><strong>etc.</strong></span> <span class='ocrx_word' id='word_1_210' title='bbox 390 1928 410 1958; x_wconf 82' lang='lat' dir='ltr'>J</span> <span class='ocrx_word' id='word_1_211' title='bbox 414 1927 564 1958; x_wconf 88' lang='lat' dir='ltr'><strong>ustinian.</strong></span> <span class='ocrx_word' id='word_1_212' title='bbox 576 1928 687 1959; x_wconf 90' lang='lat' dir='ltr'><strong>Const.</strong></span> <span class='ocrx_word' id='word_1_213' title='bbox 700 1927 740 1958; x_wconf 93' lang='lat' dir='ltr'><strong>de</strong></span> <span class='ocrx_word' id='word_1_214' title='bbox 752 1937 838 1958; x_wconf 91' lang='lat' dir='ltr'><strong>novo</strong></span> 
     </span>
     <span class='ocr_line' id='line_1_38' title="bbox 91 1969 837 2011; baseline 0.001 -11"><span class='ocrx_word' id='word_1_215' title='bbox 91 1970 160 2000; x_wconf 90' lang='lat' dir='ltr'><strong>cod.</strong></span> <span class='ocrx_word' id='word_1_216' title='bbox 191 1970 250 2001; x_wconf 87' lang='lat' dir='ltr'><strong>fac.</strong></span> <span class='ocrx_word' id='word_1_217' title='bbox 281 1976 314 2000; x_wconf 92' lang='lat' dir='ltr'><strong>et</strong></span> <span class='ocrx_word' id='word_1_218' title='bbox 344 1969 420 2001; x_wconf 84' lang='lat' dir='ltr'><strong>alibi</strong></span> <span class='ocrx_word' id='word_1_219' title='bbox 446 1970 579 2011; x_wconf 87' lang='lat' dir='ltr'><strong>passim.</strong></span> <span class='ocrx_word' id='word_1_220' title='bbox 624 1970 735 2010; x_wconf 83' lang='lat' dir='ltr'><strong>Atque</strong></span> <span class='ocrx_word' id='word_1_221' title='bbox 760 1970 837 2001; x_wconf 90' lang='lat' dir='ltr'><strong>inde</strong></span> 
     </span>
     <span class='ocr_line' id='line_1_39' title="bbox 90 2011 838 2052; baseline 0 -9"><span class='ocrx_word' id='word_1_222' title='bbox 90 2012 188 2043; x_wconf 88' lang='lat' dir='ltr'><strong>etiam</strong></span> <span class='ocrx_word' id='word_1_223' title='bbox 204 2012 344 2052; x_wconf 75' lang='grc' dir='ltr'><strong>ἀγοραῖοι</strong></span> <span class='ocrx_word' id='word_1_224' title='bbox 359 2019 524 2049; x_wconf 87' lang='lat' dir='ltr'><strong>vocantur,</strong></span> <span class='ocrx_word' id='word_1_225' title='bbox 539 2012 614 2043; x_wconf 86' lang='lat' dir='ltr'><strong>licet</strong></span> <span class='ocrx_word' id='word_1_226' title='bbox 624 2011 838 2044; x_wconf 87' lang='lat' dir='ltr'><strong>OEcumenius</strong></span> 
     </span>
     <span class='ocr_line' id='line_1_40' title="bbox 90 2054 838 2095; baseline 0.001 -10"><span class='ocrx_word' id='word_1_227' title='bbox 90 2054 174 2095; x_wconf 71' lang='grc' dir='ltr'><strong>παρὰ</strong></span> <span class='ocrx_word' id='word_1_228' title='bbox 187 2054 226 2086; x_wconf 82' lang='grc' dir='ltr'><strong>τὸ</strong></span> <span class='ocrx_word' id='word_1_229' title='bbox 245 2054 415 2095; x_wconf 74' lang='grc' dir='ltr'><strong><em>ἀγορεύειν,</em></strong></span> <span class='ocrx_word' id='word_1_230' title='bbox 432 2055 450 2086; x_wconf 70' lang='lat' dir='ltr'><strong>t</strong></span> <span class='ocrx_word' id='word_1_231' title='bbox 467 2055 546 2093; x_wconf 73' lang='grc' dir='ltr'><strong><em>ἐστὶ,</em></strong></span> <span class='ocrx_word' id='word_1_232' title='bbox 564 2056 762 2095; x_wconf 74' lang='grc' dir='ltr'><strong><em>δημηγορεῖν,</em></strong></span> <span class='ocrx_word' id='word_1_233' title='bbox 782 2065 838 2086; x_wconf 88' lang='lat' dir='ltr'><strong>eos</strong></span> 
     </span>
     <span class='ocr_line' id='line_1_41' title="bbox 89 2097 836 2139; baseline 0.001 -11"><span class='ocrx_word' id='word_1_234' title='bbox 89 2097 193 2129; x_wconf 81' lang='lat' dir='ltr'><strong>dictos</strong></span> <span class='ocrx_word' id='word_1_235' title='bbox 209 2097 297 2129; x_wconf 88' lang='lat' dir='ltr'><strong>velit.</strong></span> <span class='ocrx_word' id='word_1_236' title='bbox 345 2098 386 2129; x_wconf 87' lang='lat' dir='ltr'><strong>In</strong></span> <span class='ocrx_word' id='word_1_237' title='bbox 403 2099 475 2129; x_wconf 85' lang='lat' dir='ltr'><strong>Act.</strong></span> <span class='ocrx_word' id='word_1_238' title='bbox 498 2098 682 2139; x_wconf 87' lang='lat' dir='ltr'><strong>Apostolor.</strong></span> <span class='ocrx_word' id='word_1_239' title='bbox 701 2108 771 2139; x_wconf 90' lang='lat' dir='ltr'><strong>cap.</strong></span> <span class='ocrx_word' id='word_1_240' title='bbox 789 2100 836 2129; x_wconf 83' lang='grc' dir='ltr'><strong>κθ.</strong></span> 
     </span>
     <span class='ocr_line' id='line_1_42' title="bbox 95 2182 837 2224; baseline 0 -10"><span class='ocrx_word' id='word_1_241' title='bbox 95 2200 100 2204; x_wconf 89' lang='grc'><strong>-</strong></span> <span class='ocrx_word' id='word_1_242' title='bbox 134 2183 185 2214; x_wconf 85' lang='grc'><strong>26.</strong></span> <span class='ocrx_word' id='word_1_243' title='bbox 214 2185 284 2214; x_wconf 85' lang='lat' dir='ltr'><strong>Volo</strong></span> <span class='ocrx_word' id='word_1_244' title='bbox 298 2182 370 2224; x_wconf 83' lang='lat' dir='ltr'><strong>ego]</strong></span> <span class='ocrx_word' id='word_1_245' title='bbox 387 2182 488 2219; x_wconf 83' lang='lat' dir='ltr'><strong>Quasi</strong></span> <span class='ocrx_word' id='word_1_246' title='bbox 503 2183 611 2215; x_wconf 90' lang='lat' dir='ltr'><strong>minus</strong></span> <span class='ocrx_word' id='word_1_247' title='bbox 626 2182 758 2214; x_wconf 85' lang='lat' dir='ltr'><strong>timeat:</strong></span> <span class='ocrx_word' id='word_1_248' title='bbox 783 2194 837 2214; x_wconf 83' lang='lat' dir='ltr'><strong>cu-</strong></span> 
     </span>
     <span class='ocr_line' id='line_1_43' title="bbox 87 2226 836 2266; baseline 0.001 -10"><span class='ocrx_word' id='word_1_249' title='bbox 87 2228 140 2265; x_wconf 80' lang='lat' dir='ltr'><strong>pio</strong></span> <span class='ocrx_word' id='word_1_250' title='bbox 165 2235 230 2257; x_wconf 89' lang='lat' dir='ltr'><strong>non</strong></span> <span class='ocrx_word' id='word_1_251' title='bbox 255 2226 371 2266; x_wconf 85' lang='lat' dir='ltr'><strong>inquit,</strong></span> <span class='ocrx_word' id='word_1_252' title='bbox 394 2226 452 2257; x_wconf 85' lang='lat' dir='ltr'><strong>sed</strong></span> <span class='ocrx_word' id='word_1_253' title='bbox 473 2228 544 2257; x_wconf 83' lang='lat' dir='ltr'><strong>volo.</strong></span> <span class='ocrx_word' id='word_1_254' title='bbox 589 2227 628 2256; x_wconf 85' lang='lat' dir='ltr'><strong>In</strong></span> <span class='ocrx_word' id='word_1_255' title='bbox 650 2228 741 2257; x_wconf 84' lang='lat' dir='ltr'><strong>turba</strong></span> <span class='ocrx_word' id='word_1_256' title='bbox 762 2226 836 2266; x_wconf 83' lang='lat' dir='ltr'><strong>hac]</strong></span> 
     </span>
     <span class='ocr_line' id='line_1_44' title="bbox 93 2268 837 2310; baseline 0 -11"><span class='ocrx_word' id='word_1_257' title='bbox 93 2268 177 2299; x_wconf 90' lang='lat' dir='ltr'><strong>Vide</strong></span> <span class='ocrx_word' id='word_1_258' title='bbox 206 2268 356 2300; x_wconf 86' lang='lat' dir='ltr'><strong>timidum</strong></span> <span class='ocrx_word' id='word_1_259' title='bbox 386 2271 507 2299; x_wconf 80' lang='lat' dir='ltr'><strong>turbam</strong></span> <span class='ocrx_word' id='word_1_260' title='bbox 536 2268 709 2310; x_wconf 86' lang='lat' dir='ltr'><strong>appellare,</strong></span> <span class='ocrx_word' id='word_1_261' title='bbox 741 2279 837 2309; x_wconf 83' lang='lat' dir='ltr'><strong>quam</strong></span> 
     </span>
     <span class='ocr_line' id='line_1_45' title="bbox 91 2311 838 2342; baseline 0 0"><span class='ocrx_word' id='word_1_262' title='bbox 91 2311 207 2342; x_wconf 88' lang='lat' dir='ltr'><strong>mulier</strong></span> <span class='ocrx_word' id='word_1_263' title='bbox 236 2321 302 2342; x_wconf 89' lang='lat' dir='ltr'><strong>non</strong></span> <span class='ocrx_word' id='word_1_264' title='bbox 329 2311 430 2342; x_wconf 86' lang='lat' dir='ltr'><strong>timet.</strong></span> <span class='ocrx_word' id='word_1_265' title='bbox 474 2311 660 2342; x_wconf 78' lang='lat' dir='ltr'><strong>D.-Nobis</strong></span> <span class='ocrx_word' id='word_1_266' title='bbox 686 2314 719 2342; x_wconf 79' lang='lat' dir='ltr'><strong>in</strong></span> <span class='ocrx_word' id='word_1_267' title='bbox 745 2313 838 2342; x_wconf 81' lang='lat' dir='ltr'><strong>turba</strong></span> 
     </span>
     <span class='ocr_line' id='line_1_46' title="bbox 91 2353 836 2394; baseline 0.003 -11"><span class='ocrx_word' id='word_1_268' title='bbox 91 2353 164 2394; x_wconf 79' lang='lat' dir='ltr'><strong>hac]</strong></span> <span class='ocrx_word' id='word_1_269' title='bbox 191 2353 255 2385; x_wconf 80' lang='lat' dir='ltr'><strong>Ms.</strong></span> <span class='ocrx_word' id='word_1_270' title='bbox 282 2354 322 2385; x_wconf 78' lang='lat' dir='ltr'><strong>R.</strong></span> <span class='ocrx_word' id='word_1_271' title='bbox 343 2355 502 2385; x_wconf 74' lang='lat' dir='ltr'><strong>advocatos</strong></span> <span class='ocrx_word' id='word_1_272' title='bbox 524 2355 618 2385; x_wconf 71' lang='lat' dir='ltr'><strong>nobis.</strong></span> <span class='ocrx_word' id='word_1_273' title='bbox 669 2355 703 2385; x_wconf 82' lang='lat' dir='ltr'><strong>T.</strong></span> <span class='ocrx_word' id='word_1_274' title='bbox 731 2355 836 2392; x_wconf 85' lang='lat' dir='ltr'><strong>Mane,</strong></span> 
     </span>
     <span class='ocr_line' id='line_1_47' title="bbox 91 2397 255 2427; baseline 0 -1"><span class='ocrx_word' id='word_1_275' title='bbox 91 2406 185 2427; x_wconf 77' lang='lat' dir='ltr'><strong>mane.</strong></span> <span class='ocrx_word' id='word_1_276' title='bbox 216 2397 255 2427; x_wconf 89' lang='lat' dir='ltr'><strong>L.</strong></span> 
     </span>
    </p>

    <p class='ocr_par' dir='ltr' id='par_1_18' title="bbox 88 2438 839 2944">
     <span class='ocr_line' id='line_1_48' title="bbox 136 2438 835 2480; baseline 0.001 -11"><span class='ocrx_word' id='word_1_277' title='bbox 136 2439 187 2470; x_wconf 86' lang='lat'><strong>27.</strong></span> <span class='ocrx_word' id='word_1_278' title='bbox 217 2440 330 2470; x_wconf 71' lang='lat' dir='ltr'><strong>Melius</strong></span> <span class='ocrx_word' id='word_1_279' title='bbox 351 2438 413 2480; x_wconf 75' lang='lat' dir='ltr'><strong>est]</strong></span> <span class='ocrx_word' id='word_1_280' title='bbox 439 2439 538 2480; x_wconf 81' lang='lat' dir='ltr'><strong>Fugae</strong></span> <span class='ocrx_word' id='word_1_281' title='bbox 557 2438 736 2479; x_wconf 82' lang='lat' dir='ltr'><strong>(Fugiendi‚</strong></span> <span class='ocrx_word' id='word_1_282' title='bbox 758 2438 835 2470; x_wconf 93' lang='lat' dir='ltr'><strong>libb.</strong></span> 
     </span>
     <span class='ocr_line' id='line_1_49' title="bbox 92 2479 835 2523; baseline 0.001 -12"><span class='ocrx_word' id='word_1_283' title='bbox 92 2479 188 2519; x_wconf 85' lang='lat' dir='ltr'><strong>vett.)</strong></span> <span class='ocrx_word' id='word_1_284' title='bbox 203 2481 403 2512; x_wconf 75' lang='lat' dir='ltr'><strong>occasionem</strong></span> <span class='ocrx_word' id='word_1_285' title='bbox 425 2481 478 2512; x_wconf 90' lang='lat' dir='ltr'><strong>hic</strong></span> <span class='ocrx_word' id='word_1_286' title='bbox 492 2481 584 2523; x_wconf 86' lang='lat' dir='ltr'><strong>cupit</strong></span> <span class='ocrx_word' id='word_1_287' title='bbox 598 2481 678 2513; x_wconf 87' lang='lat' dir='ltr'><strong>dari.</strong></span> <span class='ocrx_word' id='word_1_288' title='bbox 723 2481 835 2522; x_wconf 82' lang='lat' dir='ltr'><strong>Mane]</strong></span> 
     </span>
     <span class='ocr_line' id='line_1_50' title="bbox 94 2522 837 2565; baseline 0.003 -12"><span class='ocrx_word' id='word_1_289' title='bbox 94 2522 179 2559; x_wconf 81' lang='lat' dir='ltr'><strong>Hoc,</strong></span> <span class='ocrx_word' id='word_1_290' title='bbox 202 2531 295 2563; x_wconf 84' lang='lat' dir='ltr'><strong>gestu</strong></span> <span class='ocrx_word' id='word_1_291' title='bbox 312 2525 379 2563; x_wconf 83' lang='lat' dir='ltr'><strong>jam</strong></span> <span class='ocrx_word' id='word_1_292' title='bbox 401 2524 580 2564; x_wconf 84' lang='lat' dir='ltr'><strong>adjuvatur.</strong></span> <span class='ocrx_word' id='word_1_293' title='bbox 630 2525 752 2561; x_wconf 77' lang='lat' dir='ltr'><strong>Omitte,</strong></span> <span class='ocrx_word' id='word_1_294' title='bbox 765 2524 837 2565; x_wconf 86' lang='lat' dir='ltr'><strong>jam</strong></span> 
     </span>
     <span class='ocr_line' id='line_1_51' title="bbox 93 2564 835 2608; baseline 0.004 -13"><span class='ocrx_word' id='word_1_295' title='bbox 93 2564 202 2605; x_wconf 79' lang='lat' dir='ltr'><strong>adero]</strong></span> <span class='ocrx_word' id='word_1_296' title='bbox 216 2565 269 2596; x_wconf 87' lang='lat' dir='ltr'><strong>Ex</strong></span> <span class='ocrx_word' id='word_1_297' title='bbox 277 2565 373 2605; x_wconf 77' lang='lat' dir='ltr'><strong>huJus</strong></span> <span class='ocrx_word' id='word_1_298' title='bbox 382 2565 488 2606; x_wconf 76' lang='lat' dir='ltr'><strong>(forte,</strong></span> <span class='ocrx_word' id='word_1_299' title='bbox 502 2566 599 2606; x_wconf 72' lang='lat' dir='ltr'><strong>hisce)</strong></span> <span class='ocrx_word' id='word_1_300' title='bbox 612 2566 719 2598; x_wconf 88' lang='lat' dir='ltr'><strong>verbis</strong></span> <span class='ocrx_word' id='word_1_301' title='bbox 734 2577 835 2608; x_wconf 84' lang='lat' dir='ltr'><strong>appa-</strong></span> 
     </span>
     <span class='ocr_line' id='line_1_52' title="bbox 92 2607 835 2650; baseline 0.003 -12"><span class='ocrx_word' id='word_1_302' title='bbox 92 2613 151 2644; x_wconf 88' lang='lat' dir='ltr'><strong>ret,</strong></span> <span class='ocrx_word' id='word_1_303' title='bbox 165 2607 263 2638; x_wconf 81' lang='lat' dir='ltr'><strong>etiam</strong></span> <span class='ocrx_word' id='word_1_304' title='bbox 278 2618 376 2639; x_wconf 87' lang='lat' dir='ltr'><strong>manu</strong></span> <span class='ocrx_word' id='word_1_305' title='bbox 389 2609 657 2650; x_wconf 84' lang='lat' dir='ltr'><strong>comprehensum</strong></span> <span class='ocrx_word' id='word_1_306' title='bbox 673 2620 743 2641; x_wconf 88' lang='lat' dir='ltr'><strong>esse</strong></span> <span class='ocrx_word' id='word_1_307' title='bbox 757 2610 835 2640; x_wconf 82' lang='lat' dir='ltr'><strong>ado-</strong></span> 
     </span>
     <span class='ocr_line' id='line_1_53' title="bbox 92 2650 836 2692; baseline 0.004 -12"><span class='ocrx_word' id='word_1_308' title='bbox 92 2650 277 2681; x_wconf 87' lang='lat' dir='ltr'><strong>lescentem.</strong></span> <span class='ocrx_word' id='word_1_309' title='bbox 325 2652 445 2689; x_wconf 78' lang='lat' dir='ltr'><strong>Omitte,</strong></span> <span class='ocrx_word' id='word_1_310' title='bbox 455 2651 526 2691; x_wconf 82' lang='lat' dir='ltr'><strong>jam</strong></span> <span class='ocrx_word' id='word_1_311' title='bbox 540 2653 611 2682; x_wconf 73' lang='lat' dir='ltr'><strong>istic</strong></span> <span class='ocrx_word' id='word_1_312' title='bbox 626 2651 734 2692; x_wconf 83' lang='lat' dir='ltr'><strong>adero]</strong></span> <span class='ocrx_word' id='word_1_313' title='bbox 750 2652 836 2688; x_wconf 84' lang='lat' dir='ltr'><strong>Quia</strong></span> 
     </span>
     <span class='ocr_line' id='line_1_54' title="bbox 91 2692 836 2734; baseline 0.004 -11"><span class='ocrx_word' id='word_1_314' title='bbox 91 2702 221 2723; x_wconf 84' lang='lat' dir='ltr'><strong>causam</strong></span> <span class='ocrx_word' id='word_1_315' title='bbox 235 2692 366 2734; x_wconf 84' lang='lat' dir='ltr'><strong>probari</strong></span> <span class='ocrx_word' id='word_1_316' title='bbox 381 2703 446 2724; x_wconf 85' lang='lat' dir='ltr'><strong>non</strong></span> <span class='ocrx_word' id='word_1_317' title='bbox 458 2693 555 2730; x_wconf 84' lang='lat' dir='ltr'><strong>videt,</strong></span> <span class='ocrx_word' id='word_1_318' title='bbox 570 2693 769 2726; x_wconf 85' lang='lat' dir='ltr'><strong>celeritatem</strong></span> <span class='ocrx_word' id='word_1_319' title='bbox 782 2705 836 2726; x_wconf 89' lang='lat' dir='ltr'><strong>re-</strong></span> 
     </span>
     <span class='ocr_line' id='line_1_55' title="bbox 92 2735 836 2778; baseline 0.004 -13"><span class='ocrx_word' id='word_1_320' title='bbox 92 2735 213 2766; x_wconf 88' lang='lat' dir='ltr'><strong>deundi</strong></span> <span class='ocrx_word' id='word_1_321' title='bbox 240 2735 420 2776; x_wconf 86' lang='lat' dir='ltr'><strong>pollicetur.</strong></span> <span class='ocrx_word' id='word_1_322' title='bbox 464 2736 556 2766; x_wconf 79' lang='lat' dir='ltr'><strong>Nihil</strong></span> <span class='ocrx_word' id='word_1_323' title='bbox 577 2747 650 2776; x_wconf 77' lang='lat' dir='ltr'><strong>opus</strong></span> <span class='ocrx_word' id='word_1_324' title='bbox 676 2742 722 2768; x_wconf 73' lang='lat' dir='ltr'><strong>est</strong></span> <span class='ocrx_word' id='word_1_325' title='bbox 748 2736 836 2778; x_wconf 70' lang='lat' dir='ltr'><strong>istis]</strong></span> 
     </span>
     <span class='ocr_line' id='line_1_56' title="bbox 91 2777 838 2815; baseline 0.003 -7"><span class='ocrx_word' id='word_1_326' title='bbox 91 2779 177 2815; x_wconf 70' lang='lat' dir='ltr'><strong>Istis,</strong></span> <span class='ocrx_word' id='word_1_327' title='bbox 205 2786 314 2808; x_wconf 85' lang='lat' dir='ltr'><strong>utrum</strong></span> <span class='ocrx_word' id='word_1_328' title='bbox 336 2777 509 2814; x_wconf 83' lang='lat' dir='ltr'><strong>advocatis,</strong></span> <span class='ocrx_word' id='word_1_329' title='bbox 531 2787 574 2808; x_wconf 83' lang='lat' dir='ltr'><strong>an</strong></span> <span class='ocrx_word' id='word_1_330' title='bbox 595 2777 667 2809; x_wconf 85' lang='lat' dir='ltr'><strong>istis</strong></span> <span class='ocrx_word' id='word_1_331' title='bbox 688 2779 838 2810; x_wconf 87' lang='lat' dir='ltr'><strong>omnibus</strong></span> 
     </span>
     <span class='ocr_line' id='line_1_57' title="bbox 91 2819 838 2862; baseline 0.001 -11"><span class='ocrx_word' id='word_1_332' title='bbox 91 2830 163 2861; x_wconf 84' lang='lat' dir='ltr'><strong>quae</strong></span> <span class='ocrx_word' id='word_1_333' title='bbox 178 2819 314 2851; x_wconf 73' lang='lat' dir='ltr'><strong>dixisti?</strong></span> <span class='ocrx_word' id='word_1_334' title='bbox 355 2819 515 2860; x_wconf 89' lang='lat' dir='ltr'><strong>(Dubium</strong></span> <span class='ocrx_word' id='word_1_335' title='bbox 539 2830 604 2851; x_wconf 88' lang='lat' dir='ltr'><strong>non</strong></span> <span class='ocrx_word' id='word_1_336' title='bbox 619 2826 678 2858; x_wconf 87' lang='lat' dir='ltr'><strong>est,</strong></span> <span class='ocrx_word' id='word_1_337' title='bbox 694 2821 772 2862; x_wconf 88' lang='lat' dir='ltr'><strong>quin</strong></span> <span class='ocrx_word' id='word_1_338' title='bbox 794 2821 838 2852; x_wconf 84' lang='lat' dir='ltr'><strong>sit</strong></span> 
     </span>
     <span class='ocr_line' id='line_1_58' title="bbox 93 2862 839 2904; baseline 0.001 -10"><span class='ocrx_word' id='word_1_339' title='bbox 93 2873 198 2894; x_wconf 81' lang='lat' dir='ltr'><strong>sermo</strong></span> <span class='ocrx_word' id='word_1_340' title='bbox 214 2863 254 2894; x_wconf 92' lang='lat' dir='ltr'><strong>de</strong></span> <span class='ocrx_word' id='word_1_341' title='bbox 276 2862 468 2902; x_wconf 85' lang='lat' dir='ltr'><strong>advocatis).</strong></span> <span class='ocrx_word' id='word_1_342' title='bbox 513 2862 681 2904; x_wconf 80' lang='lat' dir='ltr'><strong>Virgilius,</strong></span> <span class='ocrx_word' id='word_1_343' title='bbox 694 2869 749 2895; x_wconf 79' lang='lat' dir='ltr'><strong>aut</strong></span> <span class='ocrx_word' id='word_1_344' title='bbox 763 2866 839 2904; x_wconf 78' lang='lat' dir='ltr'><strong>quid</strong></span> 
     </span>
     <span class='ocr_line' id='line_1_59' title="bbox 88 2905 592 2944; baseline 0 -8"><span class='ocrx_word' id='word_1_345' title='bbox 88 2907 169 2944; x_wconf 79' lang='lat' dir='ltr'><strong>petis</strong></span> <span class='ocrx_word' id='word_1_346' title='bbox 184 2908 278 2936; x_wconf 75' lang='lat' dir='ltr'><strong>istis?</strong></span> <span class='ocrx_word' id='word_1_347' title='bbox 314 2905 389 2936; x_wconf 86' lang='lat' dir='ltr'><strong>AEn.</strong></span> <span class='ocrx_word' id='word_1_348' title='bbox 406 2905 450 2936; x_wconf 86' lang='lat' dir='ltr'><strong>ix.</strong></span> <span class='ocrx_word' id='word_1_349' title='bbox 466 2906 518 2936; x_wconf 76' lang='lat'><strong>94.</strong></span> <span class='ocrx_word' id='word_1_350' title='bbox 550 2905 592 2936; x_wconf 92' lang='lat' dir='ltr'><strong>D.</strong></span> 
     </span>
    </p>

    <p class='ocr_par' dir='ltr' id='par_1_19' title="bbox 90 2949 837 3032">
     <span class='ocr_line' id='line_1_60' title="bbox 136 2949 837 2985; baseline 0.003 -7"><span class='ocrx_word' id='word_1_351' title='bbox 136 2949 187 2978; x_wconf 84' lang='lat'><strong>28.</strong></span> <span class='ocrx_word' id='word_1_352' title='bbox 223 2950 290 2979; x_wconf 84' lang='lat' dir='ltr'><strong>Hoc</strong></span> <span class='ocrx_word' id='word_1_353' title='bbox 311 2950 362 2978; x_wconf 79' lang='lat' dir='ltr'><strong>dic</strong></span> <span class='ocrx_word' id='word_1_354' title='bbox 384 2950 476 2985; x_wconf 82' lang='lat' dir='ltr'><strong>modo,</strong></span> <span class='ocrx_word' id='word_1_355' title='bbox 498 2959 627 2979; x_wconf 66' lang='lat' dir='ltr'><strong>sororem</strong></span> <span class='ocrx_word' id='word_1_356' title='bbox 648 2950 733 2979; x_wconf 77' lang='lat' dir='ltr'><strong>illam</strong></span> <span class='ocrx_word' id='word_1_357' title='bbox 755 2954 837 2980; x_wconf 81' lang='lat' dir='ltr'><strong>tuam</strong></span> 
     </span>
     <span class='ocr_line' id='line_1_61' title="bbox 90 2989 836 3032; baseline 0.003 -11"><span class='ocrx_word' id='word_1_358' title='bbox 90 2989 171 3031; x_wconf 72' lang='lat' dir='ltr'><strong>use]</strong></span> <span class='ocrx_word' id='word_1_359' title='bbox 189 2991 313 3022; x_wconf 86' lang='lat' dir='ltr'><strong>Ordine</strong></span> <span class='ocrx_word' id='word_1_360' title='bbox 328 2997 378 3023; x_wconf 83' lang='lat' dir='ltr'><strong>est</strong></span> <span class='ocrx_word' id='word_1_361' title='bbox 391 2998 581 3023; x_wconf 76' lang='lat' dir='ltr'><strong>exsecutus:</strong></span> <span class='ocrx_word' id='word_1_362' title='bbox 605 2990 710 3032; x_wconf 89' lang='lat' dir='ltr'><strong>primo</strong></span> <span class='ocrx_word' id='word_1_363' title='bbox 728 2998 836 3023; x_wconf 85' lang='lat' dir='ltr'><strong>utrum</strong></span> 
     </span>
    </p>
   </div>
   <div class='ocr_carea' id='block_1_17' title="bbox 875 1119 1630 2992">
    <p class='ocr_par' dir='ltr' id='par_1_20' title="bbox 878 1119 1630 1533">
     <span class='ocr_line' id='line_1_62' title="bbox 878 1119 1627 1161; baseline 0.003 -11"><span class='ocrx_word' id='word_1_364' title='bbox 878 1129 1050 1161; x_wconf 83' lang='lat' dir='ltr'><strong>personam</strong></span> <span class='ocrx_word' id='word_1_365' title='bbox 1071 1119 1198 1157; x_wconf 87' lang='lat' dir='ltr'><strong>habeat,</strong></span> <span class='ocrx_word' id='word_1_366' title='bbox 1214 1121 1265 1150; x_wconf 84' lang='lat' dir='ltr'><strong>dic</strong></span> <span class='ocrx_word' id='word_1_367' title='bbox 1285 1130 1424 1156; x_wconf 76' lang='lat' dir='ltr'><strong>sororem,</strong></span> <span class='ocrx_word' id='word_1_368' title='bbox 1447 1119 1563 1160; x_wconf 89' lang='lat' dir='ltr'><strong>inquit,</strong></span> <span class='ocrx_word' id='word_1_369' title='bbox 1585 1123 1627 1152; x_wconf 86' lang='lat' dir='ltr'><strong>il-</strong></span> 
     </span>
     <span class='ocr_line' id='line_1_63' title="bbox 879 1162 1630 1204; baseline 0.001 -11"><span class='ocrx_word' id='word_1_370' title='bbox 879 1164 940 1193; x_wconf 84' lang='lat' dir='ltr'><strong>lam</strong></span> <span class='ocrx_word' id='word_1_371' title='bbox 955 1167 1038 1193; x_wconf 81' lang='lat' dir='ltr'><strong>tuam</strong></span> <span class='ocrx_word' id='word_1_372' title='bbox 1052 1172 1124 1193; x_wconf 71' lang='lat' dir='ltr'><strong>esse.</strong></span> <span class='ocrx_word' id='word_1_373' title='bbox 1171 1162 1291 1193; x_wconf 88' lang='lat' dir='ltr'><strong>Utrum</strong></span> <span class='ocrx_word' id='word_1_374' title='bbox 1313 1162 1480 1204; x_wconf 84' lang='lat' dir='ltr'><strong>negotium</strong></span> <span class='ocrx_word' id='word_1_375' title='bbox 1502 1163 1630 1201; x_wconf 85' lang='lat' dir='ltr'><strong>habeat,</strong></span> 
     </span>
     <span class='ocr_line' id='line_1_64' title="bbox 879 1205 1627 1245; baseline 0.001 -9"><span class='ocrx_word' id='word_1_376' title='bbox 879 1210 910 1236; x_wconf 87' lang='lat' dir='ltr'><strong>et</strong></span> <span class='ocrx_word' id='word_1_377' title='bbox 933 1210 962 1236; x_wconf 86' lang='lat' dir='ltr'><strong>te</strong></span> <span class='ocrx_word' id='word_1_378' title='bbox 980 1215 1109 1244; x_wconf 81' lang='lat' dir='ltr'><strong>parvam</strong></span> <span class='ocrx_word' id='word_1_379' title='bbox 1125 1207 1273 1245; x_wconf 72' lang='lat' dir='ltr'><strong>virginera</strong></span> <span class='ocrx_word' id='word_1_380' title='bbox 1287 1207 1433 1237; x_wconf 65' lang='lat' dir='ltr'><strong>amisisse.</strong></span> <span class='ocrx_word' id='word_1_381' title='bbox 1478 1205 1547 1237; x_wconf 89' lang='lat' dir='ltr'><strong>Cur</strong></span> <span class='ocrx_word' id='word_1_382' title='bbox 1567 1206 1627 1237; x_wconf 90' lang='lat' dir='ltr'><strong>ho-</strong></span> 
     </span>
     <span class='ocr_line' id='line_1_65' title="bbox 879 1247 1627 1290; baseline 0.003 -12"><span class='ocrx_word' id='word_1_383' title='bbox 879 1247 932 1278; x_wconf 89' lang='lat' dir='ltr'><strong>die</strong></span> <span class='ocrx_word' id='word_1_384' title='bbox 959 1253 1042 1288; x_wconf 86' lang='lat' dir='ltr'><strong>agat,</strong></span> <span class='ocrx_word' id='word_1_385' title='bbox 1070 1259 1149 1278; x_wconf 84' lang='lat' dir='ltr'><strong>nunc</strong></span> <span class='ocrx_word' id='word_1_386' title='bbox 1175 1259 1323 1289; x_wconf 73' lang='lat' dir='ltr'><strong>cognosce.</strong></span> <span class='ocrx_word' id='word_1_387' title='bbox 1366 1248 1412 1279; x_wconf 91' lang='lat' dir='ltr'><strong>Et</strong></span> <span class='ocrx_word' id='word_1_388' title='bbox 1437 1248 1525 1280; x_wconf 90' lang='lat' dir='ltr'><strong>unde</strong></span> <span class='ocrx_word' id='word_1_389' title='bbox 1550 1259 1627 1290; x_wconf 88' lang='lat' dir='ltr'><strong>pro-</strong></span> 
     </span>
     <span class='ocr_line' id='line_1_66' title="bbox 881 1290 1627 1333; baseline 0.003 -12"><span class='ocrx_word' id='word_1_390' title='bbox 881 1290 945 1327; x_wconf 89' lang='lat' dir='ltr'><strong>bet,</strong></span> <span class='ocrx_word' id='word_1_391' title='bbox 960 1292 1050 1331; x_wconf 72' lang='lat' dir='ltr'><strong>signa</strong></span> <span class='ocrx_word' id='word_1_392' title='bbox 1071 1292 1202 1321; x_wconf 75' lang='lat' dir='ltr'><strong>ostende.</strong></span> <span class='ocrx_word' id='word_1_393' title='bbox 1248 1291 1331 1321; x_wconf 80' lang='lat' dir='ltr'><strong>Haec</strong></span> <span class='ocrx_word' id='word_1_394' title='bbox 1352 1291 1462 1322; x_wconf 88' lang='lat' dir='ltr'><strong>omnia</strong></span> <span class='ocrx_word' id='word_1_395' title='bbox 1481 1291 1528 1323; x_wconf 89' lang='lat' dir='ltr'><strong>sic</strong></span> <span class='ocrx_word' id='word_1_396' title='bbox 1551 1302 1627 1333; x_wconf 88' lang='lat' dir='ltr'><strong>pro-</strong></span> 
     </span>
     <span class='ocr_line' id='line_1_67' title="bbox 882 1332 1629 1373; baseline 0.003 -10"><span class='ocrx_word' id='word_1_397' title='bbox 882 1332 1066 1363; x_wconf 84' lang='lat' dir='ltr'><strong>nuncianda</strong></span> <span class='ocrx_word' id='word_1_398' title='bbox 1095 1338 1181 1369; x_wconf 85' lang='lat' dir='ltr'><strong>sunt,</strong></span> <span class='ocrx_word' id='word_1_399' title='bbox 1215 1338 1253 1364; x_wconf 88' lang='lat' dir='ltr'><strong>ut</strong></span> <span class='ocrx_word' id='word_1_400' title='bbox 1286 1340 1319 1364; x_wconf 87' lang='lat' dir='ltr'><strong>et</strong></span> <span class='ocrx_word' id='word_1_401' title='bbox 1351 1334 1440 1373; x_wconf 84' lang='lat' dir='ltr'><strong>justa</strong></span> <span class='ocrx_word' id='word_1_402' title='bbox 1472 1339 1506 1365; x_wconf 90' lang='lat' dir='ltr'><strong>et</strong></span> <span class='ocrx_word' id='word_1_403' title='bbox 1540 1334 1629 1366; x_wconf 80' lang='lat' dir='ltr'><strong>factu</strong></span> 
     </span>
     <span class='ocr_line' id='line_1_68' title="bbox 881 1374 1628 1408; baseline 0.004 -3"><span class='ocrx_word' id='word_1_404' title='bbox 881 1374 989 1406; x_wconf 83' lang='lat' dir='ltr'><strong>facilia</strong></span> <span class='ocrx_word' id='word_1_405' title='bbox 1013 1374 1285 1406; x_wconf 79' lang='lat' dir='ltr'><strong>demonstrentur.</strong></span> <span class='ocrx_word' id='word_1_406' title='bbox 1331 1376 1536 1407; x_wconf 85' lang='lat' dir='ltr'><strong>D.—Nostri</strong></span> <span class='ocrx_word' id='word_1_407' title='bbox 1561 1377 1628 1408; x_wconf 87' lang='lat' dir='ltr'><strong>col·</strong></span> 
     </span>
     <span class='ocr_line' id='line_1_69' title="bbox 880 1417 1627 1455; baseline 0.003 -7"><span class='ocrx_word' id='word_1_408' title='bbox 880 1417 999 1455; x_wconf 87' lang='lat' dir='ltr'><strong>locant,</strong></span> <span class='ocrx_word' id='word_1_409' title='bbox 1021 1428 1151 1449; x_wconf 73' lang='lat' dir='ltr'><strong>sororem</strong></span> <span class='ocrx_word' id='word_1_410' title='bbox 1176 1428 1240 1449; x_wconf 79' lang='lat' dir='ltr'><strong>esse</strong></span> <span class='ocrx_word' id='word_1_411' title='bbox 1262 1419 1347 1450; x_wconf 78' lang='lat' dir='ltr'><strong>illam</strong></span> <span class='ocrx_word' id='word_1_412' title='bbox 1371 1424 1464 1449; x_wconf 82' lang='lat' dir='ltr'><strong>tuam.</strong></span> <span class='ocrx_word' id='word_1_413' title='bbox 1514 1419 1627 1450; x_wconf 85' lang='lat' dir='ltr'><strong>Recte.</strong></span> 
     </span>
     <span class='ocr_line' id='line_1_70' title="bbox 881 1460 1629 1499; baseline 0.004 -9"><span class='ocrx_word' id='word_1_414' title='bbox 881 1460 978 1497; x_wconf 89' lang='lat' dir='ltr'><strong>Nam,</strong></span> <span class='ocrx_word' id='word_1_415' title='bbox 1012 1461 1097 1491; x_wconf 63' lang='lat' dir='ltr'><strong>illam</strong></span> <span class='ocrx_word' id='word_1_416' title='bbox 1123 1465 1207 1492; x_wconf 85' lang='lat' dir='ltr'><strong>tuam</strong></span> <span class='ocrx_word' id='word_1_417' title='bbox 1228 1471 1301 1499; x_wconf 73' lang='lat' dir='ltr'><strong>esse,</strong></span> <span class='ocrx_word' id='word_1_418' title='bbox 1328 1461 1412 1492; x_wconf 87' lang='lat' dir='ltr'><strong>male</strong></span> <span class='ocrx_word' id='word_1_419' title='bbox 1438 1461 1526 1492; x_wconf 87' lang='lat' dir='ltr'><strong>acuit</strong></span> <span class='ocrx_word' id='word_1_420' title='bbox 1551 1462 1629 1493; x_wconf 89' lang='lat' dir='ltr'><strong>ulti-</strong></span> 
     </span>
     <span class='ocr_line' id='line_1_71' title="bbox 879 1503 1042 1533; baseline 0 0"><span class='ocrx_word' id='word_1_421' title='bbox 879 1512 974 1533; x_wconf 87' lang='lat' dir='ltr'><strong>mam.</strong></span> <span class='ocrx_word' id='word_1_422' title='bbox 1003 1503 1042 1533; x_wconf 89' lang='grc' dir='ltr'><strong>Β.</strong></span> 
     </span>
    </p>

    <p class='ocr_par' dir='ltr' id='par_1_21' title="bbox 879 1545 1628 1704">
     <span class='ocr_line' id='line_1_72' title="bbox 923 1545 1626 1588; baseline 0.003 -12"><span class='ocrx_word' id='word_1_423' title='bbox 923 1546 975 1576; x_wconf 84' lang='grc'><strong>30.</strong></span> <span class='ocrx_word' id='word_1_424' title='bbox 999 1547 1034 1576; x_wconf 70' lang='grc' dir='ltr'><strong>δι’</strong></span> <span class='ocrx_word' id='word_1_425' title='bbox 1048 1545 1224 1585; x_wconf 77' lang='lat' dir='ltr'><strong>vimfaeiet,</strong></span> <span class='ocrx_word' id='word_1_426' title='bbox 1240 1545 1337 1585; x_wconf 79' lang='lat' dir='ltr'><strong>injus</strong></span> <span class='ocrx_word' id='word_1_427' title='bbox 1348 1548 1451 1577; x_wconf 83' lang='lat' dir='ltr'><strong>ducito</strong></span> <span class='ocrx_word' id='word_1_428' title='bbox 1464 1547 1626 1588; x_wconf 75' lang='lat' dir='ltr'><strong>hominem]</strong></span> 
     </span>
     <span class='ocr_line' id='line_1_73' title="bbox 881 1587 1628 1628; baseline 0.004 -10"><span class='ocrx_word' id='word_1_429' title='bbox 881 1587 933 1618; x_wconf 59' lang='lat' dir='ltr'><strong>Et*</strong></span> <span class='ocrx_word' id='word_1_430' title='bbox 949 1593 1054 1619; x_wconf 86' lang='lat' dir='ltr'><strong>recte:</strong></span> <span class='ocrx_word' id='word_1_431' title='bbox 1090 1587 1166 1628; x_wconf 84' lang='lat' dir='ltr'><strong>quia</strong></span> <span class='ocrx_word' id='word_1_432' title='bbox 1190 1587 1332 1619; x_wconf 86' lang='lat' dir='ltr'><strong>violento</strong></span> <span class='ocrx_word' id='word_1_433' title='bbox 1353 1588 1495 1620; x_wconf 84' lang='lat' dir='ltr'><strong>civiliter</strong></span> <span class='ocrx_word' id='word_1_434' title='bbox 1519 1590 1628 1621; x_wconf 87' lang='lat' dir='ltr'><strong>resisti</strong></span> 
     </span>
     <span class='ocr_line' id='line_1_74' title="bbox 880 1629 1626 1673; baseline 0.004 -12"><span class='ocrx_word' id='word_1_435' title='bbox 880 1630 971 1661; x_wconf 91' lang='lat' dir='ltr'><strong>solet.</strong></span> <span class='ocrx_word' id='word_1_436' title='bbox 1001 1630 1128 1661; x_wconf 83' lang='lat' dir='ltr'><strong>D.-—In</strong></span> <span class='ocrx_word' id='word_1_437' title='bbox 1135 1631 1193 1671; x_wconf 75' lang='lat' dir='ltr'><strong>jus</strong></span> <span class='ocrx_word' id='word_1_438' title='bbox 1208 1629 1326 1671; x_wconf 80' lang='lat' dir='ltr'><strong>ducito]</strong></span> <span class='ocrx_word' id='word_1_439' title='bbox 1343 1631 1398 1662; x_wconf 90' lang='lat' dir='ltr'><strong>Ad</strong></span> <span class='ocrx_word' id='word_1_440' title='bbox 1408 1631 1514 1663; x_wconf 85' lang='lat' dir='ltr'><strong>forum</strong></span> <span class='ocrx_word' id='word_1_441' title='bbox 1528 1631 1564 1663; x_wconf 88' lang='lat' dir='ltr'><strong>in</strong></span> <span class='ocrx_word' id='word_1_442' title='bbox 1572 1634 1626 1673; x_wconf 89' lang='lat' dir='ltr'><strong>ju-</strong></span> 
     </span>
     <span class='ocr_line' id='line_1_75' title="bbox 879 1672 1082 1704; baseline 0 -1"><span class='ocrx_word' id='word_1_443' title='bbox 879 1672 1010 1704; x_wconf 87' lang='lat' dir='ltr'><strong>dicium.</strong></span> <span class='ocrx_word' id='word_1_444' title='bbox 1043 1673 1082 1703; x_wconf 92' lang='lat' dir='ltr'><strong>E.</strong></span> 
     </span>
    </p>

    <p class='ocr_par' dir='ltr' id='par_1_22' title="bbox 875 1716 1629 2726">
     <span class='ocr_line' id='line_1_76' title="bbox 923 1716 1626 1758; baseline 0.003 -12"><span class='ocrx_word' id='word_1_445' title='bbox 923 1716 974 1746; x_wconf 90' lang='lat'><strong>31.</strong></span> <span class='ocrx_word' id='word_1_446' title='bbox 1007 1717 1072 1747; x_wconf 82' lang='lat' dir='ltr'><strong>Fac</strong></span> <span class='ocrx_word' id='word_1_447' title='bbox 1094 1718 1194 1747; x_wconf 76' lang='lat' dir='ltr'><strong>ana&#39;mo</strong></span> <span class='ocrx_word' id='word_1_448' title='bbox 1219 1718 1283 1747; x_wconf 78' lang='lat' dir='ltr'><strong>haec</strong></span> <span class='ocrx_word' id='word_1_449' title='bbox 1305 1721 1340 1747; x_wconf 82' lang='lat' dir='ltr'><strong>ut</strong></span> <span class='ocrx_word' id='word_1_450' title='bbox 1355 1719 1503 1756; x_wconf 75' lang='lat' dir='ltr'><strong>praesenti</strong></span> <span class='ocrx_word' id='word_1_451' title='bbox 1523 1717 1626 1758; x_wconf 72' lang='lat' dir='ltr'><strong>dicas]</strong></span> 
     </span>
     <span class='ocr_line' id='line_1_77' title="bbox 882 1758 1628 1797; baseline 0.003 -8"><span class='ocrx_word' id='word_1_452' title='bbox 882 1758 964 1789; x_wconf 84' lang='lat' dir='ltr'><strong>Haec</strong></span> <span class='ocrx_word' id='word_1_453' title='bbox 984 1768 1050 1789; x_wconf 90' lang='lat' dir='ltr'><strong>non</strong></span> <span class='ocrx_word' id='word_1_454' title='bbox 1067 1758 1253 1790; x_wconf 89' lang='lat' dir='ltr'><strong>dicerentur</strong></span> <span class='ocrx_word' id='word_1_455' title='bbox 1267 1769 1287 1790; x_wconf 88' lang='lat' dir='ltr'><strong>a</strong></span> <span class='ocrx_word' id='word_1_456' title='bbox 1304 1759 1438 1797; x_wconf 81' lang='lat' dir='ltr'><strong>Thaide,</strong></span> <span class='ocrx_word' id='word_1_457' title='bbox 1455 1759 1518 1791; x_wconf 82' lang='lat' dir='ltr'><strong>nisi</strong></span> <span class='ocrx_word' id='word_1_458' title='bbox 1535 1759 1571 1791; x_wconf 87' lang='lat' dir='ltr'><strong>in</strong></span> <span class='ocrx_word' id='word_1_459' title='bbox 1586 1760 1628 1791; x_wconf 90' lang='lat' dir='ltr'><strong>il-</strong></span> 
     </span>
     <span class='ocr_line' id='line_1_78' title="bbox 878 1799 1627 1843; baseline 0.003 -12"><span class='ocrx_word' id='word_1_460' title='bbox 878 1799 942 1831; x_wconf 88' lang='lat' dir='ltr'><strong>lius</strong></span> <span class='ocrx_word' id='word_1_461' title='bbox 964 1801 1056 1832; x_wconf 89' lang='lat' dir='ltr'><strong>vultu</strong></span> <span class='ocrx_word' id='word_1_462' title='bbox 1078 1811 1178 1842; x_wconf 86' lang='lat' dir='ltr'><strong>pavor</strong></span> <span class='ocrx_word' id='word_1_463' title='bbox 1199 1801 1319 1832; x_wconf 89' lang='lat' dir='ltr'><strong>nimius</strong></span> <span class='ocrx_word' id='word_1_464' title='bbox 1335 1808 1516 1843; x_wconf 82' lang='lat' dir='ltr'><strong>appareret.</strong></span> <span class='ocrx_word' id='word_1_465' title='bbox 1562 1804 1627 1833; x_wconf 85' lang='lat' dir='ltr'><strong>Fa-</strong></span> 
     </span>
     <span class='ocr_line' id='line_1_79' title="bbox 878 1842 1628 1885; baseline 0.004 -12"><span class='ocrx_word' id='word_1_466' title='bbox 878 1842 974 1883; x_wconf 83' lang='lat' dir='ltr'><strong>ciam]</strong></span> <span class='ocrx_word' id='word_1_467' title='bbox 998 1843 1228 1883; x_wconf 86' lang='lat' dir='ltr'><strong>Adjuvandum</strong></span> <span class='ocrx_word' id='word_1_468' title='bbox 1249 1843 1537 1885; x_wconf 86' lang='lat' dir='ltr'><strong>pronunciatione:</strong></span> <span class='ocrx_word' id='word_1_469' title='bbox 1562 1846 1628 1876; x_wconf 79' lang='lat' dir='ltr'><strong>Fa-</strong></span> 
     </span>
     <span class='ocr_line' id='line_1_80' title="bbox 879 1885 1629 1922; baseline 0.004 -7"><span class='ocrx_word' id='word_1_470' title='bbox 879 1887 957 1916; x_wconf 82' lang='lat' dir='ltr'><strong>ciam</strong></span> <span class='ocrx_word' id='word_1_471' title='bbox 988 1885 1085 1922; x_wconf 88' lang='lat' dir='ltr'><strong>enim,</strong></span> <span class='ocrx_word' id='word_1_472' title='bbox 1116 1885 1230 1916; x_wconf 91' lang='lat' dir='ltr'><strong>timide</strong></span> <span class='ocrx_word' id='word_1_473' title='bbox 1258 1885 1382 1916; x_wconf 86' lang='lat' dir='ltr'><strong>dictum</strong></span> <span class='ocrx_word' id='word_1_474' title='bbox 1408 1892 1466 1917; x_wconf 87' lang='lat' dir='ltr'><strong>est.</strong></span> <span class='ocrx_word' id='word_1_475' title='bbox 1511 1889 1629 1919; x_wconf 82' lang='lat' dir='ltr'><strong>Attolle</strong></span> 
     </span>
     <span class='ocr_line' id='line_1_81' title="bbox 875 1927 1627 1969; baseline 0.004 -11"><span class='ocrx_word' id='word_1_476' title='bbox 875 1927 1022 1968; x_wconf 82' lang='lat' dir='ltr'><strong>pallium]</strong></span> <span class='ocrx_word' id='word_1_477' title='bbox 1049 1928 1113 1959; x_wconf 89' lang='lat' dir='ltr'><strong>His</strong></span> <span class='ocrx_word' id='word_1_478' title='bbox 1135 1927 1241 1959; x_wconf 86' lang='lat' dir='ltr'><strong>verbis</strong></span> <span class='ocrx_word' id='word_1_479' title='bbox 1259 1928 1442 1960; x_wconf 87' lang='lat' dir='ltr'><strong>Chremetis</strong></span> <span class='ocrx_word' id='word_1_480' title='bbox 1460 1928 1627 1969; x_wconf 77' lang='lat' dir='ltr'><strong>(Chremes,</strong></span> 
     </span>
     <span class='ocr_line' id='line_1_82' title="bbox 879 1969 1628 2011; baseline 0.005 -11"><span class='ocrx_word' id='word_1_481' title='bbox 879 1969 994 2011; x_wconf 80' lang='lat' dir='ltr'><strong>legunt</strong></span> <span class='ocrx_word' id='word_1_482' title='bbox 1005 1970 1076 2001; x_wconf 89' lang='lat' dir='ltr'><strong>edd.</strong></span> <span class='ocrx_word' id='word_1_483' title='bbox 1093 1971 1177 2001; x_wconf 91' lang='lat' dir='ltr'><strong>Ven.</strong></span> <span class='ocrx_word' id='word_1_484' title='bbox 1216 1970 1281 2001; x_wconf 92' lang='lat' dir='ltr'><strong>Sed</strong></span> <span class='ocrx_word' id='word_1_485' title='bbox 1290 1970 1372 2011; x_wconf 82' lang='lat' dir='ltr'><strong>lege,</strong></span> <span class='ocrx_word' id='word_1_486' title='bbox 1392 1973 1495 2003; x_wconf 80' lang='lat' dir='ltr'><strong>Thais.</strong></span> <span class='ocrx_word' id='word_1_487' title='bbox 1541 1972 1628 2004; x_wconf 81' lang='lat' dir='ltr'><strong>Nam</strong></span> 
     </span>
     <span class='ocr_line' id='line_1_83' title="bbox 879 2012 1628 2054; baseline 0.005 -11"><span class='ocrx_word' id='word_1_488' title='bbox 879 2022 940 2054; x_wconf 88' lang='lat' dir='ltr'><strong>pro</strong></span> <span class='ocrx_word' id='word_1_489' title='bbox 962 2012 1028 2043; x_wconf 72' lang='grc' dir='ltr'><strong>ΤΗ.</strong></span> <span class='ocrx_word' id='word_1_490' title='bbox 1051 2012 1173 2044; x_wconf 85' lang='lat' dir='ltr'><strong>librarii</strong></span> <span class='ocrx_word' id='word_1_491' title='bbox 1196 2013 1346 2054; x_wconf 84' lang='lat' dir='ltr'><strong>legerunt</strong></span> <span class='ocrx_word' id='word_1_492' title='bbox 1365 2013 1431 2045; x_wconf 73' lang='lat' dir='ltr'><strong>Cu.</strong></span> <span class='ocrx_word' id='word_1_493' title='bbox 1455 2014 1628 2047; x_wconf 80' lang='lat' dir='ltr'><strong>Hactenus</strong></span> 
     </span>
     <span class='ocr_line' id='line_1_84' title="bbox 886 2055 1628 2093; baseline 0.005 -8"><span class='ocrx_word' id='word_1_494' title='bbox 886 2057 977 2086; x_wconf 70' lang='lat' dir='ltr'><strong>West.</strong></span> <span class='ocrx_word' id='word_1_495' title='bbox 1028 2055 1092 2086; x_wconf 88' lang='lat' dir='ltr'><strong>Sed</strong></span> <span class='ocrx_word' id='word_1_496' title='bbox 1107 2055 1189 2086; x_wconf 85' lang='lat' dir='ltr'><strong>sorte</strong></span> <span class='ocrx_word' id='word_1_497' title='bbox 1211 2055 1361 2087; x_wconf 81' lang='lat' dir='ltr'><strong>Donatus</strong></span> <span class='ocrx_word' id='word_1_498' title='bbox 1375 2066 1436 2087; x_wconf 88' lang='lat' dir='ltr'><strong>scr.</strong></span> <span class='ocrx_word' id='word_1_499' title='bbox 1462 2059 1602 2090; x_wconf 66' lang='lat' dir='ltr'><strong>chremes</strong></span> <span class='ocrx_word' id='word_1_500' title='bbox 1615 2071 1628 2093; x_wconf 90' lang='grc'><strong>,-</strong></span> 
     </span>
     <span class='ocr_line' id='line_1_85' title="bbox 881 2098 1627 2140; baseline 0.005 -12"><span class='ocrx_word' id='word_1_501' title='bbox 881 2103 914 2128; x_wconf 88' lang='lat' dir='ltr'><strong>et</strong></span> <span class='ocrx_word' id='word_1_502' title='bbox 929 2098 1036 2135; x_wconf 88' lang='lat' dir='ltr'><strong>verba,</strong></span> <span class='ocrx_word' id='word_1_503' title='bbox 1049 2099 1154 2129; x_wconf 81' lang='lat' dir='ltr'><strong>attolle</strong></span> <span class='ocrx_word' id='word_1_504' title='bbox 1162 2099 1302 2138; x_wconf 81' lang='lat' dir='ltr'><strong>pallium,</strong></span> <span class='ocrx_word' id='word_1_505' title='bbox 1319 2098 1434 2131; x_wconf 88' lang='lat' dir='ltr'><strong>tribuit</strong></span> <span class='ocrx_word' id='word_1_506' title='bbox 1447 2099 1511 2140; x_wconf 91' lang='lat' dir='ltr'><strong>ipsi</strong></span> <span class='ocrx_word' id='word_1_507' title='bbox 1524 2100 1627 2132; x_wconf 88' lang='lat' dir='ltr'><strong>Chre-</strong></span> 
     </span>
     <span class='ocr_line' id='line_1_86' title="bbox 881 2139 1629 2181; baseline 0.004 -10"><span class='ocrx_word' id='word_1_508' title='bbox 881 2140 961 2172; x_wconf 88' lang='lat' dir='ltr'><strong>meti</strong></span> <span class='ocrx_word' id='word_1_509' title='bbox 974 2139 1031 2181; x_wconf 89' lang='grc' dir='ltr'><strong>Ζ.)</strong></span> <span class='ocrx_word' id='word_1_510' title='bbox 1042 2139 1285 2178; x_wconf 79' lang='lat' dir='ltr'><strong>demonstravit,</strong></span> <span class='ocrx_word' id='word_1_511' title='bbox 1298 2140 1435 2172; x_wconf 91' lang='lat' dir='ltr'><strong>nimium</strong></span> <span class='ocrx_word' id='word_1_512' title='bbox 1450 2141 1629 2174; x_wconf 86' lang='lat' dir='ltr'><strong>liberaliter</strong></span> 
     </span>
     <span class='ocr_line' id='line_1_87' title="bbox 882 2182 1629 2224; baseline 0.003 -10"><span class='ocrx_word' id='word_1_513' title='bbox 882 2183 981 2223; x_wconf 89' lang='lat' dir='ltr'><strong>(forte</strong></span> <span class='ocrx_word' id='word_1_514' title='bbox 1010 2182 1220 2222; x_wconf 84' lang='lat' dir='ltr'><strong>illiberaliter)</strong></span> <span class='ocrx_word' id='word_1_515' title='bbox 1256 2183 1366 2224; x_wconf 85' lang='lat' dir='ltr'><strong>pavidi</strong></span> <span class='ocrx_word' id='word_1_516' title='bbox 1396 2184 1629 2216; x_wconf 84' lang='lat' dir='ltr'><strong>adolescentuli</strong></span> 
     </span>
     <span class='ocr_line' id='line_1_88' title="bbox 881 2225 1627 2267; baseline 0.003 -11"><span class='ocrx_word' id='word_1_517' title='bbox 881 2225 1035 2256; x_wconf 89' lang='lat' dir='ltr'><strong>animum.</strong></span> <span class='ocrx_word' id='word_1_518' title='bbox 1080 2228 1196 2257; x_wconf 78' lang='lat' dir='ltr'><strong>Attolle</strong></span> <span class='ocrx_word' id='word_1_519' title='bbox 1213 2225 1359 2266; x_wconf 81' lang='lat' dir='ltr'><strong>pallium]</strong></span> <span class='ocrx_word' id='word_1_520' title='bbox 1377 2226 1438 2257; x_wconf 88' lang='lat' dir='ltr'><strong>Vel</strong></span> <span class='ocrx_word' id='word_1_521' title='bbox 1454 2227 1530 2267; x_wconf 85' lang='lat' dir='ltr'><strong>quia</strong></span> <span class='ocrx_word' id='word_1_522' title='bbox 1548 2227 1627 2258; x_wconf 84' lang='lat' dir='ltr'><strong>sim-</strong></span> 
     </span>
     <span class='ocr_line' id='line_1_89' title="bbox 880 2268 1629 2310; baseline 0.003 -11"><span class='ocrx_word' id='word_1_523' title='bbox 880 2268 958 2309; x_wconf 87' lang='lat' dir='ltr'><strong>plex</strong></span> <span class='ocrx_word' id='word_1_524' title='bbox 980 2274 1038 2306; x_wconf 90' lang='lat' dir='ltr'><strong>est,</strong></span> <span class='ocrx_word' id='word_1_525' title='bbox 1061 2268 1113 2299; x_wconf 83' lang='lat' dir='ltr'><strong>vel</strong></span> <span class='ocrx_word' id='word_1_526' title='bbox 1134 2268 1210 2309; x_wconf 85' lang='lat' dir='ltr'><strong>quia</strong></span> <span class='ocrx_word' id='word_1_527' title='bbox 1231 2269 1348 2305; x_wconf 89' lang='lat' dir='ltr'><strong>ebrius,</strong></span> <span class='ocrx_word' id='word_1_528' title='bbox 1371 2269 1507 2310; x_wconf 84' lang='lat' dir='ltr'><strong>pallium</strong></span> <span class='ocrx_word' id='word_1_529' title='bbox 1528 2270 1629 2301; x_wconf 84' lang='lat' dir='ltr'><strong>trahit</strong></span> 
     </span>
     <span class='ocr_line' id='line_1_90' title="bbox 881 2310 1629 2351; baseline 0.003 -9"><span class='ocrx_word' id='word_1_530' title='bbox 881 2311 1037 2342; x_wconf 86' lang='lat' dir='ltr'><strong>Chremes</strong></span> <span class='ocrx_word' id='word_1_531' title='bbox 1052 2310 1120 2351; x_wconf 81' lang='lat' dir='ltr'><strong>(vel</strong></span> <span class='ocrx_word' id='word_1_532' title='bbox 1135 2310 1211 2351; x_wconf 86' lang='lat' dir='ltr'><strong>quia</strong></span> <span class='ocrx_word' id='word_1_533' title='bbox 1225 2317 1301 2342; x_wconf 87' lang='lat' dir='ltr'><strong>ante</strong></span> <span class='ocrx_word' id='word_1_534' title='bbox 1323 2311 1503 2342; x_wconf 87' lang='lat' dir='ltr'><strong>detractum</strong></span> <span class='ocrx_word' id='word_1_535' title='bbox 1524 2318 1594 2343; x_wconf 83' lang='lat' dir='ltr'><strong>erat</strong></span> <span class='ocrx_word' id='word_1_536' title='bbox 1608 2323 1629 2344; x_wconf 76' lang='lat' dir='ltr'><strong>a</strong></span> 
     </span>
     <span class='ocr_line' id='line_1_91' title="bbox 880 2353 1629 2395; baseline 0.003 -11"><span class='ocrx_word' id='word_1_537' title='bbox 880 2353 1005 2384; x_wconf 85' lang='lat' dir='ltr'><strong>Thaide</strong></span> <span class='ocrx_word' id='word_1_538' title='bbox 1027 2353 1200 2391; x_wconf 88' lang='lat' dir='ltr'><strong>retinente,</strong></span> <span class='ocrx_word' id='word_1_539' title='bbox 1226 2353 1277 2385; x_wconf 89' lang='lat' dir='ltr'><strong>vel</strong></span> <span class='ocrx_word' id='word_1_540' title='bbox 1304 2359 1342 2384; x_wconf 92' lang='lat' dir='ltr'><strong>ut</strong></span> <span class='ocrx_word' id='word_1_541' title='bbox 1367 2354 1409 2385; x_wconf 89' lang='lat' dir='ltr'><strong>ad</strong></span> <span class='ocrx_word' id='word_1_542' title='bbox 1434 2354 1545 2395; x_wconf 83' lang='lat' dir='ltr'><strong>fugam</strong></span> <span class='ocrx_word' id='word_1_543' title='bbox 1571 2360 1629 2386; x_wconf 81' lang='lat' dir='ltr'><strong>aut</strong></span> 
     </span>
     <span class='ocr_line' id='line_1_92' title="bbox 880 2395 1629 2437; baseline 0.003 -10"><span class='ocrx_word' id='word_1_544' title='bbox 880 2406 1022 2437; x_wconf 85' lang='lat' dir='ltr'><strong>pugnam</strong></span> <span class='ocrx_word' id='word_1_545' title='bbox 1047 2402 1132 2427; x_wconf 79' lang='lat' dir='ltr'><strong>esset</strong></span> <span class='ocrx_word' id='word_1_546' title='bbox 1157 2396 1349 2437; x_wconf 87' lang='lat' dir='ltr'><strong>expeditior,</strong></span> <span class='ocrx_word' id='word_1_547' title='bbox 1374 2395 1402 2428; x_wconf 86' lang='lat' dir='ltr'><strong>si</strong></span> <span class='ocrx_word' id='word_1_548' title='bbox 1426 2398 1524 2428; x_wconf 86' lang='lat' dir='ltr'><strong>verba</strong></span> <span class='ocrx_word' id='word_1_549' title='bbox 1551 2404 1629 2429; x_wconf 85' lang='lat' dir='ltr'><strong>sunt</strong></span> 
     </span>
     <span class='ocr_line' id='line_1_93' title="bbox 881 2438 1626 2480; baseline 0.003 -11"><span class='ocrx_word' id='word_1_550' title='bbox 881 2438 1071 2470; x_wconf 87' lang='lat' dir='ltr'><strong>Chremetis.</strong></span> <span class='ocrx_word' id='word_1_551' title='bbox 1084 2438 1140 2478; x_wconf 90' lang='lat' dir='ltr'><strong>Z.)</strong></span> <span class='ocrx_word' id='word_1_552' title='bbox 1169 2439 1373 2470; x_wconf 86' lang='lat' dir='ltr'><strong>D.—Attolle</strong></span> <span class='ocrx_word' id='word_1_553' title='bbox 1379 2439 1526 2480; x_wconf 79' lang='lat' dir='ltr'><strong>pallium]</strong></span> <span class='ocrx_word' id='word_1_554' title='bbox 1536 2440 1626 2476; x_wconf 84' lang='lat' dir='ltr'><strong>Quo-</strong></span> 
     </span>
     <span class='ocr_line' id='line_1_94' title="bbox 879 2481 1627 2522; baseline 0.003 -10"><span class='ocrx_word' id='word_1_555' title='bbox 879 2481 967 2512; x_wconf 86' lang='lat' dir='ltr'><strong>niam</strong></span> <span class='ocrx_word' id='word_1_556' title='bbox 983 2481 1141 2512; x_wconf 88' lang='lat' dir='ltr'><strong>comoedia</strong></span> <span class='ocrx_word' id='word_1_557' title='bbox 1156 2481 1374 2512; x_wconf 82' lang='lat' dir='ltr'><strong>Athenienses</strong></span> <span class='ocrx_word' id='word_1_558' title='bbox 1392 2491 1546 2522; x_wconf 86' lang='lat' dir='ltr'><strong>personas</strong></span> <span class='ocrx_word' id='word_1_559' title='bbox 1568 2482 1627 2514; x_wconf 79' lang='lat' dir='ltr'><strong>ha-</strong></span> 
     </span>
     <span class='ocr_line' id='line_1_95' title="bbox 880 2524 1627 2563; baseline 0.003 -8"><span class='ocrx_word' id='word_1_560' title='bbox 880 2525 943 2561; x_wconf 85' lang='lat' dir='ltr'><strong>bet,</strong></span> <span class='ocrx_word' id='word_1_561' title='bbox 975 2524 1096 2555; x_wconf 88' lang='lat' dir='ltr'><strong>idcirco</strong></span> <span class='ocrx_word' id='word_1_562' title='bbox 1119 2526 1249 2563; x_wconf 80' lang='lat' dir='ltr'><strong>pallium</strong></span> <span class='ocrx_word' id='word_1_563' title='bbox 1278 2524 1371 2555; x_wconf 84' lang='lat' dir='ltr'><strong>dixit.</strong></span> <span class='ocrx_word' id='word_1_564' title='bbox 1426 2525 1510 2555; x_wconf 90' lang='lat' dir='ltr'><strong>Sunt</strong></span> <span class='ocrx_word' id='word_1_565' title='bbox 1539 2525 1627 2557; x_wconf 87' lang='lat' dir='ltr'><strong>enim</strong></span> 
     </span>
     <span class='ocr_line' id='line_1_96' title="bbox 880 2566 1626 2609; baseline 0.003 -12"><span class='ocrx_word' id='word_1_566' title='bbox 880 2566 1045 2598; x_wconf 80' lang='lat' dir='ltr'><strong>comoediae</strong></span> <span class='ocrx_word' id='word_1_567' title='bbox 1061 2577 1132 2607; x_wconf 80' lang='lat' dir='ltr'><strong>quae</strong></span> <span class='ocrx_word' id='word_1_568' title='bbox 1154 2572 1265 2607; x_wconf 84' lang='lat' dir='ltr'><strong>togatae</strong></span> <span class='ocrx_word' id='word_1_569' title='bbox 1280 2567 1441 2604; x_wconf 89' lang='lat' dir='ltr'><strong>dicuntur,</strong></span> <span class='ocrx_word' id='word_1_570' title='bbox 1458 2577 1530 2607; x_wconf 77' lang='lat' dir='ltr'><strong>quoe</strong></span> <span class='ocrx_word' id='word_1_571' title='bbox 1551 2577 1626 2609; x_wconf 87' lang='lat' dir='ltr'><strong>per-</strong></span> 
     </span>
     <span class='ocr_line' id='line_1_97' title="bbox 880 2609 1627 2650; baseline 0.001 -9"><span class='ocrx_word' id='word_1_572' title='bbox 880 2620 976 2641; x_wconf 84' lang='lat' dir='ltr'><strong>sonas</strong></span> <span class='ocrx_word' id='word_1_573' title='bbox 1000 2609 1165 2640; x_wconf 83' lang='lat' dir='ltr'><strong>Romanas</strong></span> <span class='ocrx_word' id='word_1_574' title='bbox 1187 2609 1317 2640; x_wconf 88' lang='lat' dir='ltr'><strong>habent.</strong></span> <span class='ocrx_word' id='word_1_575' title='bbox 1354 2609 1528 2650; x_wconf 81' lang='lat' dir='ltr'><strong>E.—-Lege</strong></span> <span class='ocrx_word' id='word_1_576' title='bbox 1551 2620 1627 2642; x_wconf 88' lang='lat' dir='ltr'><strong>cum</strong></span> 
     </span>
     <span class='ocr_line' id='line_1_98' title="bbox 880 2652 1627 2692; baseline 0.001 -9"><span class='ocrx_word' id='word_1_577' title='bbox 880 2652 952 2683; x_wconf 85' lang='lat' dir='ltr'><strong>edd.</strong></span> <span class='ocrx_word' id='word_1_578' title='bbox 969 2658 1047 2683; x_wconf 88' lang='lat' dir='ltr'><strong>vett.</strong></span> <span class='ocrx_word' id='word_1_579' title='bbox 1070 2653 1136 2683; x_wconf 78' lang='lat' dir='ltr'><strong>Fac</strong></span> <span class='ocrx_word' id='word_1_580' title='bbox 1156 2654 1255 2682; x_wconf 83' lang='lat' dir='ltr'><strong>animo</strong></span> <span class='ocrx_word' id='word_1_581' title='bbox 1275 2654 1340 2683; x_wconf 81' lang='lat' dir='ltr'><strong>hoec</strong></span> <span class='ocrx_word' id='word_1_582' title='bbox 1356 2654 1503 2692; x_wconf 73' lang='lat' dir='ltr'><strong>praesenti</strong></span> <span class='ocrx_word' id='word_1_583' title='bbox 1523 2658 1559 2684; x_wconf 81' lang='lat' dir='ltr'><strong>ut</strong></span> <span class='ocrx_word' id='word_1_584' title='bbox 1576 2655 1627 2684; x_wconf 80' lang='lat' dir='ltr'><strong>di-</strong></span> 
     </span>
     <span class='ocr_line' id='line_1_99' title="bbox 880 2694 1011 2726; baseline -0.008 0"><span class='ocrx_word' id='word_1_585' title='bbox 880 2706 941 2726; x_wconf 59' lang='grc' dir='ltr'><strong>σας.</strong></span> <span class='ocrx_word' id='word_1_586' title='bbox 974 2694 1011 2725; x_wconf 91' lang='grc' dir='ltr'><strong>Β.</strong></span> 
     </span>
    </p>

    <p class='ocr_par' dir='ltr' id='par_1_23' title="bbox 880 2738 1630 2992">
     <span class='ocr_line' id='line_1_100' title="bbox 925 2738 1626 2777; baseline 0.003 -10"><span class='ocrx_word' id='word_1_587' title='bbox 925 2738 976 2767; x_wconf 89' lang='lat'><strong>32.</strong></span> <span class='ocrx_word' id='word_1_588' title='bbox 1008 2738 1122 2768; x_wconf 82' lang='lat' dir='ltr'><strong>Perii!</strong></span> <span class='ocrx_word' id='word_1_589' title='bbox 1151 2738 1220 2767; x_wconf 78' lang='lat' dir='ltr'><strong>huic</strong></span> <span class='ocrx_word' id='word_1_590' title='bbox 1244 2738 1304 2776; x_wconf 77' lang='lat' dir='ltr'><strong>ipsi</strong></span> <span class='ocrx_word' id='word_1_591' title='bbox 1327 2742 1374 2767; x_wconf 67' lang='lat' dir='ltr'><strong>est</strong></span> <span class='ocrx_word' id='word_1_592' title='bbox 1396 2747 1470 2776; x_wconf 74' lang='lat' dir='ltr'><strong>opus</strong></span> <span class='ocrx_word' id='word_1_593' title='bbox 1488 2741 1626 2777; x_wconf 69' lang='lat' dir='ltr'><strong>patrono,</strong></span> 
     </span>
     <span class='ocr_line' id='line_1_101' title="bbox 881 2779 1626 2820; baseline 0.001 -10"><span class='ocrx_word' id='word_1_594' title='bbox 881 2779 956 2820; x_wconf 67' lang='lat' dir='ltr'><strong>eta]</strong></span> <span class='ocrx_word' id='word_1_595' title='bbox 975 2779 1056 2810; x_wconf 91' lang='lat' dir='ltr'><strong>Haec</strong></span> <span class='ocrx_word' id='word_1_596' title='bbox 1072 2779 1253 2810; x_wconf 86' lang='lat' dir='ltr'><strong>meretricis</strong></span> <span class='ocrx_word' id='word_1_597' title='bbox 1265 2779 1406 2819; x_wconf 83' lang='lat' dir='ltr'><strong>querela,</strong></span> <span class='ocrx_word' id='word_1_598' title='bbox 1422 2779 1535 2811; x_wconf 88' lang='lat' dir='ltr'><strong>rudem</strong></span> <span class='ocrx_word' id='word_1_599' title='bbox 1547 2780 1626 2811; x_wconf 80' lang='lat' dir='ltr'><strong>ado-</strong></span> 
     </span>
     <span class='ocr_line' id='line_1_102' title="bbox 880 2821 1626 2862; baseline 0.003 -10"><span class='ocrx_word' id='word_1_600' title='bbox 880 2821 1094 2853; x_wconf 89' lang='lat' dir='ltr'><strong>lescentulum</strong></span> <span class='ocrx_word' id='word_1_601' title='bbox 1122 2821 1225 2862; x_wconf 82' lang='lat' dir='ltr'><strong>magis</strong></span> <span class='ocrx_word' id='word_1_602' title='bbox 1262 2828 1295 2852; x_wconf 88' lang='lat' dir='ltr'><strong>et</strong></span> <span class='ocrx_word' id='word_1_603' title='bbox 1331 2821 1467 2853; x_wconf 85' lang='lat' dir='ltr'><strong>honeste</strong></span> <span class='ocrx_word' id='word_1_604' title='bbox 1502 2828 1626 2861; x_wconf 85' lang='lat' dir='ltr'><strong>natum,</strong></span> 
     </span>
     <span class='ocr_line' id='line_1_103' title="bbox 880 2863 1630 2905; baseline 0.003 -10"><span class='ocrx_word' id='word_1_605' title='bbox 880 2875 975 2905; x_wconf 88' lang='lat' dir='ltr'><strong>quam</strong></span> <span class='ocrx_word' id='word_1_606' title='bbox 989 2863 1185 2905; x_wconf 89' lang='lat' dir='ltr'><strong>culpandum</strong></span> <span class='ocrx_word' id='word_1_607' title='bbox 1201 2873 1272 2895; x_wconf 85' lang='lat' dir='ltr'><strong>esse</strong></span> <span class='ocrx_word' id='word_1_608' title='bbox 1293 2864 1500 2896; x_wconf 85' lang='lat' dir='ltr'><strong>demonstrat.</strong></span> <span class='ocrx_word' id='word_1_609' title='bbox 1541 2865 1630 2897; x_wconf 91' lang='lat' dir='ltr'><strong>D.—</strong></span> 
     </span>
     <span class='ocr_line' id='line_1_104' title="bbox 881 2905 1629 2948; baseline 0.001 -10"><span class='ocrx_word' id='word_1_610' title='bbox 881 2909 947 2947; x_wconf 78' lang='lat' dir='ltr'><strong>Ipsi</strong></span> <span class='ocrx_word' id='word_1_611' title='bbox 961 2913 1006 2938; x_wconf 75' lang='lat' dir='ltr'><strong>est</strong></span> <span class='ocrx_word' id='word_1_612' title='bbox 1021 2918 1093 2946; x_wconf 72' lang='lat' dir='ltr'><strong>opus</strong></span> <span class='ocrx_word' id='word_1_613' title='bbox 1098 2905 1244 2947; x_wconf 79' lang='lat' dir='ltr'><strong>patrono]</strong></span> <span class='ocrx_word' id='word_1_614' title='bbox 1257 2906 1333 2944; x_wconf 85' lang='lat' dir='ltr'><strong>Hic,</strong></span> <span class='ocrx_word' id='word_1_615' title='bbox 1346 2907 1461 2948; x_wconf 88' lang='lat' dir='ltr'><strong>inquit,</strong></span> <span class='ocrx_word' id='word_1_616' title='bbox 1477 2907 1532 2948; x_wconf 89' lang='lat' dir='ltr'><strong>qui</strong></span> <span class='ocrx_word' id='word_1_617' title='bbox 1547 2907 1629 2939; x_wconf 87' lang='lat' dir='ltr'><strong>mihi</strong></span> 
     </span>
     <span class='ocr_line' id='line_1_105' title="bbox 881 2949 1628 2992; baseline 0.003 -12"><span class='ocrx_word' id='word_1_618' title='bbox 881 2949 1030 2980; x_wconf 85' lang='lat' dir='ltr'><strong>defensor</strong></span> <span class='ocrx_word' id='word_1_619' title='bbox 1051 2956 1193 2990; x_wconf 87' lang='lat' dir='ltr'><strong>paratur,</strong></span> <span class='ocrx_word' id='word_1_620' title='bbox 1214 2949 1261 2980; x_wconf 87' lang='lat' dir='ltr'><strong>ita</strong></span> <span class='ocrx_word' id='word_1_621' title='bbox 1282 2949 1384 2987; x_wconf 86' lang='lat' dir='ltr'><strong>timet,</strong></span> <span class='ocrx_word' id='word_1_622' title='bbox 1407 2957 1444 2982; x_wconf 90' lang='lat' dir='ltr'><strong>ut</strong></span> <span class='ocrx_word' id='word_1_623' title='bbox 1467 2950 1495 2981; x_wconf 83' lang='lat' dir='ltr'><strong>ei</strong></span> <span class='ocrx_word' id='word_1_624' title='bbox 1519 2951 1628 2992; x_wconf 88' lang='lat' dir='ltr'><strong>potius</strong></span> 
     </span>
    </p>
   </div>
   <div class='ocr_carea' id='block_1_18' title="bbox 880 2991 1389 3065">
    <p class='ocr_par' dir='ltr' id='par_1_24' title="bbox 880 2991 1389 3065">
     <span class='ocr_line' id='line_1_106' title="bbox 880 2991 1389 3064; baseline 0.002 -41"><span class='ocrx_word' id='word_1_625' title='bbox 880 2998 1036 3033; x_wconf 85' lang='lat' dir='ltr'><strong>patronus</strong></span> <span class='ocrx_word' id='word_1_626' title='bbox 1051 2991 1252 3064; x_wconf 52' lang='lat' dir='ltr'><strong>adhibendus</strong></span> <span class='ocrx_word' id='word_1_627' title='bbox 1266 2992 1318 3024; x_wconf 80' lang='lat' dir='ltr'><strong>sit.</strong></span> <span class='ocrx_word' id='word_1_628' title='bbox 1350 2993 1389 3024; x_wconf 80' lang='lat' dir='ltr'><strong>E.</strong></span> 
     </span>
     <span class='ocr_line' id='line_1_107' title="bbox 1068 3043 1085 3065; baseline 0 0"><span class='ocrx_word' id='word_1_629' title='bbox 1068 3043 1085 3065; x_wconf 65' lang='grc' dir='ltr'><strong>Β</strong></span> 
     </span>
    </p>
   </div>
  </div>
 </body>
</html>
