1852 3216
72 164 211 196 scam
234 154 285 209 1.]

684 152 990 196 ANDRIA.

184 243 357 289 Horum
376 241 446 284 ille
465 241 572 284 nihil
591 242 765 298 egregie
785 249 946 298 praeter
965 249 1124 285 caetera

185 307 426 348 Studebat:
457 313 502 349 et
524 313 667 348 tamen
686 308 827 348 omnia
845 307 941 350 haec
960 307 1247 350 mediocriter.

184 371 457 413 Gaudebam.
509 371 585 413 So.
618 371 726 414 Non
743 372 921 427 injuria:
954 387 1053 413 nam
1073 372 1118 414 id
1139 373 1326 414 arbitror

183 435 394 492 Apprime
415 436 465 477 in*
478 436 565 478 vita
585 442 683 478 esse
703 436 823 488 utile,
845 444 894 479 ut
915 451 978 479 m:
1000 451 1112 483 Qum
1135 451 1277 480 unns.

68 527 236 557 miserrima
253 527 344 557 Dido.
358 552 364 558 ,
390 527 443 557 Aa
454 525 659 566 philosophos]
681 525 817 567 Ellipsis

68 569 212 611 pulchra,
226 575 259 600 et
269 568 438 600 familiaris
449 569 613 600 Terentio.
641 569 727 600 Nam
740 579 816 610 pos-

67 622 179 643 sumus
194 612 376 649 subaudire,
393 611 580 649 audiendos,
597 611 667 643 sive
689 619 816 643 sectan-

67 655 136 686 dos.
179 657 232 686 Ad
253 657 450 694 philosophos.
489 653 616 686 Vitium
642 661 709 686 est:
741 655 818 695 quia

67 697 162 734 dixit,
177 700 220 728 ad
234 699 358 738 aliquod
370 699 513 728 studium.
551 698 620 728 Aut
635 697 662 728 si
678 697 719 728 ad
741 697 814 739 phi·

67 740 237 782 losophos,
268 740 447 782 separanda
469 739 590 771 locutio
617 747 675 778 est,
699 740 756 778 sic,
779 747 817 772 ut

67 783 214 815 animum
240 783 418 824 adjungant
442 782 483 813 ad
509 782 729 832 philosophos.
772 784 815 815 D.

67 828 166 857 —Ad
186 825 392 866 philosophos]
417 825 470 856 Ad
496 825 690 866 sapientiam
720 832 817 866 atque

68 869 257 900 doctrinam.
290 869 329 900 E.
330 870 473 900 -Caneae
486 871 529 899 ad
542 868 724 909 venandum]
744 869 816 900 Ho-

69 919 130 943 rat.
142 912 183 943 de
195 919 275 943 arte.
306 913 454 942 Imberbie
460 911 586 951 juvenis
601 914 730 949 tandem,
747 923 815 943 eas-

68 957 136 986 tode
151 960 271 992 remoto,
290 956 410 986 Gaudet
425 957 509 995 equis
520 956 712 995 canibusque.
751 954 817 985 Ubi

69 998 156 1029 hunc
184 997 331 1029 Terentii
356 997 462 1028 locum
488 997 600 1028 laudat
626 998 722 1028 Acro.
773 998 818 1029 Et

68 1041 199 1081 quidem
222 1040 373 1071 instituto
394 1047 541 1071 veterum
564 1039 816 1071 Atheniensium

69 1083 155 1114 inter
166 1082 245 1114 alias
256 1089 342 1114 artes
354 1082 443 1114 hisce
454 1091 582 1124 quoque
595 1082 730 1114 ludicris
745 1093 817 1114 sese

68 1126 264 1158 exercebant
288 1125 463 1157 nobiliores
484 1127 633 1166 juvenes.
678 1126 815 1157 Aristot.

69 1169 232 1200 Politieor.
243 1168 310 1200 viii.
325 1168 493 1210 Aristoph.
511 1168 616 1199 Pluto.
656 1168 816 1200 Isocrates

69 1212 231 1253 Areopag.
246 1211 322 1243 τοὺς
336 1210 370 1243 δὲ
385 1211 458 1246 βίον
473 1211 580 1242 ἱκανὸν
594 1210 815 1250 κεκτημένους,

68 1254 139 1294 περὶ
152 1267 191 1286 τε
212 1254 351 1292 ἱππικὴν,
374 1253 426 1285 καὶ
447 1253 490 1285 τὰ
509 1252 678 1293 γυμνάσια,
702 1254 754 1285 καὶ
774 1254 818 1286 τὰ

70 1296 252 1336 κυνηγέσια,
273 1296 325 1328 καὶ
345 1297 407 1334 τὴν
421 1297 617 1336 φιλοσοφίαν
630 1295 818 1336 ἠνάγκασαν

70 1339 259 1380 διατρίβεινι
283 1339 324 1370 ad
338 1346 528 1371 venaturam
543 1346 652 1371 autem
667 1340 751 1377 ideo,
767 1340 817 1371 uti

69 1383 111 1413 ad
151 1383 227 1414 belli
263 1382 375 1414 munia
414 1381 628 1413 redderentur
665 1393 683 1413 a
708 1382 816 1414 tiores.

71 1424 120 1456 ὅτι
136 1424 341 1463 ἀληθεστάτη
361 1426 450 1456 δοκεῖ
468 1426 548 1462 αὕτη
569 1424 591 1462 ἡ
611 1431 733 1463 μελετη
754 1427 819 1456 τῶν

71 1469 148 1508 πρὸς
166 1467 224 1499 τὸν
237 1466 380 1507 πόλεμον
395 1466 481 1505 εἶναι,
499 1468 650 1509 Xenoph.
667 1467 722 1499 lib.
738 1468 759 1498 i.
776 1468 818 1499 de

69 1510 172 1541 instit.
196 1510 292 1552 Cyri:
316 1516 350 1541 et
368 1511 545 1542 Athenaeus
566 1510 693 1551 dipnos
715 1510 771 1541 lib.
793 1511 816 1541 i.

70 1563 143 1606 pag.
166 1554 217 1584 24.
248 1553 301 1584 aral
322 1552 373 1584 ἐπὶ
390 1552 566 1591 κυνηγεσία
588 1551 622 1583 δὲ
648 1554 766 1592 ἐξιᾶσιν
787 1553 819 1584 οἱ

71 1594 135 1627 νέοι
149 1596 226 1636 πρὸς
239 1594 381 1634 μελέη-ην
393 1597 458 1626 τῶν
467 1597 648 1634 πολεμικῶν
659 1595 816 1634 κινδύνων,

70 1638 123 1670 καὶ
139 1638 189 1669 ἐπὶ
204 1638 299 1679 Θήρας
312 1637 472 1675 παντοίας,
488 1637 542 1678 ἀφ’
555 1637 599 1669 ὧν
611 1638 816 1679 ῥωμαλεώτε-

69 1693 118 1721 ροι
132 1681 184 1713 καὶ
201 1680 401 1721 ὑγιεινότεροι
416 1679 586 1712 διετέλουν.
610 1681 652 1712 ὡς
666 1681 722 1713 ὅτε
738 1693 815 1722 πυρ-

69 1724 170 1763 γηδὸν
185 1723 286 1764 σφέας
307 1723 421 1756 αὐτοὺς
441 1722 616 1764 ἀρτύνουσι,
637 1723 689 1755 καὶ
711 1723 819 1755 ἀντίον

72 1765 235 1805 ἱστάμενοι
254 1764 461 1805 ἂκοντίζονσι.
507 1766 593 1798 Nam
616 1773 650 1797 et
670 1766 816 1798 venatio-

71 1820 147 1840 nem
170 1809 290 1840 Martis
311 1808 471 1849 quoddam
492 1809 700 1840 simulacrum
723 1820 816 1841 voca-

71 1858 150 1884 runt
166 1860 301 1883 veteres.
341 1851 502 1883 Aristides
523 1852 670 1883 oratione
691 1852 726 1883 in
749 1852 817 1883 Mi-

71 1905 217 1931 nervam,
229 1905 261 1936 p.
276 1895 328 1926 69.
356 1896 453 1934 Θῆραι
465 1892 572 1925 τοίνυν
583 1894 635 1925 καὶ
645 1894 820 1934 κυνηγεσια

73 1938 143 1970 ἐστὶ
158 1936 217 1976 μὲν
228 1936 431 1968 ’Λπόλλωνος
443 1937 495 1968 καὶ
509 1936 688 1977 Ἀρτέμιδος
702 1936 818 1974 παιδία,

72 1981 258 2012 καθίσταται
270 1978 305 2011 δὲ
322 1979 366 2011 εἷς
379 1980 418 2011 τὸ
432 1979 624 2020 προστήκειν
636 1980 679 2021 τῇ
693 1980 763 2020 θεᾷ,
779 1981 816 2010 δι’

73 2022 109 2055 ἓν
128 2022 195 2062 μὲν,
214 2023 268 2054 ὅτι
290 2024 350 2059 τῆς
372 2024 547 2061 πολεμικῆς
570 2021 680 2063 μόριον
698 2021 820 2063 ’τέχνης

75 2066 155 2103 ἐστὶ,
160 2065 329 2106 μᾶλλονδὲ
337 2065 437 2097 εἰκών.
450 2072 561 2106 etquae
567 2071 756 2106 sequuntur.
780 2066 818 2096 L.

115 2110 168 2140 31.
190 2111 308 2140 Horum
323 2110 376 2140 ille
397 2110 477 2139 nihil
495 2108 634 2150 egregie]
659 2109 721 2140 Est
742 2118 819 2150 ergo

73 2152 298 2193 ίιςιιτοιινιιιιι.
337 2152 423 2192 quod
453 2158 539 2183 esset
572 2158 707 2189 rectum,
738 2152 820 2187 Quae

72 2195 218 2236 plerique
231 2205 345 2226 omnes
337 2162 484 2226 qfaciunt
502 2193 744 2232 adolescentuli,
759 2194 819 2225 ho-

72 2247 146 2269 rum
160 2237 215 2269 ille
230 2237 312 2269 nihil
328 2237 458 2278 egregie
478 2244 598 2279 praeter
611 2243 728 2269 caetera
749 2244 819 2268 stu-

73 2280 178 2312 debat.
216 2279 369 2322 Egregie]
393 2282 561 2321 Egregium
582 2279 712 2317 dicitur,
734 2281 820 2321 quod

74 2333 116 2355 ex
128 2333 227 2365 grege
243 2323 391 2364 digitum
415 2323 473 2354 sed
494 2323 548 2354 hic
568 2326 698 2364 egregie,
714 2323 819 2361 valde,

73 2366 191 2398 nimis:
214 2377 280 2397 non
297 2372 346 2397 est
361 2376 438 2407 ergo
453 2366 495 2397 ad
515 2366 645 2397 laudem
666 2366 819 2408 positum.

75 2409 168 2446 Haec,
183 2409 298 2450 inquit,
314 2415 352 2440 ut
365 2415 480 2441 caetera
496 2408 646 2441 similiter
659 2409 819 2440 studebat.

74 2453 194 2484 Praeter
208 2451 335 2493 caetera]
353 2452 453 2492 (Haec
468 2452 685 2493 explioetione
697 2458 819 2490 carent,

73 2504 146 2535 que
158 2495 246 2526 haud
260 2495 358 2526 dubie
375 2493 504 2526 excidit.
545 2494 684 2536 Reliqua
704 2494 751 2526 ita
771 2494 820 2526 le—

73 2538 197 2578 gemla:
232 2546 498 2575 unnxocnrrnn,
523 2537 613 2579 Ergo
639 2548 715 2575 non,
743 2536 821 2579 etc.)

75 2579 305 2612 Mediocriter·
336 2591 414 2621 ergo
437 2591 503 2612 non
529 2580 719 2612 extenuavit
741 2591 820 2619 rem,

74 2623 132 2654 sed
147 2622 189 2654 ad
203 2622 331 2654 laudem
347 2623 468 2654 retulit.
500 2623 543 2654 D.
544 2625 682 2654 -ΝιἹιιἹ
701 2626 822 2665 egregie

71 2671 188 2705 preter
201 2664 328 2706 caetem]
346 2666 420 2697 Hoc
437 2672 496 2703 est,
511 2666 622 2697 omnia
635 2667 820 2707 aequaliter:

75 2708 159 2739 nihil
180 2707 320 2749 amplius
340 2715 416 2740 ante
437 2709 556 2740 omnia.
591 2709 770 2740 E.——Nibil
788 2720 822 2741 e-

72 2750 195 2792 gregie]
214 2750 369 2782 Priscian.
384 2751 440 2782 lib.
456 2751 499 2782 vi.
524 2752 562 2783 L.

119 2795 171 2825 33.
210 2792 402 2834 Gaudebam]
431 2794 508 2825 Non
535 2794 619 2826 dixit
647 2796 820 2833 laudabam,

77 2836 135 2868 sed
147 2838 328 2878 gaudebam.
366 2837 492 2867 Laudat
513 2836 601 2868 enim
622 2837 721 2869 etiam
742 2838 821 2869 alie-

76 2889 155 2910 nus:
175 2881 292 2920 gaudet
305 2878 362 2920 qui
384 2885 477 2920 pater
498 2885 557 2911 est.
594 2881 666 2911 Non
686 2880 820 2922 injuria]

79 2921 313 2964 Intempestive
335 2922 428 2953 Sosia
446 2922 639 2971 respondet:
663 2923 721 2954 sed
741 2934 821 2965 pru-

78 2964 199 3000 dentia
202 2971 300 2997 tantae
314 2964 495 3004 sententiae,
514 2966 738 3008 compensavit
758 2966 820 2998 im-

859 526 1103 568 portunitatem.
1157 526 1317 558 D.—N‹m
1354 526 1489 568 injuria]
1533 528 1609 560 Non

860 569 932 601 sine
951 579 1058 607 causa,
1074 569 1109 601 id
1131 575 1190 606 est,
1201 571 1299 609 juste.
1337 570 1399 602 Jus
1421 570 1508 601 euim
1530 582 1608 602 con-

861 612 993 643 trariam
1005 613 1104 644 habet
1114 612 1277 652 injuriam.
1309 612 1497 644 E.—Metri
1513 624 1611 646 causa

860 655 925 697 legi
938 655 1043 693 debet,
1055 667 1124 686 nam
1140 657 1175 686 id
1188 666 1249 696 ego
1263 658 1408 687 arbitror.
1440 656 1478 686 B.

903 699 955 730 34.
984 697 1148 739 Apprime]
1185 698 1336 738 Adjectio
1362 705 1411 730 est
1436 700 1610 731 confirma-

859 741 968 772 tionis.
1016 741 1075 782 Ut]
1098 741 1345 773 Admirabiliter
1366 742 1459 773 dixit.
1510 745 1553 774 Ut
1573 755 1611 775 ne

859 786 935 825 quid
942 783 1049 825 nimis]
1061 783 1230 816 Sententia
1240 795 1305 816 non
1316 784 1496 826 incongrua
1504 796 1610 824 servo,

860 827 935 867 quia
958 834 1009 859 est
1029 827 1230 869 pervulgata,
1261 834 1294 858 et
1318 838 1384 859 non
1407 828 1547 860 refertur
1568 829 1610 860 ad

859 879 1032 911 personam
1047 870 1171 901 domini
1186 870 1338 908 dicentis,
1362 877 1395 902 et
1416 871 1457 902 de
1472 882 1537 912 quo
1558 872 1609 903 di-

860 912 962 943 citur:
983 923 1025 943 an
1041 913 1145 954 magis
1157 913 1233 953 quia
1246 913 1347 944 Sosiae
1356 913 1510 945 convenit
1525 916 1610 955 ejus-

859 955 948 986 modi
962 956 1130 986 character
1144 955 1179 986 in
1191 956 1298 987 verbis
1310 958 1323 986 2
1347 958 1398 988 Ne
1412 959 1488 998 quid
1501 957 1608 998 nimis]

861 998 965 1028 Deest
978 1009 1055 1039 agas
1068 1011 1079 1029 .-
1099 1004 1137 1029 ut
1158 998 1210 1035 sit,
1228 999 1281 1029 Ne
1303 999 1382 1039 quid
1403 999 1501 1031 nimis
1522 1010 1610 1041 agas.

860 1041 997 1072 D.--Ut
1017 1052 1055 1072 ne
1077 1042 1152 1081 quid
1172 1041 1280 1082 nimis]
1306 1041 1447 1077 Quidam
1468 1050 1611 1083 arguunt

859 1083 1061 1120 Terentium,
1092 1083 1178 1124 quod
1199 1083 1295 1114 istam
1317 1084 1513 1116 sententiam
1536 1085 1610 1116 dix-

859 1126 922 1158 erit
936 1136 1059 1164 servus,
1075 1136 1171 1167 quam
1188 1126 1380 1168 Sapientum
1401 1137 1547 1158 summus
1569 1139 1611 1159 ex

859 1175 983 1210 septem
1008 1169 1183 1211 protulisse
1206 1169 1335 1200 dicitur.
1373 1170 1456 1206 Quae
1479 1170 1611 1211 quidem

858 1222 912 1243 res
921 1222 987 1244 non
998 1212 1098 1253 digna
1109 1212 1372 1254 reprehensione.
1405 1213 1490 1244 Nam
1504 1214 1611 1255 primo

859 1255 1015 1293 omnium,
1031 1256 1067 1286 in
1082 1255 1267 1286 hominibus
1282 1261 1407 1293 natura,
1420 1255 1455 1286 id
1469 1262 1520 1287 est
1534 1267 1609 1287 sen-

860 1308 925 1335 sus,
940 1298 1073 1338 aequalis
1089 1304 1148 1329 est.
1189 1298 1241 1329 Ita
1256 1298 1427 1340 concipere
1442 1304 1476 1330 et
1497 1309 1611 1330 servus

859 1347 968 1381 potest
979 1351 1054 1372 cum
1066 1340 1240 1372 virtutibus
1251 1341 1430 1382 ingenium,
1442 1342 1528 1382 quod
1541 1353 1610 1373 om-

861 1383 957 1414 nibus
979 1383 1022 1414 sit
1042 1383 1165 1424 aequale
1191 1383 1383 1415 naturaliter
1408 1384 1610 1416 attributum.

862 1425 992 1457 Deinde
1008 1426 1079 1457 fieri
1096 1432 1212 1467 potest,
1225 1432 1262 1457 ut
1276 1426 1340 1458 ista
1361 1427 1524 1458 sententia
1541 1429 1612 1467 jam

861 1478 880 1499 a
894 1468 1042 1510 sapiente
1057 1469 1143 1500 dicta
1158 1469 1388 1510 percrebuerit,
1412 1476 1446 1500 et
1465 1470 1611 1501 omnium

860 1511 895 1542 in
922 1522 977 1543 ore
1003 1518 1160 1543 versetur.
1206 1512 1283 1543 Non
1311 1512 1399 1543 enim
1425 1512 1611 1551 Terentius,

860 1554 913 1584 vel
943 1554 1079 1595 quilibet
1111 1554 1204 1592 alius,
1234 1555 1318 1586 hanc
1354 1556 1611 1596 comprehendit.

864 1596 958 1628 Unde
980 1603 1015 1628 et
1035 1607 1157 1634 servus,
1180 1607 1246 1628 non
1272 1603 1379 1628 tamen
1403 1604 1441 1628 ut
1464 1597 1611 1636 callidus,

860 1640 1004 1671 auditam
1019 1650 1089 1671 rem
1103 1639 1212 1681 potuit
1226 1640 1261 1671 in
1283 1640 1488 1672 sermonibus
1510 1641 1610 1672 collo-

860 1692 944 1714 care.
983 1683 1216 1722 E.—Apprime
1242 1685 1275 1714 in
1300 1682 1383 1724 vita]
1408 1683 1551 1715 Glossar.
1578 1685 1612 1715 ἐν

859 1725 992 1774 πρώτοις
1012 1728 1159 1766 adprime,
1182 1728 1330 1766 inprimis.
1375 1726 1531 1758 Priscian.
1554 1726 1610 1758 lib.

860 1768 906 1798 iii.
924 1775 957 1799 et
971 1779 1024 1799 xv.
1063 1770 1113 1799 Ne
1130 1771 1206 1809 quid
1226 1771 1325 1800 nimis.
1363 1769 1511 1800 Aureum
1533 1780 1612 1801 sane

860 1810 993 1848 dictum,
1009 1817 1042 1842 et
1057 1812 1098 1842 ab
1114 1811 1248 1852 optimis
1261 1811 1449 1854 quibusque
1470 1813 1612 1844 auctori-

860 1853 921 1884 bus
963 1853 1225 1894 frequentissime
1268 1860 1479 1895 usurpatum.
1524 1856 1612 1896 quod

863 1895 1057 1927 Aristoteles
1073 1896 1237 1927 Rhetoric.
1256 1898 1286 1927 3.
1325 1896 1447 1935 Bianti,
1462 1898 1613 1930 nonnulli

863 1939 999 1976 Pittaco,
1015 1938 1071 1969 alii
1086 1938 1225 1975 Thaleti,
1238 1939 1290 1970 vel
1306 1939 1428 1977 Soloni,
1441 1946 1499 1971 aut
1513 1940 1612 1972 etiam

863 1981 1064 2022 Pythagorae,
1085 1987 1168 2012 teste
1191 1981 1330 2022 Diogen.
1353 1982 1495 2020 Laertio,
1518 1983 1611 2014 attri-

861 2025 975 2055 buunt.
1022 2024 1186 2073 Alphaeus
1217 2024 1425 2080 Mitylenaeus
1451 2026 1613 2058 Antholo-

861 2067 933 2108 giae,
949 2067 1004 2098 lib.
1020 2066 1041 2098 i.
1057 2078 1084 2098 c.
1105 2069 1154 2098 12.
1190 2068 1231 2098 rb
1244 2066 1415 2109 μηδενγὸρ
1429 2067 1513 2107 ἄγαν
1527 2069 1613 2109 ἄγαν

861 2109 1035 2165 pte-repre:
1067 2110 1290 2152 Euripidesin
1306 2110 1506 2166 Hippolyto:
1530 2110 1613 2144 οὕτω

862 2154 902 2183 τὸ
914 2152 988 2184 λίαν
1002 2153 1035 2192 γ’
1050 2151 1155 2190 ἧσσον
1170 2153 1298 2184 ἐπαίνου
1317 2155 1376 2184 τοῦ
1396 2153 1497 2192 μηδὲν
1516 2154 1612 2194 ἄγαν.

863 2195 1026 2227 Pindarus
1038 2195 1125 2237 apud
1141 2195 1371 2227 Plutarchum.
1395 2196 1495 2236 Σοφοὶ
1510 2195 1546 2228 δὲ
1559 2197 1613 2229 καὶ

862 2237 902 2269 τὸ
933 2237 1032 2277 μηδὲν
1061 2238 1144 2277 ἄγαν
1174 2237 1248 2270 ἔπος
1285 2239 1418 2276 αἴνησαν
1444 2241 1612 2280 περισσᾶς.

865 2281 1065 2312 Menander.
1090 2280 1111 2318 ἦ
1128 2280 1163 2312 δὲ
1184 2279 1325 2320 μεσότης
1346 2282 1382 2312 ἐν
1395 2292 1493 2313 πασιν
1506 2282 1612 2323 ἀσφα-

863 2322 1027 2364 λέστερον.
1067 2324 1178 2355 Idem.
1201 2324 1245 2355 Tb
1255 2323 1353 2362 μηδὲν
1364 2323 1433 2361 εἶκῆ
1445 2327 1614 2365 πανταχοῦ

865 2367 935 2398 ἐστὶ
1046 2379 1123 2406 ιμον.
1163 2366 1327 2398 Plutarch.
1349 2366 1385 2398 ιιι
1407 2367 1563 2399 Camillo:
1591 2367 1614 2406 ἦ

864 2409 899 2440 δὲ
922 2408 1083 2447 εὐλάβεια,
1105 2409 1157 2441 καὶ
1178 2410 1217 2441 ’τὸ
1238 2408 1337 2449 μηδὲν
1358 2409 1451 2449 ἄγαν,
1473 2409 1613 2450 ἄριστον.

865 2452 1001 2494 Dionys.
1019 2452 1223 2484 Halicarnaa.
1238 2453 1293 2484 lib.
1306 2452 1374 2483 viii.
1390 2463 1422 2494 p.
1440 2454 1513 2484 529.
1531 2452 1617 2485 ἔοικέ

863 2508 901 2526 τε
916 2494 1033 2533 ἀληθὲς
1048 2494 1126 2527 εἶναι
1138 2496 1178 2526 τὸ
1201 2495 1260 2526 υπὸ
1281 2497 1345 2526 τᾶν
1360 2494 1424 2536 ἂρχ
1398 2495 1499 2535 χαίων
1513 2495 1612 2536 λε’-γο-

864 2550 960 2577 μενον
970 2537 1167 2579 φιλοσόφων,
1181 2537 1230 2569 ὅτι
1243 2536 1422 2577 μεσότητες
1436 2537 1526 2576 εἰσιν,
1537 2538 1614 2571 ἀλλ’

865 2581 923 2612 οὐκ
940 2579 1120 2629 'dxphrrres
1143 2580 1176 2611 αι
1196 2583 1261 2612 τῶν
1281 2581 1365 2617 ἠθῶν
1388 2580 1505 2630 ἀρεταί.
1546 2582 1613 2613 Te-

864 2623 962 2655 rentii
978 2624 1085 2655 locum
1099 2623 1211 2654 laudat
1224 2623 1417 2654 Ausonius
1408 2633 1443 2654 ιιι
1457 2623 1513 2655 vii.
1550 2624 1613 2656 So-

864 2667 1002 2708 phorum
1019 2666 1113 2697 ludo:
1132 2665 1284 2706 Ἀριστον
1297 2664 1422 2707 μέτρον,
1437 2677 1478 2697 an
1495 2668 1540 2698 αἳ
1559 2679 1613 2708 op-

866 2712 957 2740 timus
966 2711 1077 2740 modus.
1112 2710 1182 2739 Dic.
1193 2710 1340 2740 annuisti.
1351 2711 1612 2750 pau-habeo.-

860 2763 1030 2792 persequar
1044 2753 1107 2782 Per
1128 2753 1271 2782 ordinem.
1307 2752 1406 2783 Poeta
1426 2753 1498 2783 dixe
1518 2755 1615 2784 isthoc

866 2798 928 2826 loco
943 2793 1021 2835 Afer
1035 2796 1155 2825 videtur
1169 2799 1276 2830 mter.
1299 2795 1342 2825 Ut
1359 2805 1397 2826 ne
1418 2797 1494 2836 quid
1512 2798 1613 2828 vena.

866 2840 910 2869 Et
931 2843 1031 2868 noster
1046 2838 1178 2877 quidam,
1199 2835 1300 2875 μηδὲν
1314 2835 1406 2876 ἄγαν.
1445 2837 1612 2881 Hierony-

865 2891 938 2911 mus
961 2879 1098 2921 Epistol.
1116 2879 1159 2910 ad
1180 2879 1379 2912 Demetriad.
1417 2881 1612 2922 Philosopho-

865 2935 931 2954 rum
944 2933 1058 2963 quoque
1068 2924 1218 2954 sententia
1227 2928 1284 2962 est,
1294 2921 1476 2962 μεσότητας
1490 2923 1612 2965 ἀρετὰς,

867 2965 1047 3006 ὑπερβολὰς
1065 2964 1176 2998 κακίας
1193 2963 1292 2998 ebat:
1314 2967 1393 3007 quod
1413 2967 1545 2999 Latinus
1566 2970 1613 2999 ita
