1852 3216
110 180 249 208 semu
268 166 320 219 1.]

720 164 1027 209 ANDR'IA.

1567 170 1648 211 103

167 255 282 297 Satis
302 254 450 310 pericli
468 256 582 310 coepi
603 255 747 297 adire:
780 256 930 297 orandi
945 256 1035 311 jam
1056 255 1185 296 finem
1207 255 1314 297 face.

166 319 285 361 Dum
306 320 460 361 studeo
482 321 664 380 obsequi
681 321 774 370 tibi,
796 335 907 375 pene
929 320 1042 362 illusi
1062 321 1190 362 vitam
1211 320 1325 361 filiae.

168 384 232 426 Sr.
257 384 347 426 Imo
367 384 480 426 en'im
509 400 623 428 nunc
644 401 772 441 quam
804 386 985 427 maxime
1006 386 1085 427 abs
1116 394 1158 427 te
1189 384 1379 440 postulo,
1402 392 1533 441 atque
1554 402 1646 438 oro,

252 449 452 501 Chreme,

129 521 148 550 5
167 513 230 555 Ut
250 514 507 556 beneficium
530 516 671 557 verbis
694 516 844 557 initum
864 515 1044 564 dudum,
1066 529 1180 556 nunc
1201 529 1247 556 re
1267 516 1537 570 comprobes.

170 578 255 620 Cn.
299 578 430 629 Vide,
469 594 598 634 quam
632 580 805 635 iniquus
838 580 895 622 sis
931 595 1023 636 prae
1062 580 1222 631 studio,
1263 580 1367 622 dum
1406 580 1449 622 id
1490 580 1651 622 efficias

251 644 369 698 quod
390 645 527 699 cupis.

165 707 324 762 Neque
344 708 519 750 modum
534 710 827 764 benignitatis,
844 725 1000 765 neque,
1022 710 1127 764 quid
1147 724 1215 751 me
1237 725 1350 761 ores,
1371 711 1550 765 cogitas.

165 772 282 814 Nam
304 774 340 815 si
361 774 539 828 cogiteS,
561 775 756 816 remittas
773 775 864 830 jam
884 790 950 817 me
971 789 1151 817 onerare
1173 775 1352 830 injuriis.

167 837 232 878 S1.
252 838 456 886 Quibus?
500 838 585 880 CH.
603 838 676 881 Ah
692 842 701 881 !
733 841 895 896 rogitas
912 842 928 881 2
959 839 1187 895 perpulisti
1205 854 1288 890 me,
1303 847 1351 881 ut
1368 839 1528 882 homini
1545 840 1648 882 ado-

250 901 502 952 lescentulo,

109 975 147 1004 10
166 967 216 1008 In
235 966 318 1008 alio
337 975 550 1022 occupato
571 983 729 1019 amore,
752 968 1003 1010 abhorrenti
1023 970 1078 1010 ab
1099 983 1144 1011 re
1167 970 1334 1020 uxoria,

162 1031 314 1073 Filiam
334 1032 482 1074 darem
503 1033 546 1073 in
568 1033 836 1084 seditionem,
858 1042 989 1088 atque
1010 1034 1195 1075 incertas
1217 1035 1415 1089 nuptias;

105 1131 214 1163 culum
231 1131 416 1163 deveniret:
442 1131 563 1173 quippe
582 1132 638 1173 qui
657 1132 799 1174 coegerit
821 1143 856 1164 se

106 1174 206 1205 filiam
223 1175 299 1205 dare
317 1174 347 1205 ei
370 1174 619 1212 adolescentulo,
636 1176 691 1216 qui
714 1186 779 1206 non
802 1186 854 1207 so-

105 1217 172 1248 lum
183 1217 319 1248 amicam
330 1217 473 1254 haberet,
484 1228 596 1249 verum
609 1225 641 1249 et
649 1218 856 1260 peregrinam

105 1260 215 1291 nescio
230 1270 324 1301 quam
340 1270 400 1301 pro
416 1270 517 1291 uxore
533 1261 698 1299 retineret,
715 1269 749 1292 et
764 1272 805 1293 ex
818 1272 856 1293 ea

106 1303 209 1334 filium
232 1303 435 1344 suscepisset.
483 1304 572 1335 Huic
588 1304 756 1346 responsio
773 1304 809 1335 fit
825 1311 858 1336 et

106 1352 209 1376 status
223 1345 460 1386 conjecturalis„
483 1346 563 1377 falso
585 1347 673 1378 istud
695 1357 775 1383 esse,
798 1357 855 1378 ne—

106 1398 169 1428 que
180 1388 417 1419 adolescentem
434 1389 552 1420 habere
567 1389 655 1420 illam
671 1400 731 1431 pro
743 1400 855 1426 uxore,

106 1441 213 1471 neque
228 1431 325 1461 talem
341 1431 432 1462 illum
446 1441 516 1462 esse
532 1431 654 1467 filium;
678 1432 736 1463 sed
750 1442 855 1463 mere-

107 1473 222 1505 tricem
237 1473 278 1504 ad
296 1473 522 1505 disturbandas
538 1474 669 1515 nuptias
691 1474 753 1505 ista
768 1475 856 1515 cogi·-

106 1522 202 1547 tasse.
248 1518 392 1556 Spectata
404 1517 475 1556 jam
496 1519 575 1547 satis
594 1517 749 1557 amicitia]
775 1518 856 1548 Pro-

105 1559 189 1595 bata,
215 1558 331 1599 inquit,
348 1558 424 1589 olim
447 1564 496 1590 est
519 1559 663 1590 amicitia
684 1569 765 1596 mea,
787 1561 856 1600 jam

103 1600 225 1632 desiste
240 1600 379 1642 amplius
390 1601 583 1633 calamitatis
605 1602 783 1643 imponere,
800 1612 854 1634 us-

104 1653 167 1684 que
182 1644 222 1674 ad
243 1643 434 1685 periculum,
450 1644 611 1675 custodita
626 1644 855 1684 familiaritate,

105 1686 250 1727 perveni.
283 1687 323 1717 E.

149 1730 178 1759 2.
204 1729 290 1770 Lege
305 1739 378 1760 curn
394 1729 486 1760 codd.
502 1729 623 1761 nostris
641 1735 675 1761 et
689 1730 761 1761 edd.
776 1736 854 1762 vett.

105 1773 214 1811 incepi,
231 1771 317 1812 quod
338 1772 413 1813 plus
435 1779 485 1814 est
499 1783 595 1813 quam
611 1772 707 1814 coepi,
725 1779 760 1804 et
780 1784 855 1804 sua-

105 1814 176 1845 vior
192 1814 229 1845 fit
245 1824 356 1845 versus
371 1825 430 1856 per
445 1814 623 1846 elisionem.
658 1816 694 1846 Β.

150 1858 180 1887 3.
204 1858 286 1888 Dum
301 1859 407 1888 studeo
421 1859 543 1898 obsequi
559 1856 632 1898 tibi]
651 1858 734 1888 Haec
749 1857 856 1890 omnis

107 1899 270 1930 accusatio
285 1906 344 1931 est.
378 1900 466 1931 Dum
481 1901 649 1940 obsequor,
659 1899 776 1941 inquit,
786 1901 855 1938 tibi,

100 1944 170 1982 jam
186 1950 219 1973 et
242 1942 309 1973 filia
331 1952 403 1973 mea
424 1942 602 1983 periclitari
624 1943 733 1984 coepit.
771 1943 800 1974 E

105 1986 189 2015 Dum
203 1985 325 2026 studeo]
344 1985 380 2016 C.
392 1985 431 2016 V.
449 1988 562 2016 studui.
597 1985 634 2016 L.

150 2029 180 2058 4.
204 2029 269 2058 Imo
290 2030 369 2058 enim
391 2039 469 2059 nunc
490 2039 579 2068 quam
600 2031 728 2059 maxime
750 2030 806 2059 abs
828 2034 857 2060 te

102 2070 238 2111 postulo]
254 2070 458 2101 Renunciare
474 2070 623 2101 affinitati
639 2071 856 2108 Chremetem,

106 2119 164 2144 aut
178 2123 292 2155 parum
309 2113 413 2144 adhuc
429 2113 583 2154 intelligit
599 2113 698 2151 Simo,
708 2120 764 2144 aut
780 2115 855 2145 sub-

106 2155 207 2187 tiliter
235 2156 427 2192 dissimulat,
453 2162 491 2187 ut
516 2157 557 2187 ad
583 2156 679 2187 fidem
706 2157 855 2198 promissi

106 2198 313 2238 (promissam,
326 2199 389 2230 Ms.
408 2199 531 2230 Boend.
545 2206 579 2230 et
589 2199 638 2230 ed.
654 2199 710 2230 Du
727 2199 782 2239 B.)
798 2200 855 2230 ho—

106 2241 227 2272 minem
248 2242 430 2283 compellat.
475 2243 539 2273 Imo
554 2242 648 2283 enim]
667 2244 760 2273 Enim
779 2254 856 2282 παρ-

107 2282 204 2315 έλκων
230 2291 279 2315 est
309 2285 421 2326 figura.
469 2285 651 2316 D.—Immo
678 2288 756 2316 enim
780 2297 859 2316 nunc

106 2327 251 2368 maxime]
276 2327 470 2359 Generalem
488 2328 575 2359 enim
598 2338 696 2369 supra
718 2328 857 2370 positam

106 2370 343 2402 accusationem
370 2381 485 2412 pamm
512 2370 719 2402 intellexerat
747 2371 854 2402 Simo:

107 2418 142 2443 et
163 2412 283 2444 idcirco
307 2422 343 2444 se
365 2413 528 2444 convertit
541 2413 582 2444 ad
604 2424 727 2456 preces,
745 2420 781 2445 ut
803 2414 856 2444 hic

108 2455 264 2487 Chremes
279 2456 388 2498 potius
403 2456 437 2487 in
455 2456 722 2497 promissionibus
743 2467 854 2498 perse-

108 2504 208 2534 veret,
229 2504 263 2529 et
286 2499 370 2539 quod
394 2499 502 2530 verbis
525 2505 601 2530 ante
623 2499 760 2536 dixerat,
785 2499 856 2541 ipsa

107 2540 268 2581 compleat
277 2542 421 2573 veritate.
442 2542 677 2573 E.—Donatus
686 2548 720 2573 et
730 2542 855 2583 Eugra-

108 2582 216 2634 phius,
233 2590 364 2657 au<lz3tore
387 2585 523 2622 Faerno,
545 2591 634 2616 recte
655 2585 768 2626 legunt
790 2597 857 2616 cum

110 2636 245 2656 mallme.
307 2649 316 2657 .

152 2669 181 2699 5.
206 2667 338 2710 Initum]
352 2670 515 2712 Coeptum,
527 2671 568 2702 ab
583 2670 744 2702 ineundo:
769 2671 856 2703 unde

107 2715 142 2741 et
157 2713 248 2742 initia
263 2722 389 2753 quoque
403 2712 500 2744 dicta.
532 2713 574 2744 D.

151 2754 181 2784 6.
208 2753 296 2788 Quod
308 2753 410 2795 cupis]
426 2755 522 2790 Quod
536 2755 628 2787 velis.
666 2755 802 2797 Legitur
813 2762 856 2793 et,

107 2798 188 2837 quod
201 2797 303 2837 juber.
335 2797 513 2835 D.—-Vide,
538 2809 627 2838 quam
649 2801 772 2839 iniquus
796 2799 855 2840 eis]

109 2839 214 2882 Supra
241 2839 436 2880 generaliter
459 2840 616 2872 Chremes
639 2848 856 2880 accusaverat,

104 2891 195 2914 nunc
218 2882 386 2914 descendit
408 2883 451 2914 ad
474 2883 634 2925 speciem:
672 2885 748 2915 Vide
767 2896 857 2925 quam

108 2926 230 2965 iniquus
244 2927 287 2956 ais
306 2936 372 2966 prae
389 2927 500 2963 studio,
522 2927 593 2957 dum
613 2928 648 2957 id
659 2925 766 2967 faciae
780 2930 860 2968 quod

107 2969 190 3006 velis,
206 2979 299 3008 neque
314 2970 430 2999 modum
443 2970 651 3009 benignitatis,
666 2980 769 3010 neque,
785 2973 861 3010 quid

899 1144 945 1164 me
956 1144 1031 1170 ores,
1042 1135 1168 1174 cogitas.
1187 1133 1394 1175 Cupiditatis‚
1404 1134 1520 1175 inquit,
1530 1135 1647 1172 studio,

900 1182 933 1207 et
940 1176 1054 1207 ardore
1064 1177 1166 1207 nimio
1176 1177 1361 1214 voluntatis,
1369 1187 1434 1208 non
1444 1178 1648 1209 animadver—

900 1219 942 1250 tis
959 1219 1168 1260 benignitatis
1180 1220 1332 1250 modum:
1358 1220 1418 1257 vel,
1435 1221 1521 1261 quod
1536 1227 1648 1262 postu—

899 1261 956 1299 las,
964 1261 1298 1303 diligenterintelligis
1304 1273 1340 1294 ac
1348 1263 1479 1303 cogitas.
1492 1264 1650 1294 E.-Prae

899 1304 1017 1345 studio]
1046 1305 1202 1336 Priscian.
1221 1305 1275 1336 lib.
1286 1316 1340 1337 xv.
1362 1306 1650 1348 L.—Interpunge

900 1347 961 1378 sic:
985 1349 1060 1378 Vide
1073 1359 1161 1388 quam
1171 1350 1292 1388 iniquus
1306 1350 1349 1379 eis
1356 1359 1424 1388 prm
1439 1351 1540 1380 studio
1552 1362 1563 1380 .·
1579 1352 1651 1380 dum

900 1392 935 1420 id
943 1392 1054 1429 efficias
1069 1393 1149 1430 quod
1164 1393 1258 1430 cupis,
1275 1392 1382 1431 Neque
1397 1394 1524 1429 modum,
1535 1397 1591 1422 etc.
1609 1392 1648 1422 Β.

946 1433 973 1465 7.
986 1435 1092 1473 Neque
1104 1435 1221 1463 modum
1239 1435 1445 1474 benignitatis,
1459 1445 1562 1475 neque,
1575 1436 1653 1475 quid

900 1486 946 1506 me
961 1486 1036 1513 ores,
1054 1475 1186 1516 cogitas]
1214 1476 1251 1507 Id
1274 1482 1333 1513 est,
1356 1486 1422 1507 non
1445 1477 1577 1517 cogitas,
1593 1483 1650 1507 aut

900 1525 1057 1558 quantum
1084 1519 1124 1549 de
1150 1518 1350 1559 benignitate
1372 1519 1491 1550 amoris
1514 1520 1648 1560 exigen-

900 1561 978 1591 dum
1008 1567 1064 1591 aut
1090 1562 1351 1602 praesumendum
1379 1562 1440 1592 sit:
1473 1568 1530 1593 aut
1553 1572 1649 1602 quam

900 1603 942 1634 sit
958 1602 1166 1644 impossibile,
1183 1604 1269 1644 quod
1284 1603 1379 1644 petis.
1411 1604 1454 1635 D.

943 1647 972 1676 8.
996 1647 1149 1676 Remittas
1162 1645 1250 1686 jam]
1268 1648 1429 1683 Remittat,
1452 1656 1511 1688 pro
1528 1646 1649 1678 mittas.

901 1687 1126 1720 D.—Onerare
1142 1688 1283 1729 injuriis]
1302 1689 1406 1720 Plaut.
1425 1689 1541 1720 Pseud.
1554 1689 1648 1720 Scen-

900 1731 1060 1762 Pseudole
1083 1741 1148 1762 non
1173 1731 1265 1763 audis
1278 1744 1285 1762 :
1319 1734 1428 1763 assiste
1457 1734 1649 1770 altrinsecus,

898 1779 990 1814 atque
1006 1785 1097 1805 onera
1113 1776 1190 1805 hunc
1202 1777 1382 1805 maledictis.
1415 1775 1452 1805 L.

945 1818 974 1847 9.
998 1818 1168 1856 Perpulisti
1178 1828 1232 1854 me,
1246 1822 1280 1847 ut
1290 1819 1402 1847 homini
1412 1816 1648 1858 adolescentulo]

902 1859 984 1889 Haec
1007 1866 1056 1889 est
1078 1865 1145 1889 tota
1167 1859 1337 1890 accusatio.
1383 1861 1510 1890 Homini
1532 1862 1650 1891 adoler-

900 1900 1034 1941 centulo]
1053 1901 1106 1932 Sic
1123 1901 1305 1938 Sallustius,
1321 1902 1358 1932 B.
1369 1902 1445 1942 Jug.
1457 1901 1515 1933 xii.
1542 1904 1649 1933 Occul-

901 1950 970 1974 tum
985 1955 1016 1974 se
1032 1946 1155 1984 tugurio
1170 1946 1305 1975 mulieris
1320 1946 1450 1975 ancillae.
1483 1945 1649 1976 D.-·Per-

897 1988 1008 2025 pulisti
1019 1986 1082 2027 me]
1103 1986 1167 2017 Hic
1176 1993 1226 2017 est
1241 1986 1347 2017 omnis
1358 1993 1471 2028 aperta
1485 1987 1541 2018 illa
1554 1997 1650 2019 accu-

900 2029 992 2066 satio,
1008 2039 1079 2069 quae
1088 2039 1246 2060 summam
1262 2029 1407 2060 continet
1422 2030 1568 2061 omnium
1583 2030 1649 2061 fac-

901 2078 1028 2103 torum:
1064 2077 1098 2102 et
1121 2078 1171 2102 eat
1194 2071 1399 2111 συνθυασμὸς,
1425 2073 1480 2113 qui
1505 2072 1551 2110 fit,
1576 2083 1651 2104 cum

901 2115 985 2145 bona
1014 2114 1108 2145 malis
1137 2114 1342 2146 conferimus.
1402 2115 1650 2157 Adolescentulo]

902 2157 964 2188 Cui
989 2157 1114 2188 lubrica
1137 2163 1215 2188 aetas
1242 2157 1367 2188 varium
1394 2158 1450 2188 dat
1472 2158 1651 2199 ingenium.

903 2200 1077 2241 E.—Lege
1088 2210 1161 2230 cum
1175 2199 1294 2231 nostris
1304 2205 1340 2231 at
1351 2202 1467 2241 rogitas
1476 2203 1491 2231 ?
1514 2206 1551 2232 ut
1568 2201 1651 2235 Hec-

902 2243 945 2273 iv.
967 2244 993 2274 1.
1014 2244 1070 2274 ll:
1096 2249 1138 2280 et,
1155 2245 1267 2274 homini
1280 2248 1324 2274 ut.
1358 2243 1395 2274 B.

950 2286 997 2316 10.
1031 2287 1068 2316 In
1089 2288 1151 2317 alio
1172 2291 1314 2325 occupato
1335 2284 1452 2326 amore]
1477 2285 1543 2321 Qui
1564 2292 1652 2317 amet

901 2328 1044 2360 alteram.
1089 2330 1275 2359 Abhorrenti
1305 2330 1344 2359 ab
1370 2340 1402 2360 re
1430 2328 1555 2370 uxoria]
1585 2329 1651 2365 Qui

900 2381 1034 2402 uxorem
1050 2371 1133 2402 nolit
1147 2371 1275 2402 ducere.
1308 2371 1347 2402 E.

946 2415 995 2445 ll.
1018 2416 1133 2445 Filiam
1146 2413 1267 2454 darem]
1284 2413 1466 2450 1nvidiose;
1488 2424 1650 2456 non,pro-

899 2456 1072 2493 mitterem,
1096 2457 1212 2498 inquit,
1228 2457 1285 2488 sed
1301 2457 1421 2494 darem,
1438 2463 1594 2498 quantum
1615 2457 1651 2489 in

901 2506 933 2530 te
949 2506 1008 2531 est.
1048 2500 1253 2532 D.—Filiam
1268 2506 1304 2531 ut
1318 2499 1440 2539 darem]
1469 2499 1557 2531 Huic
1571 2500 1650 2531 ado-

900 2541 1035 2573 lescenti
1051 2543 1183 2580 amanti,
1207 2542 1311 2573 invito
1332 2552 1467 2574 uxorem
1488 2548 1526 2573 ut
1540 2542 1651 2574 darem

899 2585 1035 2627 coegisti
1048 2585 1167 2616 filiam:
1192 2595 1265 2616 cum
1275 2586 1391 2616 suturae
1406 2585 1583 2617 seditiones
1598 2595 1650 2617 es-

900 2635 984 2666 sent,
1008 2638 1083 2659 cum
1112 2628 1245 2659 incertae
1274 2628 1416 2669 nuptiae:
1451 2627 1571 2670 quippe
1594 2628 1651 2660 ille

899 2681 1009 2702 amore
1024 2670 1205 2702 meretricis
1215 2670 1360 2711 quotidie
1375 2670 1551 2702 seditiones
1563 2670 1650 2702 face·

899 2720 959 2750 ret,
976 2720 1010 2745 et
1029 2724 1134 2754 neque
1150 2720 1255 2745 certas
1277 2713 1408 2755 nuptias
1470 2713 1649 2755 rimpleret.

900 2757 1101 2797 Exsequitur
1115 2756 1243 2794 deinde,
1260 2763 1380 2797 quanta
1394 2767 1412 2788 c
1444 2756 1560 2788 amitas
1574 2756 1651 2788 filiae

900 2809 971 2831 esse
993 2799 1162 2841 potuisset,
1186 2799 1213 2830 si
1232 2798 1428 2831 adolescenti
1450 2799 1574 2831 amanti
1594 2799 1652 2831 illa

900 2842 1090 2873 traderetur.
1136 2841 1259 2873 Verum
1281 2841 1350 2873 haec
1366 2842 1518 2883 quoniam
1540 2841 1648 2874 sciens

901 2891 977 2916 ante
992 2884 1185 2926 promiserat
1196 2884 1332 2922 Simoni,
1346 2884 1432 2916 levia
1442 2890 1528 2916 sunt.
1564 2885 1647 2916 Haec

901 2933 952 2958 est
968 2926 1073 2958 omnis
1089 2927 1261 2965 accusatio,
1275 2927 1362 2968 quod
1378 2929 1447 2968 Jam
1465 2927 1552 2959 idem
1567 2927 1645 2959 ado-

902 2970 1026 3001 lescens
1066 2979 1108 3000 ex
1149 2970 1319 3002 meretrice
1354 2970 1498 3012 suscepit
1533 2969 1646 3002 filium.
