1852 3216
111 197 249 226 semu
272 182 387 237 vu1.]

662 179 1075 223 EUNUCHUS.

1548 181 1633 222 217

338 339 592 387 ACTUS
637 338 922 393 QUINTI
969 338 1222 386 SCENA
1266 337 1407 384 VIII.

243 456 462 488 CHAEREA.
498 454 743 486 PARMENO.
781 454 1021 485 PHAEDRIA.
1057 453 1266 485 GNATHO.
1302 452 1503 484 THRASO.

167 541 210 582 O
232 553 501 589 PorULAREs,
525 538 672 594 ecquis
692 552 759 579 me
778 538 879 578 vivit
897 536 1027 579 hodie
1048 537 1334 578 fortunatior?

165 607 307 648 Nemo
327 605 470 648 hercle
487 605 736 660 quisquam:
770 618 866 644 nam
886 604 928 644 in
944 618 1010 645 me
1026 603 1153 658 plane
1170 603 1231 644 Di
1246 609 1504 658 potestatem
1520 618 1639 644 suam

168 673 351 714 Omnem
375 671 604 713 ostendere
622 688 631 719 ;
665 670 734 712 cui
752 677 838 711 tam
859 669 1001 711 subito
1022 676 1087 710 tot
1106 669 1363 724 contigerint
1385 669 1619 710 commoda.

167 737 281 780 PAR.
316 737 435 785 Quid
465 736 535 778 hic
565 735 689 777 laetus
711 737 805 777 est?

252 802 520 858 voluptatum
542 802 729 843 omnium

133 877 152 906 5
170 868 386 917 Inventor,
408 868 615 922 inceptor,
636 865 875 921 perfector:

168 934 262 976 Scis
284 932 548 988 Pamphilam
572 946 709 973 meam
738 931 951 972 inventam
970 931 1135 972 civem?
1187 930 1300 972 PAR.
1323 930 1499 972 Audivi.

253 1001 347 1043 Scis
369 1014 569 1055 sponsam
587 997 717 1039 mihi?

167 1066 281 1110 PAR.
303 1065 437 1114 Bene,
459 1065 519 1106 ita
539 1078 604 1105 me
627 1063 686 1104 Di
707 1069 863 1112 ament,

864 735 947 776 CH.
982 733 1024 776 Ο
1057 734 1269 776 Parmeno
1298 734 1370 785 mi,
1392 749 1418 775 o
1447 749 1638 776 mearum

910 865 1010 907 scin'
1026 880 1092 906 me
1105 866 1147 906 in
1164 866 1320 919 quibus
1342 866 1420 906 sim
1437 865 1636 919 gaudiis?

1552 930 1637 972 Cu.

895 1060 1067 1102 factum.
1129 1059 1222 1102 GN.
1256 1059 1416 1102 Audin’
1446 1068 1494 1102 tu
1522 1060 1639 1103 illum

251 1130 356 1186 quid
377 1131 464 1171 ait?
517 1129 600 1170 Cn.
624 1127 739 1170 Tum
759 1135 902 1169 autem
920 1125 1136 1168 Phaedriae

166 1196 271 1238 Meo
292 1195 414 1237 fratri
439 1194 608 1250 gaudeo
629 1208 814 1235 amorem
833 1207 928 1234 esse
949 1206 1115 1233 omnem
1144 1192 1187 1232 in
1218 1191 1470 1246 tranquillo:
1501 1192 1640 1234 una'st

250 1261 416 1302 domus.

169 1326 306 1368 Thais
328 1326 441 1381 patri
462 1341 507 1367 se
530 1325 839 1367 commendavit
857 1325 899 1365 in
921 1323 1158 1365 clientelam
1178 1330 1223 1365 et
1242 1322 1395 1365 fidem:

156 1477 182 1506 l.
220 1477 246 1506 O
267 1476 437 1515 populares,
469 1476 569 1515 ecquis
595 1485 639 1505 me
664 1475 740 1505 vivit
766 1475 852 1504 hodie

101 1518 291 1559 fortunatior
300 1517 333 1558 ?]
375 1517 439 1548 Hic
469 1527 608 1559 persona
634 1517 776 1548 Chaereae
803 1523 852 1547 est

109 1562 238 1593 fervens
267 1560 394 1602 gaudio,
419 1567 456 1591 ut
484 1560 715 1591 adolescentuli
742 1566 791 1591 est
816 1560 850 1590 in

109 1604 272 1646 prosperis
297 1604 402 1635 rebus.
443 1605 469 1635 O
488 1603 665 1652 populares]
694 1603 769 1634 Non
790 1602 851 1633 mi-

108 1658 190 1685 rum,
207 1648 234 1679 si
256 1647 368 1678 insane
384 1646 523 1678 exsultat
546 1646 678 1688 nuptiis,
695 1647 749 1687 qui
766 1648 851 1687 jam-

109 1691 230 1723 dudum
246 1691 287 1722 ob
310 1691 342 1721 id
365 1690 479 1726 solum,
496 1690 580 1730 quod
596 1689 767 1721 vitiaverat
786 1689 851 1720 vir-

109 1734 228 1775 ginem.
244 1734 420 1765 laetabatur.
453 1734 569 1764 D.-o
582 1732 758 1773 populares]
783 1733 850 1763 Ex-

111 1777 316 1808 sultationem
332 1777 400 1808 haec
420 1786 516 1807 scena
536 1776 642 1813 habet,
659 1776 742 1816 quod
759 1776 852 1807 Chae-

111 1830 167 1852 rea
191 1819 360 1851 consilium
385 1819 546 1861 complere
573 1819 714 1861 potuerit
739 1829 851 1850 suum·

111 1871 161 1895 est
183 1873 259 1904 ergo
274 1863 327 1894 hic
348 1862 499 1893 allocutio
513 1862 694 1903 gaudentis.
729 1862 855 1893 Laudat

111 1917 188 1948 ergo
213 1907 455 1943 Parmenonem,
482 1915 527 1942 se,
558 1912 653 1945 atque
682 1905 853 1936 fortunam.

112 1950 356 1987 Parmenonem,
392 1948 477 1990 quod
509 1948 678 1979 consilium
711 1947 853 1984 dedeer

112 1993 250 2032 (excidit
279 1994 326 2032 se)
351 1992 436 2033 quod
466 2002 634 2033 aggressus
657 1997 724 2028 es.;t
753 1991 854 2022 fortu-

111 2046 196 2074 nam,
214 2046 284 2077 quae
298 2042 414 2066 cuncta
428 2035 611 2076 complevit.
638 2035 718 2065 Mox
733 2045 771 2065 ea
785 2045 856 2075 quae

111 2079 183 2111 istic
206 2086 276 2110 acta
298 2086 374 2110 sunt
396 2085 514 2116 narrat,
531 2085 564 2109 et
586 2077 647 2109 sibi
671 2088 741 2109 esse
757 2088 853 2120 spon-

111 2133 189 2159 sam,
206 2129 239 2154 et
259 2122 348 2153 illam
368 2122 529 2162 cognitam
552 2121 674 2152 civem:
698 2127 731 2152 et
751 2131 854 2152 mere·

111 2165 224 2197 tricem
251 2172 376 2197 tantum
400 2164 508 2196 fratris
532 2175 601 2196 esse
633 2164 798 2202 Phaedriae,
823 2170 856 2195 et

111 2208 247 2240 militem
269 2209 444 2240 exclusum.
483 2208 609 2239 Idcirco
625 2208 783 2239 Parmeno
798 2208 854 2239 ad-

107 2252 198 2292 Jecit,
222 2254 345 2284 Fratris
374 2254 471 2293 igitur
497 2253 591 2282 Thais
621 2252 750 2282 tola’st?
781 2251 854 2282 Hoc

112 2305 186 2326 cum
201 2295 294 2327 miles
305 2295 455 2332 audisset,
468 2295 676 2326 vehementer
690 2294 725 2325 in
737 2294 855 2325 amoris

113 2337 256 2370 flammas
281 2338 433 2370 incensus
454 2338 620 2375 deliberat,
648 2337 726 2379 quid
749 2338 855 2369 facere

112 2380 236 2412 debeat.
281 2382 389 2413 Sumit
410 2381 592 2418 consilium,
613 2387 650 2412 ut
673 2381 732 2412 hos
753 2387 853 2422 roget.

114 2425 163 2455 Ac
177 2425 317 2466 primum
328 2424 488 2456 allocutio.
534 2425 660 2456 Rursus
674 2423 854 2466 interponi-

114 2472 168 2498 tur
184 2467 339 2505 Phaedria,
350 2468 404 2508 qui
419 2467 668 2499 exaultationem
683 2467 792 2509 gaudii
805 2467 854 2499 sui

115 2509 276 2551 exprimit,
293 2518 326 2542 et
346 2511 387 2542 de
408 2511 475 2542 suis
489 2510 694 2542 facultatibus
715 2510 853 2552 gaudet.
846 2522 853 2529 ·

113 2552 234 2594 gratias
247 2553 315 2594 agit
327 2553 421 2596 patri,
436 2553 522 2595 quod
536 2554 651 2585 festive
665 2560 698 2585 et
715 2554 855 2595 jocunde

114 2596 333 2628 interveniens
364 2604 481 2628 cuncta
509 2596 726 2646 compleverit.
773 2597 857 2628 E.—

116 2638 204 2680 Lege
228 2648 304 2670 cum
331 2639 422 2671 codd.
446 2640 574 2678 nostris,
600 2651 646 2672 me
672 2640 758 2672 nodie
783 2643 857 2672 vivit

107 2680 183 2722 fort.
212 2682 250 2713 B.

159 2726 188 2756 2.
213 2726 308 2756 Nemo
318 2727 416 2757 hercle
427 2725 600 2766 quisquam]
618 2725 686 2757 Et
675 2732 855 2768 iuterroga-

114 2767 172 2806 vit,
188 2775 221 2799 et
242 2768 410 2810 respondit
422 2768 494 2800 sibi.
538 2770 634 2800 Nemo
655 2768 753 2801 hercle
772 2771 856 2811 qais-

113 2792 219 2853 quam]
237 2810 401 2847 Παοέλκον
417 2811 558 2842 tertium.
591 2811 632 2842 D.

158 2856 188 2886 3.
223 2857 281 2886 Cui
304 2860 366 2885 tam
388 2856 487 2886 abito
510 2859 554 2886 iot
573 2856 756 2896 contigerint
777 2865 854 2887 com·

113 2897 223 2939 noda]
270 2899 345 2930 Tam
377 2895 550 2940 qualitatis,
587 2903 632 2929 tot
665 2897 854 2938 quantitatis

113 2947 172 2973 est.
205 2941 246 2972 D.

157 2986 187 3016 4.
213 2984 295 3020 Quid
308 2987 358 3016 hic
374 2986 463 3016 latus
476 2990 522 3016 est
531 2983 564 3025 ?]
581 2983 720 3016 Iuventa
742 2994 851 3026 perso-

115 3036 156 3059 na
177 3034 235 3066 est,
252 3029 291 3059 ad
314 3038 408 3069 quam
431 3034 521 3068 gesta
542 3027 611 3059 haec
633 3034 743 3060 narret
757 3027 850 3060 chae-

895 1482 960 1509 rea,
977 1478 1013 1503 ut
1034 1472 1173 1514 populus
1188 1478 1221 1503 et
1243 1472 1336 1504 miles
1357 1472 1545 1511 instruatur,
1562 1471 1640 1514 quid

896 1515 984 1547 intus
999 1523 1125 1557 gestum
1140 1515 1191 1546 sit.
1226 1516 1266 1547 D.

939 1560 967 1589 5.
993 1560 1142 1597 Inventor,
1156 1558 1306 1600 inceptor]
1322 1560 1469 1596 Invenire,
1483 1559 1640 1602 sapientis

896 1609 962 1633 tes:
987 1605 1128 1642 incipere,
1145 1602 1291 1633 audacis:
1314 1604 1467 1642 perficere,
1487 1609 1638 1634 constan-

897 1645 946 1676 tis.
994 1645 1080 1686 Ergo
1095 1645 1191 1687 plena
1207 1645 1348 1676 laudatio
1363 1653 1431 1680 est;
1455 1652 1489 1677 et
1503 1652 1639 1682 constat,

895 1689 955 1719 hoc
972 1688 1137 1719 Chaeream
1156 1688 1318 1720 laudative
1334 1689 1450 1720 dicere.
1497 1689 1582 1720 Nam
1604 1688 1639 1719 in

895 1732 1032 1763 subditis
1054 1732 1156 1763 solum
1177 1732 1347 1763 consilium
1362 1733 1576 1764 attributums
1590 1738 1641 1763 est

898 1775 1101 1806 Parmenoni.
1148 1776 1229 1806 Sm'n'
1250 1787 1295 1807 me
1314 1778 1345 1806 in
1366 1778 1474 1816 quibus
1490 1778 1546 1807 sim
1560 1786 1639 1816 gau-

897 1821 957 1849 diia
967 1821 983 1848 ?
1011 1817 1182 1857 Σύλληψις.
1222 1818 1265 1849 Et
1277 1825 1362 1855 nota,
1374 1820 1448 1850 scin’
1462 1831 1524 1850 me.-
1540 1828 1639 1859 quum

898 1861 1058 1892 sufficeret
1072 1864 1157 1892 scin’.
1203 1861 1290 1901 Ergo
1304 1873 1349 1893 me
1364 1861 1523 1893 abundat:
1548 1868 1581 1892 et
1591 1867 1641 1893 est

898 1904 1001 1945 figura
1016 1903 1201 1944 ἀρχαΐσμός.
1234 1905 1274 1935 D.

942 1947 971 1977 6.
1010 1949 1076 1978 Scis
1111 1949 1301 1987 Pamphilam
1330 1946 1440 1988 meam]
1473 1947 1641 1979 Amat-orie

898 1990 981 2021 dixit
1002 2001 1119 2021 meam:
1149 1991 1200 2022 vel
1223 1990 1330 2032 potius
1351 2000 1502 2032 sponsam
1524 2001 1640 2028 meam,

899 2033 949 2064 vel
959 2044 1054 2074 quam
1064 2044 1146 2064 amo.
1183 2033 1356 2075 Inventam]
1369 2034 1550 2075 Cognitam.
1586 2036 1640 2066 Ci-

899 2076 978 2117 vem]
1011 2077 1112 2108 Deest
1138 2088 1210 2109 esse.
1264 2079 1330 2108 Scis
1357 2089 1493 2118 spamam
1521 2076 1639 2118 milite]

900 2121 1003 2151 Deest
1018 2127 1050 2151 et
1064 2131 1150 2156 esse5
1173 2127 1206 2152 et
1222 2126 1270 2151 est
1282 2132 1389 2161 sponsa
1405 2131 1491 2152 nunc
1505 2120 1638 2163 partici-

922 2163 998 2194 ium.
1032 2163 1073 2194 D.

898 2174 920 2205 P
943 2207 971 2239 7.
995 2208 1108 2238 Αιιάὶη’
1127 2212 1160 2237 tu
1173 2208 1267 2243 illum,
1280 2208 1354 2247 quid
1363 2205 1451 2247 am]
1466 2207 1540 2238 Hoc
1549 2206 1642 2239 vultu

898 2256 1022 2281 mutato
1037 2257 1070 2281 et
1092 2250 1219 2281 turbato
1234 2229 1360 2281 dicitur.
1401 2250 1577 2291 D.—Lege
1599 2260 1642 2282 ex

898 2293 988 2324 codd.
1011 2293 1159 2324 omnibus
1178 2292 1297 2324 Faerni
1319 2300 1352 2324 et
1375 2293 1503 2331 nostris,
1523 2294 1639 2325 Audin'

899 2343 932 2367 tu
947 2339 997 2367 hic
1008 2339 1083 2378 quid
1096 2339 1142 2367 ait
1155 2339 1171 2367 ?
1203 2336 1240 2367 B.
1338 2340 1342 2347 ’

942 2381 971 2411 8.
1005 2381 1144 2411 Amorem
1169 2390 1232 2411 esse
1259 2391 1370 2411 omnem
1399 2382 1432 2410 in
1459 2378 1640 2421 tranquillo]

900 2423 999 2461 Bene,
1015 2426 1047 2454 in
1063 2425 1235 2464 tranquillo,
1246 2423 1321 2463 quia
1331 2422 1412 2454 mari
1422 2429 1455 2454 et
1465 2429 1639 2465 tempesta—

899 2466 984 2498 tibus
1000 2466 1111 2498 amicae
1123 2465 1283 2498 mobilitas
1298 2472 1331 2497 et
1345 2465 1538 2498 instabilitas
1552 2475 1640 2498 com-

898 2519 1039 2551 paratur.
1084 2509 1138 2540 Sic
1155 2509 1269 2541 Horat.
1286 2509 1393 2540 Carm.
1410 2509 1431 2540 i.
1448 2510 1477 2540 5.
1495 2510 1526 2540 5.
1559 2511 1639 2541 Sin—

895 2555 968 2593 ple:
981 2555 1163 2584 munditiis?
1186 2555 1244 2584 heu
1258 2555 1373 2594 quoties
1379 2554 1473 2592 fidem
1487 2553 1640 2584 Μυήσιοι·
1660 2591 1663 2593 ,

899 2607 956 2638 que
966 2598 1036 2628 deos
1043 2598 1150 2636 flebit.-
1165 2601 1196 2627 et
1204 2607 1312 2636 aspera
1321 2597 1433 2637 Nigris
1441 2607 1640 2637 ‹equorum-

900 2642 941 2671 tis
956 2641 1147 2671 Emit-abitur
1162 2641 1298 2676 insolens,
1312 2640 1373 2672 Qun·
1385 2650 1464 2670 nunc
1479 2644 1509 2670 te
1517 2638 1642 2680 fluitur

900 2684 1040 2714 credulus
1057 2693 1160 2720 aurea,
1176 2687 1231 2713 etc.
1283 2684 1352 2713 Una
1365 2686 1411 2713 eat
1425 2681 1546 2724 domun]
1562 2682 1641 2715 Post

900 2726 1080 2767 Pamphilae
1101 2725 1240 2767 nuptias.
1279 2725 1485 2757 D.--Faerni
1510 2725 1586 2758 libri
1606 2731 1641 2758 et

899 2769 1001 2801 nostri
1015 2769 1226 2810 comprobant
1245 2768 1331 2799 hunc
1346 2768 1502 2807 ordinem,
1524 2779 1589 2801 em
1602 2779 1639 2801 a·

898 2823 1005 2844 morem
1020 2823 1140 2843 omnem.
1171 2811 1209 2842 B.

942 2856 971 2887 9.
998 2854 1483 2897 ssaispatrisecmendawit]
1502 2855 1640 2888 Hocest

896 2898 980 2940 quod
1005 2897 1127 2940 profuit
1148 2897 1314 2930 Phaedriae.
1357 2899 1396 2930 In
1419 2900 1588 2931 clientelam
1608 2905 1639 2931 et

887 2941 998 2982 fidem]
1017 2943 1203 2980 clientelam,
1219 2948 1257 2973 ut
1270 2947 1415 2973 ametur:
1437 2944 1470 2974 in
1483 2944 1586 2982 fidem,
1601 2949 1639 2974 ut

895 2984 1094 3016 defendatur.
1141 2984 1372 3016 D.—Primum
1408 2985 1509 3017 nostri
1544 2985 1637 3018 codd.

896 3038 1017 3067 omnes,
1046 3034 1164 3070 praeter
1189 3038 1300 3067 unum,
1326 3028 1455 3067 habent,
1489 3030 1584 3060 Thais
1606 3041 1639 3061 se
