1852 3216
611 118 693 157 DE
723 118 1074 158 TERENTIO'.
1505 122 1606 161 xxxi

84 210 151 245 ἀπὸ
174 209 325 256 μηχανῆς
348 204 483 244 finire:
512 205 618 256 quod
645 215 704 244 est
732 205 909 244 ultimum
930 205 1123 256 refugium
1152 214 1291 256 poetae,
1311 219 1399 244 cum
1419 210 1480 255 τὴν
1498 211 1607 250 δέων,

86 261 159 298 hoc
177 269 247 304 est,
267 259 423 304 nodum,
442 272 557 310 quem
584 259 721 311 ligavit
748 260 842 310 ipse,
863 259 1012 298 solvere
1033 273 1110 298 non
1139 267 1280 310 potest,
1301 268 1340 298 et
1359 273 1440 298 rem
1468 274 1606 311 parum

84 313 246 364 provide
278 313 471 351 tractavit.
529 312 630 351 Nam
664 322 831 358 caeterae‚
864 326 953 364 quae
983 313 1036 351 ibi
1065 313 1296 351 adhibentur
1326 314 1528 359 machinae,
1558 315 1609 353 ad

84 380 212 405 scenae
231 375 270 405 et
299 367 470 418 choragii
498 376 687 413 ornatum,
709 370 764 406 καὶ
788 371 849 415 τὴν
875 371 972 417 ὄψιν,
994 376 1038 404 ut
1066 367 1317 418 philosophus
1346 367 1395 405 de
1423 368 1469 406 iis
1498 367 1607 418 loqui

85 420 194 464 solet,
214 420 457 466 referuntur.
508 420 636 463 Quale
665 431 723 459 est
752 421 961 466 brontium,
990 429 1030 458 et
1057 421 1411 472 ceraunoscopium‚
1441 435 1608 472 quorum

83 474 205 512 altero
223 474 271 512 ad
299 475 457 521 tonitru,
478 474 549 512 hoc
568 474 617 512 ad
647 474 792 512 fulmen
813 475 1122 525 exprimendum,
1150 475 1187 512 in
1207 474 1489 526 Amphitryone
1507 489 1606 526 opus

85 528 169 566 fuit.
229 528 365 566 Finem
386 542 478 566 vero
499 541 588 579 quae
617 542 639 566 a
665 529 851 573 machina,
871 528 1066 566 lubentius
1094 528 1132 566 in
1152 529 1297 578 tragico
1317 542 1432 579 quarn
1457 529 1606 568 comico

85 591 246 619 excusat
265 581 493 620 Aristoteles
513 597 522 627 3
554 583 643 632 quia
671 591 899 633 argumento
928 583 1097 633 tragicus
1125 582 1360 633 astringitur,
1381 583 1487 633 quod
1506 583 1608 621 acci-

84 635 155 687 pit.
211 635 458 686 Quamquam
494 649 543 676 ne
576 636 664 674 huic
697 636 854 686 quidem
887 650 971 674 eam
1004 636 1096 674 fecit
1123 636 1298 686 gratiam,
1333 650 1421 674 cum
1457 637 1604 687 inquit:

85 693 231 738 Φανερὸν
249 691 319 734 οὖν,
339 693 391 727 ὅτι
415 693 468 727 καὶ
486 693 546 728 τὰς
562 692 681 729 λύσεις·
698 696 765 728 τῶν
791 693 906 738 μύθων
924 693 962 738 ἐξ
978 693 1080 728 αὐτοῦ
1100 693 1152 728 δεῖ
1176 695 1237 728 τοῦ
1264 692 1373 739 μύθου
1392 694 1606 739 συμβαίνειν,

84 746 139 781 καὶ
165 746 223 791 μὴ,
242 746 358 793 ὥσπερ
375 746 411 781 ἐν
436 749 477 790 τῇ
506 747 647 792 Μηδείᾳ,
667 746 734 782 ἀπὸ
761 749 922 793 μηχανῆς,
942 748 996 781 καὶ
1014 747 1050 782 ἐν
1065 749 1105 792 τῇ
1134 746 1254 782 Ἰλιάδι
1270 748 1313 782 τὰ
1338 748 1418 794 περὶ
1434 749 1494 782 τὸν
1520 747 1607 783 ἀπό-

84 802 206 835 πλουν.
274 797 321 834 Id
352 805 422 842 est,
450 796 698 848 issanifestum
725 811 815 849 ergo
842 804 908 842 est,
938 798 1052 835 etiam
1079 798 1216 835 exitum
1233 797 1399 849 sabuloe,
1428 812 1448 836 e
1463 798 1608 849 sabula

83 852 170 902 ipsa
196 850 274 902 peti
301 850 443 896 debere,
477 864 548 888 non
579 865 604 888 a
635 851 818 897 machina,
842 858 882 889 ut
909 851 946 889 in
975 851 1125 895 Medea,
1155 858 1220 889 aut
1246 852 1543 903 quemadmodum
1570 852 1610 890 in

85 904 220 949 Iliade,
251 904 287 942 in
320 905 379 949 iis,
407 918 493 956 quae
520 904 622 942 circa
649 905 805 942 reditum
836 905 1052 943 Graecorum
1073 905 1195 952 fiunt.
1256 905 1437 944 Medeam
1466 915 1608 951 autem,

86 972 162 997 non
189 958 451 1009 Euripideam,
472 959 541 996 sed
570 958 728 996 alterius
754 958 934 1009 intelligit
966 968 1106 1009 poetae.
1164 959 1273 997 Idem
1301 969 1341 997 et
1365 960 1566 1006 Horatius,
1587 974 1609 998 e

89 1012 263 1056 Pariano‚
301 1012 428 1056 credo,
462 1012 734 1063 Neoptolemo,
763 1027 786 1050 a
814 1026 891 1063 quo
927 1012 1110 1063 pleraque
1147 1022 1345 1064 praecepta
1373 1027 1442 1052 sua
1468 1014 1508 1052 in
1535 1014 1608 1052 hoc

86 1066 231 1117 scripto
249 1066 390 1111 hausit,
412 1066 635 1117 fugiendum
655 1075 809 1104 monet:

365 1127 401 1163 N
403 1141 442 1163 ec
459 1128 546 1163 deus
561 1129 715 1171 intersit,
735 1129 803 1164 nisi
819 1128 950 1174 dignus
968 1128 1107 1164 vindice
1122 1128 1239 1164 nodus

365 1175 548 1211 Inciderit.

89 1234 168 1274 Ubi
196 1234 311 1273 nodus
337 1244 397 1274 est
424 1238 443 1283 ἡ
471 1238 576 1281 δέσις,
597 1249 685 1286 quae
714 1235 907 1273 interdum
935 1248 1009 1286 ope
1037 1235 1206 1273 humana
1233 1234 1331 1273 solvi
1360 1249 1437 1274 non
1465 1244 1608 1287 potest.

87 1288 171 1332 Qui
190 1289 360 1340 quidem,
381 1290 453 1327 nisi
471 1299 613 1340 praeter
636 1299 762 1340 poetae
782 1289 1020 1327 voluntatem
1050 1298 1117 1326 aut
1136 1303 1186 1326 ex
1213 1290 1429 1340 argumenti
1457 1292 1611 1329 eveniat

89 1344 329 1388 necessitate,
351 1357 426 1381 non
446 1357 468 1381 a
486 1344 585 1388 Deo,
606 1343 711 1394 quod
730 1343 901 1394 cujusvis
921 1343 1035 1381 etiam
1056 1343 1332 1394 imperitissimi
1352 1353 1411 1381 est
1429 1344 1609 1390 hominis,

90 1410 224 1434 verum
258 1411 280 1434 a
311 1406 428 1448 poeta
460 1397 557 1435 solvi
595 1397 722 1435 debet.
781 1397 930 1435 Rursus
967 1397 1066 1434 sicut
1103 1397 1227 1448 pictor
1259 1397 1385 1448 primo
1422 1398 1611 1436 ambitum

89 1450 268 1496 delineat,
302 1451 440 1488 deinde
472 1450 624 1502 singula
657 1450 834 1495 absolvit,
866 1451 920 1488 ita
949 1451 1101 1501 sapiens
1131 1460 1246 1501 poeta
1277 1451 1468 1489 actionem
1501 1466 1611 1491 suam

88 1504 382 1542 circumscribit.
440 1504 626 1548 Primum,
647 1513 690 1542 ut
710 1505 759 1543 sit
780 1513 884 1542 tota:
914 1505 987 1543 hoc
1006 1514 1077 1550 est,
1098 1514 1142 1542 ut
1166 1505 1411 1555 principium,
1432 1514 1475 1543 ut
1494 1506 1611 1544 finem

89 1558 240 1603 habeat,
261 1567 300 1596 et
328 1558 523 1596 medium:
553 1572 640 1608 quae
669 1559 706 1596 in
736 1559 905 1596 minimis
925 1572 1079 1608 quoque
1100 1572 1184 1596 esse
1213 1567 1388 1609 possunt.
1447 1559 1612 1598 Minima

87 1620 218 1650 autem
237 1626 390 1650 sensum
410 1613 478 1650 vix
496 1612 727 1650 admittunt:
757 1626 896 1662 magna
918 1612 1076 1649 nimium
1096 1612 1336 1663 dispergunt.
1393 1612 1456 1651 Sic
1476 1614 1610 1651 formi-

91 1679 175 1704 cam
194 1666 262 1703 vix
283 1666 482 1704 videmus:
512 1666 551 1703 in
571 1674 779 1717 conspectu
797 1666 990 1717 elephanti
1009 1666 1115 1704 visus
1134 1667 1202 1704 vix
1222 1666 1428 1716 colligitur.
1475 1666 1610 1709 Quare

90 1719 293 1758 comoediae
326 1720 605 1770 tragoediaeque
634 1720 870 1771 magnitudo,
893 1729 931 1758 et
959 1720 1155 1771 periodus,
1188 1729 1230 1758 ut
1260 1734 1348 1758 cum
1379 1720 1612 1772 philosopho

91 1773 165 1811 hoc
185 1773 320 1818 dicam,
340 1787 362 1811 e
380 1783 518 1811 natura
537 1773 737 1824 utriusque
756 1782 795 1811 et
820 1774 969 1811 ratione
997 1774 1077 1824 peti
1102 1774 1257 1812 debent.
1314 1774 1378 1820 Et,
1398 1775 1612 1813 mutatione

91 1827 226 1878 prima,
257 1827 330 1865 hoc
360 1837 431 1872 est,
465 1841 552 1865 cum
586 1827 809 1865 infelicitate
841 1827 890 1865 ad
922 1827 1145 1865 felicitatem
1174 1828 1213 1865 in
1245 1828 1448 1873 comoedia,
1477 1838 1612 1867 contra

90 1889 220 1918 autem
252 1881 290 1918 in
323 1881 512 1932 tragoedia
542 1881 682 1918 mutari
716 1889 845 1931 potest
873 1882 1000 1919 actio:
1030 1881 1083 1918 ita
1113 1890 1157 1918 ut
1175 1894 1226 1918 ex
1255 1891 1480 1931 argumento
1504 1883 1609 1928 nihil,

88 1934 196 1985 quod
224 1934 273 1972 ad
300 1948 379 1972 rem
407 1943 566 1984 spectet,
586 1935 770 1985 praemitti
801 1935 851 1972 sit
878 1948 1049 1972 necesse.
1106 1934 1287 1972 Summus
1309 1935 1510 1974 Aristoteli
1529 1950 1611 1974 am-

91 1988 195 2026 bitus
229 1988 340 2026 unius
372 1988 463 2026 solis
494 1998 578 2026 est:
607 1997 735 2039 potest
766 2002 850 2026 esse
878 1988 1027 2039 aliquot
1057 1988 1253 2026 horarum.
1311 1988 1402 2031 Qua
1429 1990 1469 2027 in
1501 1998 1612 2041 parte

91 2041 337 2080 admirandus
370 2042 580 2093 Sophocles
614 2042 910 2092 Terentiusque.
967 2042 1128 2080 Plautus
1158 2056 1251 2080 vero
1283 2056 1422 2081 novem
1456 2057 1609 2082 menses

91 2109 168 2134 uno
196 2095 369 2134 dramate
398 2096 623 2146 complexus
651 2105 722 2134 est.
780 2095 835 2134 Ut
868 2096 936 2133 vix
967 2095 1090 2146 major
1121 2095 1360 2147 ampliorque
1389 2096 1613 2136 Homericae

92 2149 247 2194 Iliados,
268 2163 382 2200 quam
410 2150 706 2201 Amphitryonis
736 2150 786 2187 sit
810 2149 1007 2200 periodus.
1064 2149 1278 2188 Alcumena
1296 2159 1425 2188 autem
1444 2152 1613 2203 concipit

91 2212 133 2242 et
163 2204 276 2254 parit.
333 2203 454 2246 Quod
491 2204 522 2241 si
558 2204 668 2242 fieret
703 2204 859 2254 ubique,
897 2203 1003 2241 nullo
1040 2204 1214 2254 episodio
1243 2203 1325 2254 jam
1358 2218 1456 2256 opus
1489 2215 1612 2244 esset:

93 2257 256 2306 ideoque
287 2271 359 2296 nec
388 2271 450 2295 ars
481 2267 595 2302 esset,
629 2258 796 2296 scribere
827 2258 1071 2296 comoediam.
1129 2257 1396 2308 Praeterquam
1426 2259 1532 2309 quod
1563 2260 1614 2298 sit

93 2311 252 2349 monstri
283 2311 414 2357 instar,
436 2320 476 2350 et
506 2325 595 2350 cum
626 2312 774 2350 ratione
804 2325 848 2350 ac
878 2321 1016 2349 natura
1046 2320 1204 2362 pugnet,
1233 2322 1277 2349 ut
1307 2326 1395 2362 quae
1428 2313 1542 2351 simul
1573 2322 1614 2352 et

95 2365 283 2416 concipiat
300 2374 339 2403 et
356 2366 493 2416 pariat.
550 2365 694 2408 Qualia
720 2364 904 2404 nonnulla
931 2366 970 2403 in
998 2366 1186 2416 scriptore
1214 2366 1287 2404 hoc
1314 2379 1487 2404 summus
1506 2367 1613 2406 criti-

95 2431 228 2457 corum
247 2417 379 2457 Caesar
398 2419 568 2470 Scaliger
594 2420 755 2458 notavit.
811 2419 943 2469 Atque
967 2420 1052 2457 haec
1079 2419 1295 2457 vitaverant
1318 2428 1446 2470 poetae
1467 2419 1612 2467 Graeci,

94 2485 256 2522 quorum
269 2474 411 2524 scripta
423 2474 483 2511 hic
499 2481 701 2524 tantopere
717 2473 961 2511 commendat
972 2473 1134 2511 Flaccus
1150 2488 1158 2511 :
1186 2474 1351 2511 technici
1366 2473 1611 2521 Graecorum,

96 2525 288 2575 quomodo
307 2527 464 2565 vitanda
481 2536 611 2565 essent
629 2541 674 2565 ac
698 2527 881 2571 cavenda,
902 2541 1006 2578 saepe
1035 2527 1275 2565 inculcarunt
1299 2528 1392 2565 suis.
1450 2527 1614 2567 Plautus

96 2591 237 2629 susque
268 2579 391 2630 deque
422 2581 568 2626 habuit,
601 2589 645 2619 ut
679 2581 717 2618 in
751 2580 939 2632 Captivis.
996 2581 1127 2624 Quam
1160 2581 1346 2619 incuriam
1378 2590 1493 2632 poeta
1524 2596 1614 2621 cum

98 2632 257 2679 videret,
277 2634 471 2672 continere
491 2648 532 2672 se
550 2648 626 2673 non
645 2635 786 2686 potuit,
807 2636 902 2686 quin
921 2635 1180 2673 exclamaret:

740 2709 806 2732 vos
822 2698 1035 2743 exemplaria
1051 2696 1176 2732 Graeca

419 2743 607 2779 Nocturna
621 2750 760 2779 versate
777 2756 899 2786 manu,
917 2749 1054 2779 versate
1070 2744 1208 2779 diurna.

97 2798 243 2839 Contra
261 2801 531 2853 negligentiam
549 2817 709 2842 suorum
728 2812 768 2842 et
787 2804 974 2842 incuriam
993 2803 1220 2855 gravissime
1239 2811 1405 2843 taxaret.
1463 2805 1615 2848 Quidni

98 2854 198 2892 enim
230 2855 296 2905 qui
328 2855 402 2894 hoc
433 2864 514 2894 tum
546 2859 695 2908 agebat,
717 2857 822 2908 quod
851 2866 938 2895 ante
967 2871 1055 2895 eum
1084 2857 1341 2897 Aristoteles:
1370 2859 1437 2910 qui
1469 2859 1614 2910 ubique

98 2906 323 2959 Euripidem
340 2916 379 2947 et
405 2908 500 2948 alios
518 2910 558 2948 in
583 2910 658 2949 illis
682 2911 930 2963 reprehendit
946 2926 956 2949 ι
986 2924 1074 2949 nam
1093 2910 1142 2949 de
1161 2912 1317 2951 comicis
1337 2926 1426 2963 quae
1446 2913 1613 2964 scripsit,

97 2959 210 3000 bodie
246 2975 322 3002 non
350 2970 515 3003 exstant.
572 2963 696 3005 Porro
732 2965 847 3005 simul
878 2979 923 3005 ac
959 2973 1074 3017 poeta
1103 2965 1294 3006 actionem
1325 2967 1452 3014 habet,
1484 2966 1614 3006 locum
