1852 3216
86 128 227 158 scssxa
247 114 298 171 1.]

681 116 1002 159 HECYRA.

1521 120 1609 163 485

143 205 206 248 Ut
225 220 370 248 omnes
389 205 587 250 mulieres
606 206 758 253 eadem
777 214 901 262 aeque
919 207 1141 257 studeant,
1158 206 1377 263 nolintque
1397 208 1569 251 omnia?

100 297 104 301 ·
141 271 299 327 Neque
312 271 565 314 declinatam
573 273 800 328 quicquam
808 273 864 315 ab
876 271 1053 314 aliarum
1068 273 1239 328 ingenio
1250 271 1378 315 ullam
1391 274 1608 330 reperias?

139 335 292 392 Itaque
312 337 422 379 adeo
443 353 530 380 uno
549 338 688 380 animo
707 353 853 380 omnes
875 353 1023 380 socrus
1043 338 1230 381 oderunt
1247 353 1406 381 nurus:

105 410 125 440 6
141 401 260 444 Viris
279 417 375 445 esse
396 403 600 445 advorsas
621 418 746 459 aeque
766 404 955 446 studium
974 411 1056 454 est,
1079 404 1223 446 similis
1242 405 1476 460 pertinacia
1494 412 1576 448 est.

139 467 191 509 In
212 468 451 523 eodemque
471 483 616 511 omnes
636 468 739 510 mihi
756 469 956 511 videntur
975 468 1079 511 ludo
1099 470 1239 512 doctae
1257 470 1315 512 ad
1333 470 1556 513 malitiam:

97 536 102 539 '
139 532 198 574 Ei
216 532 335 584 ludo,
357 534 392 575 si
414 532 525 576 ullus
546 541 629 584 est,
645 534 891 589 magistram
907 534 1019 576 hanc
1039 549 1136 577 esse
1156 536 1258 577 satis
1279 543 1397 578 certo
1416 537 1518 579 scio.

140 598 215 641 So.
251 598 328 641 Me
360 600 572 651 miseram,
601 614 699 655 quae
730 615 859 652 nunc,
895 601 1171 656 quamobrem
1207 616 1398 653 accuser,
1432 603 1576 646 nescio
1593 605 1605 646 Ξ

160 683 165 705 ·,
227 663 312 707 [Α.
335 664 476 707 Hem!

82 763 208 790 nurum,
225 753 286 785 hoc
302 760 361 791 est,
378 764 511 785 uxorem
527 754 701 796 Pamphili,
720 765 818 796 prop·

83 799 172 835 terea
183 797 279 828 domo
291 798 484 836 discessisse,
498 798 582 838 quod
594 808 703 829 socrus
715 809 820 829 mores

83 850 147 871 non
170 848 278 881 posset
299 841 467 872 sustinere.
512 842 595 872 Cum
617 851 715 882 supra
734 841 818 872 dixi-

82 893 163 921 mus,
179 884 274 914 sicuti
291 884 382 922 (Cum
397 890 505 920 tamen,
519 886 611 915 sicuti
629 895 723 924 supra
737 886 819 915 dixi·

82 938 156 965 mas,
166 929 280 958 seilicet
296 927 349 965 Z.)
359 935 470 969 partus
482 927 607 958 celandi
619 937 714 958 causa
725 927 821 959 domo

82 969 138 1000 illa
153 970 343 1001 discesserit.
375 970 415 1001 E.

127 1014 156 1043 2.
186 1014 227 1044 Ut
248 1025 345 1044 omne:
366 1015 504 1044 mulieres
525 1015 627 1044 eadem
648 1024 732 1054 aeque
753 1019 818 1044 sta-

81 1054 188 1096 deant]
214 1056 305 1087 Bono
325 1063 514 1097 argumento
537 1056 646 1087 utitur.
691 1056 820 1088 Laesisti

81 1109 208 1136 nurum,
230 1099 305 1140 quia
326 1110 436 1131 socrus
459 1110 511 1131 es:
545 1106 578 1130 et
599 1099 688 1130 nulla
709 1110 820 1131 socrus

81 1142 187 1183 diligit
202 1153 328 1174 nurum.
371 1144 414 1174 Ut
428 1154 526 1174 omnes
539 1142 694 1183 mulieres]
713 1145 818 1174 Accu-

80 1185 163 1217 satio
177 1196 196 1217 a
211 1196 307 1217 causa
326 1186 448 1217 eadem.
492 1186 658 1227 studeant]
684 1186 819 1226 Majoris

80 1229 188 1269 operis
209 1236 259 1260 est
279 1231 409 1266 studere,
425 1240 520 1270 quam
542 1231 626 1261 velle.
666 1230 819 1261 D.—Pro

86 1274 127 1303 Ue
138 1272 255 1313 legitur
266 1272 302 1304 in
312 1273 424 1304 Bemb.
434 1279 466 1303 et
476 1272 597 1303 Victor.
627 1274 723 1309 Utin‘,
734 1273 820 1314 quod

80 1315 271 1347 concitatius
292 1323 385 1357 putat
408 1316 561 1347 Faernus.
607 1316 653 1346 At
668 1316 720 1347 bic
739 1326 817 1347 con-

80 1358 196 1391 sistere
210 1359 331 1399 nequit,
347 1359 421 1399 quia
436 1358 581 1390 ultimam
596 1369 725 1401 semper
741 1369 816 1400 pro-

82 1401 180 1433 ducit.
224 1402 329 1442 Igitur
343 1402 415 1443 lege
437 1403 519 1433 Utn’.
550 1402 589 1433 B.

125 1446 154 1476 3.
179 1447 285 1486 Neque
306 1447 487 1476 declinatam
504 1445 679 1486 quicquam]
705 1445 745 1476 Id
759 1451 818 1483 est,

82 1487 198 1519 flexam
214 1488 265 1520 vel
287 1488 448 1526 inflexam,
464 1489 504 1519 ab
520 1499 558 1520 eo
576 1488 661 1528 quod
676 1488 818 1519 declina-

82 1531 183 1567 verit3
209 1541 249 1562 ue
270 1542 384 1572 pamm
406 1531 458 1568 sit,
474 1531 634 1562 diversam
650 1531 701 1562 vel
723 1531 818 1562 dissi-

80 1574 189 1606 milem
201 1574 321 1606 dixisse
333 1587 341 1605 :
367 1583 402 1605 ut
413 1581 462 1606 est
476 1574 565 1611 illud,
578 1576 663 1605 illum
676 1576 820 1605 tantulam

78 1619 202 1657 inflexit.
241 1618 434 1658 D.—Neqae
457 1617 654 1658 declinatam]
681 1618 820 1649 Menan-

78 1660 158 1692 der:
195 1661 275 1699 Γυνὴ
299 1660 447 1700 ’γυναικὸς
472 1660 590 1692 πώποτ’
617 1660 687 1692 οὐδὲ
711 1660 818 1702 διαφέ-

78 1715 133 1743 ρει.
166 1704 208 1735 D.
410 1733 413 1737 ,

121 1748 152 1778 4.
175 1749 284 1788 Itaque
305 1749 379 1778 adeo
402 1758 462 1778 ano
480 1747 597 1788 animo]
619 1747 755 1779 Nescias
776 1758 819 1779 an

79 1800 122 1820 ex
143 1790 304 1821 sententia
324 1790 394 1826 hac,
411 1790 462 1821 vel
484 1790 564 1821 adeo
580 1801 621 1822 ex
642 1791 702 1821 hac
723 1801 820 1822 scena

79 1843 196 1867 nomen
209 1833 324 1864 fabulae
337 1833 381 1864 sit
394 1833 572 1864 inventum.
611 1835 719 1874 Itaque
727 1833 818 1874 adeo]

79 1876 270 1908 Necessaria
297 1876 466 1907 senteutiae
487 1875 672 1917 ἀμφιβολία,
700 1877 742 1907 ad
762 1877 818 1908 de-

77 1919 279 1951 scribendam
308 1928 476 1960 utramque
512 1930 690 1960 personam.
730 1920 817 1950 D.—

81 1965 188 1994 Onnes
207 1974 309 1994 socrus
326 1962 468 2003 oderunt]
494 1962 684 2004 Hieronym.
701 1963 814 1994 adver-

77 2016 133 2038 sus
145 2006 306 2038 Jovinian.
323 2016 393 2047 cap.
411 2007 462 2037 29.
486 2008 523 2037 In
537 2007 629 2046 Lepet·
640 2008 713 2037 urbe
726 2009 814 2038 semi-

80 2051 214 2081 barbara
228 2055 259 2081 et
270 2052 372 2089 posita
387 2052 418 2080 in
432 2051 593 2080 solitudine
607 2051 697 2080 moris
711 2055 767 2086 est,
781 2055 817 2080 ut

78 2103 172 2124 num
196 2094 296 2124 altera
321 2095 371 2124 die
399 2095 486 2124 ollam
516 2098 647 2123 mutuam
672 2095 814 2132 postulet.

80 2137 139 2169 Gna·
161 2137 216 2167 illa
239 2141 340 2177 negat,
366 2142 400 2167 ut
423 2138 502 2167 scias
527 2137 605 2167 illud
627 2147 727 2167 verum
753 2147 816 2167 esse

82 2180 226 2216 Terentii,
248 2182 328 2220 quod
354 2181 487 2210 consalta
515 2181 654 2220 ambigue
682 2181 812 2211 extulit.-

81 2224 188 2257 Onaes
214 2234 316 2254 eoem
344 2225 470 2254 oderunt
499 2234 601 2254 naras.
659 2222 750 2254 Idem
780 2223 815 2254 iu

81 2265 255 2303 Michaam,
277 2276 347 2308 cap.
376 2267 405 2299 7.
448 2268 606 2297 Terentius
630 2268 663 2296 in
680 2267 814 2306 Hecyra,

82 2310 164 2342 Quid
184 2311 238 2340 1·oe
251 2315 306 2347 ert,
328 2311 437 2350 iuquit,
452 2321 550 2340 omnes
570 2320 672 2340 socrus
691 2311 818 2340 oderunt

78 2355 195 2383 numi
219 2354 298 2392 quod
317 2364 486 2393 quanquam
508 2354 679 2394 ambiguam
700 2355 751 2389 sit,
767 2358 816 2383 ta-

79 2405 146 2427 men
171 2398 379 2434 propemodum
409 2397 549 2427 naturale
577 2401 632 2433 est,
661 2400 696 2427 at
723 2407 817 2427 marus

79 2449 204 2474 socrat,
220 2443 251 2470 et
264 2450 365 2470 coer-nu
376 2441 473 2470 oderit
484 2450 600 2470 narum.
633 2439 816 2470 L.-—Huuc

80 2490 217 2518 versum,
229 2481 285 2521 qui
301 2489 367 2512 toto
382 2482 463 2523 pede
478 2482 596 2520 deficit,
608 2482 817 2524 ambiguitate

78 2523 210 2560 laborat,
238 2530 271 2555 et
296 2524 386 2556 filum
416 2525 570 2556 orationis
599 2525 817 2567 interrumpit,

80 2566 226 2608 spurium
244 2577 314 2598 esse
334 2578 460 2599 censeo.
505 2568 591 2599 Nam
605 2579 678 2600 cum
694 2568 817 2600 crimen

80 2609 210 2650 aliquod
224 2620 394 2641 commune
415 2613 542 2642 omnium
562 2614 719 2643 mallerum
740 2622 814 2653 pro-

80 2653 209 2690 feratur,
232 2653 315 2684 male
335 2653 388 2684 hic
409 2660 543 2695 repente
564 2661 754 2686 accusantur
767 2667 815 2686 so-

78 2707 157 2727 crus.
204 2697 310 2737 Atque
336 2696 364 2727 ai
387 2696 530 2728 omnium
557 2703 607 2728 est
634 2697 721 2729 idem
746 2705 815 2729 stu·

80 2739 168 2770 dium
179 2751 187 2774 ς
211 2739 266 2780 qui
278 2740 324 2776 fit,
338 2746 374 2770 ut
385 2750 479 2770 nurus
489 2746 523 2771 et
535 2751 637 2771 sacrus
648 2746 814 2783 tantopere

79 2782 165 2814 inter
179 2793 214 2813 se
229 2782 436 2824 discrepent?
469 2783 505 2813 B.

86 2850 89 2854 .
123 2827 153 2857 5.
181 2827 263 2857 Viris
279 2837 342 2857 esee
356 2825 515 2867 advorsos]
532 2825 631 2856 Aliud
645 2835 816 2867 argumen-

81 2877 167 2908 μεως
183 2869 311 2900 Laesisti
319 2879 445 2905 nurum,
456 2876 492 2900 ut
503 2868 582 2900 mihi
591 2869 817 2901 adversarer-is.

81 2911 166 2944 Nm
192 2912 308 2944 mulier
333 2923 377 2950 ω,
400 2919 434 2943 et
455 2911 606 2943 mulieres
627 2922 739 2944 omues
759 2913 816 2945 ad·

80 2961 248 2990 vertantur
263 2955 352 2988 viris.
396 2957 496 2997 AEqae
508 2957 642 2988 studi-n
655 2955 719 2997 est}
743 2958 815 2988 Sea-

863 756 955 792 dt‘um,
970 762 1019 787 est
1032 755 1179 787 voluntas
1193 755 1333 788 hominis
1345 757 1499 789 attentior
1509 764 1606 800 atque

864 797 1049 839 impensior.
1078 800 1195 830 Similis
1205 802 1378 839 pertinacia
1386 801 1448 842 ese]
1461 802 1604 842 Αὕξησις.

864 841 950 872 Nam
980 843 1112 872 studium
1140 849 1173 873 et
1200 843 1319 874 bonum
1346 851 1411 875 est:
1431 847 1606 885 pertinacia

863 894 940 915 vero
958 894 1121 925 nunquam
1145 896 1210 916 non
1226 886 1318 917 mala.
1348 887 1481 918 D.—Ut
1496 888 1604 920 versui

862 926 1020 958 laboranti
1043 939 1221 966 succurras,
1244 938 1365 970 repone
1392 931 1474 962 Viris
1494 933 1602 963 advor-

862 972 927 1000 sari
938 972 1040 1011 aeque,
1053 977 1109 1002 etc.
1139 971 1187 1002 Cf.
1202 972 1287 1003 infra
1301 973 1333 1003 ii.
1352 974 1380 1004 2.
1398 975 1448 1005 29.
1465 980 1499 1005 et
1513 974 1554 1006 iv.
1572 976 1603 1006 4.

906 1057 935 1087 6.
953 1058 990 1088 In
1005 1059 1161 1097 eodemque
1176 1069 1273 1089 omnes
1288 1061 1362 1090 mihi
1377 1062 1517 1091 videntur
1533 1063 1604 1092 ludo

861 1102 956 1131 docta
977 1102 1019 1131 ad
1039 1101 1204 1142 malitiam]
1228 1101 1306 1132 Tria
1334 1102 1369 1133 in
1400 1104 1603 1135 accusatione

861 1143 979 1184 posuit,
1003 1154 1044 1174 ex
1074 1144 1189 1184 quibus
1219 1145 1284 1175 duo
1312 1152 1388 1176 sunt
1409 1147 1602 1184 communia,

862 1196 961 1217 unum
985 1186 1106 1228 ipsius:
1129 1188 1215 1228 quod
1236 1190 1344 1219 mulier
1370 1196 1430 1227 est,
1457 1197 1490 1221 et
1516 1191 1603 1231 quod

861 1240 972 1267 socrus,
994 1231 1196 1261 communia:
1221 1232 1307 1272 quod
1328 1232 1399 1274 ipsa
1420 1233 1604 1275 specialiter

862 1275 1009 1313 magistra
1025 1280 1074 1304 aet
1095 1274 1136 1304 ad
1158 1274 1323 1312 malitiam,
1342 1276 1506 1307 Sostratae.
1552 1277 1604 1308 Ex

862 1315 912 1347 his
927 1316 1059 1357 colligit,
1074 1317 1226 1357 injuriam
1247 1328 1375 1359 passam
1396 1329 1524 1357 nurum,
1543 1331 1605 1362 per

860 1360 1086 1399 conjecturam.
1118 1360 1161 1392 D.

904 1402 933 1434 7.
958 1404 1002 1433 Et
1023 1405 1052 1434 ei
1076 1404 1155 1440 ludo,
1178 1406 1207 1435 εἰ
1228 1405 1307 1435 ullus
1328 1410 1383 1442 est,
1406 1406 1602 1447 magistram]

862 1444 985 1486 Magna
1006 1446 1213 1487 amplificatio
1227 1447 1389 1479 criminis:
1413 1449 1539 1480 dubitat
1560 1460 1603 1481 an

861 1488 903 1519 sit
918 1489 1013 1520 ludus
1029 1489 1178 1520 malitiae:
1202 1497 1236 1521 et
1250 1491 1435 1532 magistram
1456 1503 1521 1523 non
1541 1493 1601 1524 du-

861 1532 942 1562 bitat
958 1532 1144 1570 Sostratam,
1160 1533 1218 1564 sed
1232 1539 1313 1565 certo
1325 1537 1396 1572 scio,
1412 1535 1526 1576 inquit.
1559 1537 1602 1567 D.

862 1575 1029 1606 —Omnes
1055 1575 1130 1607 libri
1158 1576 1242 1607 male
1266 1577 1386 1609 babent
1406 1580 1451 1609 Et
1471 1581 1500 1610 ei
1522 1581 1602 1610 ludo.

864 1618 965 1649 Recte
994 1618 1029 1649 in
1061 1619 1207 1650 Bembin.
1244 1625 1276 1651 et
1303 1621 1403 1652 abest.
1441 1622 1603 1654 Caeterum

862 1661 922 1702 leg.
945 1663 989 1693 Ei
1003 1664 1082 1699 lado,
1097 1664 1125 1693 ei
1137 1664 1200 1694 alla
1214 1665 1255 1694 sil
1270 1667 1427 1705 magistra,
1438 1667 1515 1696 hanc
1528 1676 1603 1704 esee,

861 1710 917 1736 ete.
957 1705 1041 1736 Nam
1056 1705 1098 1736 de
1117 1705 1195 1737 ludo
1210 1716 1274 1738 non
1289 1707 1425 1745 dubitat,
1441 1708 1517 1749 quia
1531 1708 1603 1750 ipse

862 1747 895 1779 in
908 1757 1003 1790 praec.
1020 1759 1116 1780 versu
1130 1749 1228 1781 talem
1242 1750 1354 1781 ludum
1370 1761 1440 1782 esse
1455 1751 1602 1788 dixerat:

864 1791 921 1822 sed
952 1791 993 1822 de
1021 1791 1175 1833 magistra
1201 1793 1369 1824 dubitandi
1395 1805 1493 1826 causa
1521 1801 1601 1832 erat,

861 1834 1144 1908 pennoanulieres
1164 1837 1405 1876 πολυκοιρανίη
1426 1848 1497 1869 esse
1518 1838 1599 1869 mal-

893 1884 938 1908 nt.
1001 1900 1010 1908 .

905 1922 934 1951 8.
947 1922 1000 1952 Me
1008 1922 1146 1952 miseran·
1156 1920 1188 1962 Ι]
1205 1922 1250 1953 Et
1260 1922 1329 1953 haec
1342 1923 1483 1961 ἐμπαθῶς
1490 1924 1602 1966 coepit,

858 1963 916 1994 sed
930 1963 971 1994 ad
986 1963 1236 1996 misericordiam
1257 1972 1382 2007 spectat
1398 1966 1602 1999 defendentia

858 2006 970 2038 oratio.
1028 2006 1103 2041 Qaae
1131 2019 1219 2044 nanc,
1356 2011 1437 2040 brem
1465 2021 1600 2049 accuser,

858 2049 972 2090 nescio]
990 2050 1138 2082 Oratorie
1159 2061 1219 2092 pro
1241 2062 1276 2083 se
1297 2051 1439 2092 loquitur
1459 2053 1597 2085 mulier:

858 2093 1016 2133 siquidem
1039 2093 1167 2134 majoris
1189 2094 1383 2126 innocentie
1404 2102 1455 2127 est
1475 2096 1599 2128 nescire

858 2136 999 2211 (ςιῆῐιῐιεὲ,ι
1011 2146 1106 2186 quain
1128 2137 1310 2169 defendere.
1355 2139 1404 2188 Et·
1420 2138 1471 2171 his
1484 2140 1601 2214 l{leg-Ibis

857 2190 894 2211 os
909 2189 949 2210 en
973 2190 982 2210 ι
1000 2190 1048 2217 ur,
1070 2190 1140 2211 sine
1163 2191 1248 2212 noxa
1269 2191 1339 2213 esse
1361 2190 1460 2214 enam
1559 2193 1597 2215 u-

858 2233 1002 2253 menam:
1026 2233 1092 2254 non
1113 2223 1217 2255 solum
1238 2224 1331 2262 hanc,
1355 2236 1427 2266 quae
1446 2225 1600 2267 loquitur,

862 2266 1048 2297 Sostratam.
1089 2267 1327 2308 D.—Denique
1353 2268 1500 2310 adjungit
1525 2280 1598 2301 mn-

860 2308 939 2340 lier:
963 2311 1016 2340 Me
1030 2312 1191 2342 miseram!
1212 2322 1279 2351 quae
1302 2322 1389 2349 nanc,
1412 2314 1600 2352 quamobrem

859 2364 990 2390 accuser,
1004 2355 1111 2384 meio.
1141 2355 1250 2394 Meque
1265 2356 1320 2386 abs
1334 2360 1364 2386 te
1378 2358 1525 2387 immet-ito
1535 2367 1600 2388 em

859 2401 1042 2434 accusatam,
1060 2399 1244 2436 postmodum
1263 2397 1421 2439 rescisces]
1437 2399 1599 2434 Quoniam

859 2439 1010 2481 praesenti
1019 2446 1162 2480 tempore
1173 2440 1293 2472 nullam
1303 2441 1344 2472 ad
1356 2452 1480 2473 coenam
1494 2442 1599 2482 (nulla

860 2483 964 2513 adhuc
994 2483 1229 2514 criminationis
1262 2484 1315 2523 Z.)
1346 2484 1387 2515 de
1415 2495 1451 2516 se
1480 2485 1599 2518 habitae

859 2532 966 2566 potest
987 2535 1056 2557 me
1078 2527 1236 2567 purgatio,
1251 2527 1470 2559 defensionem
1491 2528 1532 2560 de
1545 2529 1598 2561 fu·

860 2569 941 2600 turis
964 2569 1161 2611 temporibus
1181 2570 1362 2611 pollicetur,
1388 2570 1440 2603 his
1464 2571 1600 2611 scilicet,

860 2612 975 2653 quibus
1002 2612 1164 2644 rediturus
1190 2620 1240 2644 est
1267 2614 1464 2655 Pamphilus»
1516 2615 1599 2656 Eius

859 2655 945 2686 enim
967 2655 1108 2687 adventu
1129 2666 1181 2687 res
1202 2656 1323 2688 absolvi
1344 2664 1460 2699 potest,
1475 2665 1510 2690 et
1529 2659 1597 2691 dia-

858 2698 1012 2730 ceasionis
1020 2709 1117 2730 eausa
1127 2699 1267 2740 agnosci.
1291 2700 1598 2734 E.—Hent‘eem!

858 2753 924 2782 quae
945 2740 1040 2782 nanc]
1064 2742 1195 2773 Servius
1216 2742 1346 2775 AEneid.
1367 2743 1390 2775 i.
1409 2745 1483 2776 41⁰.
1513 2745 1599 2777 L—

859 2784 947 2825 Lege
968 2785 1054 2816 bunc
1070 2791 1104 2816 et
1124 2795 1189 2826 seq.
1206 2795 1335 2818 versum
1353 2787 1418 2819 sic:
1438 2789 1597 2821 Hemin-

859 2838 934 2865 ran,
949 2839 1016 2868 que
1038 2839 1117 2859 nnnc
1130 2831 1317 2869 quamobrem
1329 2841 1462 2870 aec-nr,
1475 2833 1597 2864 neseio!

860 2870 922 2902 LA.
950 2872 1039 2908 Hem,
1067 2876 1102 2902 tu
1127 2874 1269 2904 nescias?
1295 2871 1377 2915 180.
1403 2875 1456 2906 lea
1480 2885 1526 2907 ne
1550 2878 1598 2908 ΒΞ

861 2915 931 2944 bene
959 2919 1069 2951 meat,
1098 2917 1141 2946 ιη·
1168 2917 1293 2948 Laches.
1326 2917 1412 2949 Nam
1433 2926 1453 2950 ο
1471 2918 1598 2951 ratione

861 2956 978 2989 Faerui
992 2967 1050 2990 seu
1065 2958 1200 3000 vulgari,
1213 2959 1334 2992 senarii
1351 2959 1387 2992 hi
1400 2960 1488 2994 inter
1499 2969 1595 2996 cete·
