1852 3216
103 175 244 202 scENA
267 161 335 216 11.]

672 160 1087 204 EUNUCHUS.

1563 168 1640 209 187

159 250 342 301 Tulerit,
363 265 470 293 neve
490 250 706 301 aliorsum,
728 257 859 305 atque
878 266 961 306 ego
983 250 1079 301 feci,
1102 253 1331 307 acceperit,

158 315 290 363 Quod
311 315 404 357 heri
426 316 693 357 intromissus
713 331 799 358 non
819 323 900 357 est.

156 379 331 431 Tremo,
364 380 622 436 horreoque,
644 387 873 436 postquam
895 381 1046 436 aspexi
1078 381 1204 423 hanc.

119 453 139 482 5
156 444 332 487 Accede
352 446 408 488 ad
429 446 569 501 ignem
590 445 722 496 hunc,
738 446 828 501 jam
849 445 1037 488 calesces
1058 446 1156 502 plus
1178 447 1295 489 satis.

954 315 1040 357 ΡΗ.
1063 315 1223 367 Totus,
1246 316 1473 367 Parmeno,

1262 382 1379 424 PAR.
1402 382 1528 424 Bono
1549 386 1637 425 ani-

1450 450 1539 503 [mo
1559 463 1605 490 es
1624 465 1634 489 ε

154 510 244 552 ΤΗ.
269 511 380 558 Quis
401 510 471 553 hic
492 510 710 566 loquitur?
741 510 856 562 hem,
877 511 966 553 tun’
985 511 1056 553 hic
1077 527 1189 562 eras,
1210 513 1265 554 mi
1287 511 1522 555 Phaedria?

154 575 275 622 Quid
295 575 366 616 hic
387 576 561 617 stabas?
593 590 670 618 cur
690 590 776 618 non
796 583 915 619 recta
934 576 1172 619 introibas‘?

1223 576 1336 619 PAR.
1361 577 1576 620 Caeterum

155 639 226 681 De
248 640 502 692 exclusione,
515 641 693 682 verbum
712 640 888 682 nullum.
940 641 1031 683 ΤΗ.
1056 641 1176 689 Quid
1198 644 1345 684 taces?

154 704 239 746 ΡΗ.
263 705 391 755 Sane,
414 706 514 760 quia
533 720 634 747 vero
654 705 724 747 hae
742 705 845 747 mihi
866 713 1017 761 patent
1038 721 1206 762 semper
1226 706 1364 748 fores:

94 889 136 910 ne
162 879 281 911 factum
308 889 415 911 meum
440 879 533 910 aliter
558 880 720 921 acceperit
743 880 837 910 Phae-

94 922 173 960 dria,
191 933 285 963 quam
302 933 320 953 a
336 933 387 953 me
406 922 523 953 factum
540 929 598 953 est.
639 922 837 963 Propositio-

94 975 168 996 nem
196 965 323 1005 injuriae
353 965 508 1002 tenuavit,
535 974 601 995 non
631 965 716 1006 quod
747 965 838 1005 quasi

93 1008 201 1039 minus
214 1015 263 1039 est
282 1009 322 1039 ab
338 1007 469 1039 excluso
485 1007 626 1048 (corrig-e
642 1008 705 1038 sic:
731 1013 837 1038 tenua-

93 1053 137 1081 vit
152 1062 194 1088 eo,
210 1053 290 1091 quod
303 1053 391 1091 quasi
406 1053 504 1081 minus
518 1056 564 1081 est
579 1052 706 1087 excluso,
723 1061 780 1081 seu
799 1053 840 1082 ab

91 1095 209 1124 aede'bus
230 1095 398 1125 exclusione
431 1093 494 1133 Z.).
531 1093 606 1124 Non
636 1093 722 1124 enim
746 1093 840 1130 dixit,

92 1136 177 1176 quod
201 1136 352 1167 exclusus
377 1143 436 1174 est,
464 1136 521 1167 sed
546 1138 626 1176 quod
652 1138 842 1168 intromissus

90 1190 148 1209 non
162 1184 217 1210 eet.
257 1179 296 1210 E.

135 1223 164 1252 3.
191 1222 279 1256 Quod
292 1224 358 1253 heri
379 1224 568 1253 intromissus
587 1233 646 1253 non
667 1222 730 1263 est]
758 1222 839 1253 Haec

91 1264 204 1301 levius,
221 1271 258 1295 ut
272 1265 313 1296 de
328 1265 413 1296 facto
428 1275 487 1296 suo
501 1265 646 1305 loquens.
683 1265 728 1296 At
745 1265 838 1296 Phae-

90 1307 171 1344 dria,
183 1309 332 1345 Exclusit,
342 1314 471 1345 revocat,
481 1308 588 1348 inquit
598 1319 604 1338 :
619 1310 738 1339 redeam
746 1311 762 1338 t
771 1319 838 1346 mm,

90 1353 117 1381 si
132 1362 177 1381 me
189 1353 330 1382 obsecret.
365 1351 407 1382 D.

133 1394 163 1423 4.
185 1395 298 1430 Tremo,
318 1392 498 1434 horreoque]
527 1393 579 1424 Ex
599 1403 707 1424 amore
727 1393 838 1424 nimio.

92 1435 222 1466 Nimius
237 1436 323 1477 ignis
337 1436 486 1467 effectum
508 1435 637 1477 frigoris
656 1436 781 1467 reddit:
806 1443 841 1467 et

90 1488 131 1509 ex
155 1478 274 1519 frigore
304 1479 405 1510 nimio
430 1479 562 1510 effectus
591 1479 678 1519 ignis
708 1479 836 1510 existit:

89 1521 266 1552 secundum
283 1521 364 1552 illud
379 1522 464 1563 quod
481 1521 611 1562 Physici
627 1522 735 1557 aiunt;
761 1522 838 1553 hinc

88 1570 122 1595 et
138 1564 227 1604 Virg.
244 1565 362 1605 Georg.
378 1564 399 1595 i.
420 1565 471 1595 93.
488 1566 555 1595 Aue
569 1566 676 1595 Boreae
693 1570 837 1604 penetra-

89 1608 147 1637 bil«
157 1605 266 1647 frigus
279 1609 401 1638 adurat.
429 1609 543 1644 Tremo,
562 1609 733 1648 horreoque,
750 1613 835 1647 post-

86 1660 176 1690 quam
197 1652 303 1689 aspexi
324 1648 419 1691 hanc]
444 1650 571 1681 Natura
586 1649 696 1690 magni
721 1650 837 1681 caloris

86 1692 184 1722 etiam
215 1692 382 1723 horrorem
416 1693 544 1729 incutit,
574 1698 612 1723 ut
643 1692 751 1723 nimiae
787 1693 833 1724 fe-

86 1735 169 1766 bres.
209 1735 415 1773 D.—Tremo,
433 1735 611 1776 horreoque]
638 1736 762 1767 Charis.
778 1736 833 1767 lib.

86 1777 120 1808 ii.
150 1777 187 1808 L.

131 1821 160 1851 5.
178 1821 296 1851 Accede
316 1822 359 1851 ad
381 1822 479 1861 ignem
501 1819 596 1861 hunc]
621 1820 734 1852 Potius
750 1821 833 1861 (Ap-

86 1865 157 1894 tius.
176 1863 240 1894 ΜΒ.
258 1863 380 1894 Boend.
398 1869 431 1894 et
446 1863 495 1894 ed.
510 1864 565 1894 Du
580 1863 634 1901 B.)
651 1865 749 1903 ignem
765 1874 832 1894 me-

85 1906 237 1937 retricem
260 1906 447 1947 accipimus,
471 1916 567 1946 quam
593 1916 681 1936 aram
706 1906 832 1946 Apolli-

84 1949 155 1979 nis:
188 1948 238 1979 vel
265 1948 340 1989 quia
364 1955 488 1979 amator
513 1948 629 1985 uritur,
655 1954 691 1979 ut
719 1948 833 1989 virgil.

86 1991 156 2022 Ecl.
173 1991 218 2022 iii.
237 1992 287 2022 66.
305 1994 350 2022 At
373 1994 447 2022 mihi
466 2002 529 2022 sese
551 1993 638 2031 offert
659 1992 740 2022 ultro
755 2002 835 2022 meus

84 2036 166 2074 ignis
182 2036 354 2075 Amyntas:
386 2034 437 2065 vel
462 2034 537 2075 quia
563 2034 657 2065 avida
681 2040 715 2064 et
738 2044 835 2065 avara

85 2082 144 2114 est,
168 2084 206 2108 ut
231 2077 240 2107 i
289 2077 317 2108 is
341 2077 577 2108 alimentorum.
612 2078 682 2108 Jam
706 2079 835 2108 calesces

81 2121 153 2160 plue
175 2122 252 2151 satis
307 2120 418 2151 Novez
447 2120 503 2151 sed
526 2119 720 2161 intelligitur
734 2132 832 2160 quam,

85 2162 119 2193 id
133 2169 192 2200 est,
207 2163 282 2205 plus
296 2173 406 2204 aequoz
430 2170 467 2194 ut
488 2163 575 2199 alibi,
591 2174 680 2204 quam
700 2174 737 2193 ne
761 2165 836 2204 quid

84 2207 117 2236 ἔτι
131 2207 216 2237 illum
232 2208 333 2237 iratus
342 2208 414 2246 plus
428 2209 505 2237 satis
519 2202 607 2246 satit
625 2211 724 2246 pater.
762 2206 833 2237 Jam

83 2250 211 2280 calesces
222 2251 293 2288 plus
308 2248 401 2290 satis]
427 2249 538 2279 Nove:
556 2248 612 2280 sed
628 2248 831 2290 intelligitur,

80 2290 152 2330 plus
165 2302 254 2332 quan
274 2294 360 2323 satis.
394 2292 469 2322 Hoc
489 2291 618 2332 quidam
640 2298 775 2333 putant;
799 2298 833 2322 at

84 2333 164 2364 mihi
186 2335 226 2365 de
241 2334 292 2365 his
307 2335 436 2366 videtur
451 2344 531 2371 esse,
548 2344 620 2375 quae
635 2345 654 2365 a
669 2334 832 2366 veteribus

82 2376 346 2417 geminabantur:
365 2384 409 2415 ut,
422 2380 560 2418 plerique
576 2388 682 2414 omnes,
696 2377 756 2408 hoc
771 2384 830 2416 est,

84 2427 214 2450 omnest
238 2425 280 2457 et,
295 2421 440 2461 pleraque
454 2423 562 2457 omnia,
578 2420 613 2452 id
628 2426 687 2457 est,
702 2420 829 2451 omnia:

84 2461 131 2492 sic
153 2467 195 2498 et,
215 2463 287 2502 pias
305 2465 392 2500 eatis,
415 2473 475 2505 pro
496 2463 584 2494 satis.
625 2463 831 2495 D.-——Accede

84 2506 127 2534 ad
140 2503 255 2544 ign-eud
279 2505 417 2540 Quidam
433 2506 630 2547 intelligunt,
653 2508 696 2537 ad
721 2509 830 2547 ignem,

84 2546 126 2576 ad
147 2555 299 2584 amorem,
322 2547 383 2579 hoc
402 2554 461 2586 est,
486 2549 527 2580 ad
552 2549 656 2590 ipsam
679 2549 829 2580 meretri-

84 2598 165 2619 cem.
202 2589 268 2620 Sed
289 2590 405 2622 melius
420 2597 469 2622 est
484 2591 574 2629 illud,
591 2592 677 2632 quod
698 2592 829 2633 quidem

86 2631 270 2662 Menander
291 2639 402 2674 aperte
422 2633 515 2671 dixit,
530 2635 718 2666 meretrices
735 2636 831 2675 juxta

84 2674 216 2705 domum
241 2683 333 2705 suam
348 2675 399 2706 vel
423 2675 457 2706 in
482 2677 564 2708 atrio
585 2677 696 2709 solitas
710 2678 830 2709 habere

84 2726 173 2747 aram
185 2716 323 2748 Veneris
337 2717 500 2759 vulgariae,
512 2718 565 2749 cui
577 2719 720 2760 quotidie
733 2720 832 2751 sacri-

84 2757 228 2790 ficarent.
266 2759 312 2790 Ut
327 2760 387 2791 hoc
401 2760 453 2797 sit,
469 2763 577 2792 accede
592 2764 635 2792 ad
648 2764 756 2802 ignem,
772 2763 834 2795 hoc

84 2808 143 2839 est,
167 2802 208 2833 ad
230 2812 338 2839 aram3
362 2809 398 2833 ut
417 2804 545 2843 ,iocatus
559 2813 672 2836 servus
695 2805 738 2836 sit
754 2805 832 2836 Par-

85 2854 181 2876 meno
204 2844 326 2882 dicens‚
341 2846 411 2886 jam
432 2847 560 2877 calesces
576 2848 647 2886 plus
667 2849 752 2878 satie.
791 2848 831 2879 Ε.

83 2889 245 2919 —Aceede
260 2890 303 2918 ad
316 2887 433 2929 ignem]
454 2888 551 2930 Apul.
567 2889 673 2920 Miles.
687 2889 719 2920 ii.
736 2892 832 2924 Quam

82 2932 190 2968 procul
201 2941 221 2961 α
236 2942 299 2961 meo
311 2930 416 2971 foculo
439 2933 568 2962 discede.
603 2933 685 2963 Nam
701 2935 729 2963 η’
744 2938 773 2963 te
787 2935 834 2964 vel

85 2974 196 3003 modice
217 2985 299 3004 meuc
320 2975 471 3015 igniculus
491 2976 647 3013 qfflaverit,
665 2977 762 3006 ureris
783 2978 830 3007 in-

884 883 963 911 time.
999 882 1076 912 Plus
1090 881 1184 923 satis]
1207 882 1418 918 Quinctilian.
1435 882 1479 913 ix.
1497 884 1526 913 3.
1545 882 1633 914 Pris-

882 923 964 953 cian.
979 923 1032 954 lib.
1044 934 1097 954 xv.
1132 924 1316 956 1,.-Οὐδὲν
1330 925 1428 957 οὕτως
1447 925 1488 956 τὰ
1503 926 1635 964 σώματα

882 965 1045 1037 θερμαίιᾷιῖ,
1062 967 1168 1007 ὥσπερ
1182 968 1242 1007 πῦρ
1257 967 1308 999 καὶ
1322 967 1412 1006 γυνή.
1436 968 1633 1000 Artemidor.

881 1007 914 1038 ii.
929 1009 958 1038 8.
1042 1032 1049 1038 .

928 1051 957 1081 6.
978 1053 1053 1084 Quis
1064 1054 1114 1082 hic
1126 1053 1258 1092 loquitur
1268 1051 1301 1093 ?]
1327 1052 1402 1083 Non
1418 1052 1569 1094 imperite
1581 1054 1632 1084 in—

883 1093 1044 1134 telligunt,
1057 1094 1112 1135 qui
1124 1094 1311 1126 existimant
1321 1095 1524 1126 meretricem
1535 1096 1632 1127 etiam

883 1136 944 1167 hoc
960 1136 1122 1174 simulare,
1139 1138 1224 1178 quod
1248 1148 1315 1168 non
1337 1138 1516 1179 providerit
1538 1139 1633 1170 Phae-

884 1179 997 1210 driam.
1037 1180 1122 1211 Nam
1149 1186 1182 1211 et
1205 1191 1361 1222 personae,
1391 1187 1424 1212 et
1444 1181 1540 1212 dictis
1563 1184 1633 1222 ejus

883 1222 1008 1253 caeteris
1023 1223 1084 1254 hoc
1100 1223 1269 1254 convenit:
1295 1230 1327 1255 et
1349 1230 1426 1254 tunc
1447 1230 1544 1255 erunt
1558 1235 1632 1266 gra-

883 1265 966 1296 tiora
981 1266 1099 1304 omnia,
1116 1276 1188 1307 quae
1209 1276 1308 1308 supra
1329 1266 1422 1297 dixit.
1462 1267 1631 1298 D.—Tun’

883 1310 932 1339 hie
954 1319 1023 1339 eras
1033 1307 1066 1349 P]
1099 1309 1269 1350 Optimum
1295 1309 1492 1351 principium
1517 1311 1634 1341 sumsit

882 1351 1047 1382 meretrix.
1072 1352 1154 1383 Cum
1177 1361 1232 1382 rea
1254 1351 1326 1393 ipsa
1346 1352 1388 1383 sit
1405 1352 1489 1390 tacti,
1506 1353 1631 1384 adoles-

883 1400 1010 1424 centem
1022 1394 1121 1436 coepit
1136 1404 1281 1435 arguere,
1292 1395 1378 1436 quod
1390 1405 1454 1426 non
1467 1395 1632 1436 ingressus

883 1443 941 1467 est.
981 1436 1020 1467 E.

926 1479 955 1511 7.
982 1481 1045 1510 Cur
1059 1491 1116 1510 non
1131 1485 1215 1511 reeta
1234 1482 1382 1511 introibus
1391 1479 1425 1521 ?]
1450 1480 1550 1516 Quasi
1573 1491 1630 1522 pa->

881 1532 953 1552 rum
970 1521 1068 1553 fuerit
1089 1525 1258 1553 introibas:
1281 1523 1360 1554 satis
1382 1524 1464 1554 mire
1485 1523 1630 1555 additum

880 1570 974 1595 recta.
1014 1565 1251 1596 D.—Caeterum
1275 1566 1313 1596 de
1336 1565 1520 1606 exclusione]
1558 1567 1631 1598 Hoc

880 1617 992 1638 servus
1008 1607 1096 1644 dicit,
1113 1608 1198 1648 quod
1221 1608 1377 1639 meretrix
1396 1608 1511 1639 callide
1526 1609 1630 1650 loqui—

881 1656 942 1681 tur.
969 1649 1060 1681 Dicit
1070 1656 1195 1681 tantum
1208 1651 1249 1681 de
1263 1650 1401 1690 injuria3
1419 1651 1505 1682 unde
1522 1651 1630 1691 (forte,

878 1695 914 1724 id
927 1695 997 1724 inde
1020 1693 1073 1733 Z.)
1090 1693 1228 1734 intelligi
1251 1693 1338 1732 licet,
1354 1694 1439 1735 quod
1459 1694 1512 1725 hic
1527 1697 1627 1725 exclu-

877 1738 987 1767 sionem
1022 1736 1151 1784 posuit3
1189 1736 1265 1777 quia
1294 1747 1407 1768 servus
1435 1738 1629 1769 accusatoris

878 1779 987 1810 animo
1003 1779 1082 1810 dicit
1098 1779 1139 1810 ad
1154 1779 1208 1809 illa
1225 1789 1332 1820 supra,
1349 1782 1428 1820 quod
1442 1782 1630 1811 intromissus

878 1832 935 1852 non
949 1827 1004 1852 est.
1043 1822 1082 1852 E.

923 1865 951 1894 8.
976 1866 1024 1894 De
1049 1865 1216 1895 exclusione
1241 1866 1361 1895 verbum
1385 1863 1517 1905 nullum]
1550 1865 1628 1896 Plus

879 1906 1102 1937 admirationis
1118 1913 1176 1943 est,
1193 1916 1253 1937 nec
1269 1907 1477 1943 accusationi,
1499 1917 1560 1938 nec
1575 1918 1627 1938 sa·-

879 1948 1054 1979 tisfactioni
1081 1948 1186 1979 locum
1213 1948 1382 1989 reliquisse
1412 1950 1625 1987 meretricem,

878 1991 993 2022 callide
1014 1991 1215 2022 dissimulata
1237 1991 1363 2032 injuria.
1404 1995 1487 2026 Quid
1501 1998 1581 2024 taces
1591 1991 1626 2034 3]

878 2034 923 2065 Et
946 2034 1007 2065 hoc
1030 2034 1154 2072 callide,
1172 2034 1262 2075 quasi
1285 2035 1441 2066 innocens
1462 2046 1504 2066 ne
1518 2036 1627 2078 suspi-

877 2083 968 2108 cetur
994 2077 1134 2117 quidem‚
1160 2077 1238 2117 quid
1266 2078 1362 2119 (quod
1391 2078 1455 2110 ΜΒ.
1484 2078 1625 2119 Boend.)

877 2126 1065 2151 succenseat
1080 2119 1275 2151 adolescens.
1315 2120 1357 2151 D.

921 2163 950 2193 9.
975 2165 1054 2194 Sane
1081 2165 1153 2203 quia
1176 2170 1245 2194 vero
1269 2173 1394 2203 semper,
1422 2162 1497 2205 eta]
1534 2163 1626 2196 Tolle

875 2216 947 2236 sane
969 2212 1002 2236 et
1024 2216 1102 2242 vero,
1124 2212 1157 2236 et
1182 2206 1419 2247 pronunciandi
1440 2206 1626 2246 adjumenta

876 2248 1065 2289 vultumque
1081 2248 1237 2280 dicentis:
1262 2255 1296 2279 et
1310 2248 1344 2279 in
1363 2249 1470 2280 verbis
1486 2259 1551 2280 non
1566 2260 1625 2281 ne-

874 2291 972 2332 gatio,
989 2292 1046 2322 sed
1060 2291 1220 2323 confessio
1235 2301 1305 2323 esse
1320 2291 1471 2322 credatur
1487 2292 1626 2332 (Locum

875 2335 1023 2365 scabrum
1039 2344 1100 2376 ope
1118 2335 1182 2365 Ms.
1206 2333 1251 2365 Η.
1269 2340 1302 2365 et
1324 2334 1394 2365 edd.
1412 2340 1488 2365 vett.
1506 2335 1552 2366 ita
1573 2346 1626 2367 re-

874 2376 1074 2408 stituendum
1096 2384 1195 2419 puto:
1224 2378 1306 2408 Tolle
1330 2386 1433 2408 saue.
1465 2379 1509 2409 Et
1530 2387 1624 2409 vano

874 2422 916 2450 ad
927 2422 1150 2460 pronunciandi
1164 2420 1380 2461 adjumentum,
1389 2422 1560 2461 vultumque
1574 2423 1623 2452 di-

874 2465 969 2494 centis
985 2464 1103 2494 illatum
1119 2468 1165 2494 est
1176 2476 1186 2493 :
1210 2469 1244 2494 ut
1258 2465 1290 2493 in
1307 2465 1407 2494 verbis
1422 2474 1479 2494 non
1494 2466 1625 2504 negatio,

873 2508 928 2537 sed
941 2505 1085 2546 consessio
1099 2517 1162 2537 eece
1176 2505 1346 2545 credatur).
1372 2505 1457 2536 Nam
1470 2517 1548 2542 vero,
1558 2506 1624 2538 iro-

873 2548 936 2579 niae
947 2549 1116 2584 convenit3
1133 2555 1170 2579 ut
1186 2548 1300 2590 Virgil.
1315 2548 1391 2579 AEn.
1405 2548 1447 2579 iv.
1459 2549 1510 2579 93.
1523 2551 1623 2591 Egre-

869 2594 955 2632 gium
976 2603 1044 2622 vero
1066 2593 1184 2622 laudem
1206 2596 1238 2622 et
1259 2593 1355 2631 spolia
1376 2593 1477 2631 ampla
1492 2590 1624 2632 refertis.

875 2635 1042 2666 D.-—Sane
1065 2637 1138 2674 quia
1160 2633 1224 2674 hee]
1248 2633 1424 2664 Accusatio
1449 2634 1502 2665 hic
1525 2635 1625 2666 sumit

874 2677 1061 2712 exordiumz
1086 2677 1172 2717 quod
1187 2682 1308 2716 quanto
1333 2675 1431 2716 (forte
1445 2687 1554 2718 magno
1567 2677 1624 2719 Z.)

879 2726 1134 2761 temperamento
1142 2719 1265 2750 dictum
1277 2725 1344 2750 est:
1361 2719 1447 2759 quod
1462 2729 1528 2751 non
1538 2729 1623 2752 sem-

877 2773 938 2804 per
965 2763 1049 2793 fores
1084 2761 1264 2792 meretricis
1301 2761 1436 2793 amatori
1471 2769 1622 2803 pateant:

879 2805 964 2846 quod
980 2804 1090 2836 rivalis
1106 2804 1167 2835 sibi
1188 2810 1404 2845 preponatur.
1440 2805 1514 2836 Boc
1536 2806 1624 2837 enim

875 2848 977 2879 dixit:
1003 2850 1075 2888 quia
1088 2858 1152 2878 aum
1168 2849 1253 2887 apud
1273 2852 1302 2878 te
1320 2849 1446 2887 privum.
1485 2848 1530 2879 Et
1548 2858 1623 2880 cum

876 2890 1031 2922 meretrix
1061 2889 1279 2921 dissimularet
1314 2895 1418 2921 totum
1454 2890 1623 2932 impetum,

876 2943 987 2964 rursus
1025 2932 1211 2964 adolescens
1243 2933 1463 2964 accusationes
1501 2934 1622 2965 effudit.

1042 3026 1062 3047 'r
