1910 3216
457 106 642 145 INDEX
675 106 1001 144 VERBORUM
1033 108 1104 144 ET
1134 108 1460 146 PHRASIUM.

81 188 149 220 Suo
170 190 268 230 capiti
289 188 367 220 hiat.
392 188 523 220 Phorm.
547 187 593 220 iii.
611 189 641 226 2,

81 231 111 263 6.
128 231 203 263 vide
219 231 332 263 Notas.

124 273 231 315 carbo]
263 274 345 305 Tam
369 280 536 306 excoctam
566 273 639 305 red-

81 316 166 355 dam,
191 323 288 357 atque
310 323 423 353 atram,
451 327 547 357 quam
570 328 638 348 car-

84 360 170 391 bo’st.
196 359 336 401 Adelph.
355 370 383 390 v.
402 361 431 396 3,
449 360 499 390 63.

120 402 242 443 carcer]
268 402 343 433 Ain’
370 409 488 440 tamen,
511 405 639 434 career?

80 445 210 477 Phorm.
228 445 260 476 ii.
279 447 308 482 3,
328 445 377 476 26.
396 444 468 476 vide
485 445 598 478 Notas.

120 487 225 528 careo]
249 488 395 519 Tandem
418 498 484 519 non
505 498 564 529 ego
582 488 637 519 illa

77 534 224 562 caream?
248 531 332 562 Eun.
350 530 383 562 ii.
401 531 427 568 1,
449 532 496 563 17.
523 533 638 562 Carene

75 573 190 614 patria.
208 573 328 605 Heaut.
342 573 362 604 i.
382 573 410 610 1,
428 575 479 605 85.
498 573 634 605 Praeter-

76 626 173 656 quam
194 616 241 647 tui
264 618 426 647 carendum
448 617 534 657 quod
557 623 634 648 erat.

77 658 200 690 Heaut.
230 659 264 690 ii.
297 661 326 696 4,
356 660 407 690 20.
450 659 634 695 Mulierem,

75 712 148 741 quae
170 708 275 734 careat
296 701 416 743 culpa?
444 702 526 733 Hec.
543 702 586 734 iv.
604 704 635 740 4,

1767 116 1832 164 ,¹⁹

700 219 707 222 J
719 185 832 229 ema]
856 188 943 220 Satis
958 187 1134 221 vehemens
1145 200 1240 221 causa
1256 199 1259 228 ς
1316 188 1446 230 cautim]
1479 189 1601 221 nantem
1620 195 1653 221 et
1675 189 1833 231 paulatim

677 230 972 272 adobjurgandum.
987 231 1072 262 And.
1084 231 1105 263 i.
1122 232 1148 269 1,
1166 233 1237 264 123.
1273 231 1374 264 dabis.
1393 231 1513 263 Heaut.
1530 231 1572 263 iv.
1587 233 1616 269 8,
1634 233 1685 263 30.

678 273 765 305 Vera
780 273 972 315 objurgandi
990 285 1092 305 cauea.
1110 274 1197 307 And.
1215 275 1237 308 i.
1314 273 1433 315 cautio]
1467 275 1519 306 Ne
1542 275 1707 312 resciscat,
1730 277 1832 307 cautio

679 316 705 352 1,
716 317 785 348 131.
799 316 945 348 Tandem
952 316 1236 349 inventa'steausa.
1271 323 1329 349 est.
1346 317 1433 349 And.
1449 317 1484 348 ii.
1499 319 1528 355 3,
1547 317 1602 348 26.
1623 317 1734 349 Pisces
1749 317 1831 349 mibi

675 359 760 390 And.
778 359 820 390 iv.
842 361 869 396 1,
889 360 936 391 19.
964 359 1028 391 Ubi
1040 370 1078 391 ea
1093 371 1186 392 causa
1199 371 1234 392 a·
1254 354 1313 394 ine
1364 366 1623 402 corrumpantur,
1676 362 1830 392 eautio’et.

674 401 805 443 dempta
814 402 874 433 his.
887 402 971 433 And.
986 413 1015 434 v.
1030 404 1057 440 1,
1072 404 1121 434 18.
1135 405 1236 435 Causa
1270 402 1411 445 Adelph.
1427 403 1474 434 iii.
1491 404 1522 440 3,
1538 402 1590 436 67.

673 446 858 486 optuma’st.
881 445 967 476 And.
989 455 1018 478 v.
1039 447 1065 482 1,
1088 446 1139 476 46.
1164 446 1195 477 N
1198 457 1235 477 ec
1311 444 1436 487 cautus]
1453 446 1501 477 Ut
1512 451 1620 477 cautus
1632 451 1690 482 est,
1705 445 1759 477 ubi
1776 445 1827 477 ni·

673 487 751 519 satis
781 488 821 519 ad
858 488 1094 529 objurgandum
1124 499 1233 521 causoe.
1268 488 1315 519 hil
1330 490 1446 530 opu’st.
1464 489 1592 520 Phorm.
1610 488 1652 520 iv.
1671 489 1701 526 5,
1718 490 1746 519 3.
1824 497 1841 510 ’

673 530 758 562 And.
780 530 801 561 i.
822 532 849 568 1,
870 532 899 562 5.
940 530 1027 566 Quid
1047 542 1147 562 causae
1174 538 1232 570 est,
1311 533 1391 570 cedo,
1409 531 1515 572 verb.]
1542 533 1630 569 Cedo,
1655 538 1691 563 ut
1711 531 1828 563 melius

672 573 760 613 quin.
795 573 879 604 And.
906 573 952 604 iii.
981 576 1011 611 4,
1043 575 1094 605 21.
1125 573 1232 606 Ullam
1267 574 1364 606 dicas.
1388 574 1528 616 Adelph.
1551 573 1598 606 iii.
1623 575 1652 612 2,
1678 575 1729 606 52.
1753 574 1828 606 vide

671 627 803 653 causam,
815 616 928 647 saltem
940 616 1094 658 ineptam,
1109 616 1231 654 falsam,
1267 617 1381 648 Notas.

671 657 824 699 iniquam.
843 659 928 690 And.
945 659 966 690 i.
984 660 1013 697 5,
1031 661 1081 690 22.
1101 661 1233 691 Causam
1308 662 1389 695 cedo,
1397 658 1545 701 adverb]
1553 659 1628 697 Qui,
1636 662 1730 692 cedo?
1739 660 1825 693 And.

670 701 803 742 ceperit.
835 702 918 733 And.
944 701 966 733 i.
992 703 1023 740 3,
1050 704 1079 733 8.
1116 702 1232 734 Multoe
1265 702 1286 733 i.
1307 704 1424 740 1,123.
1458 705 1537 734 Cedo
1558 702 1668 744 igitur,
1685 702 1763 744 quid
1777 703 1825 734 fa-

670 751 746 775 sunt
756 755 863 781 causae,
875 745 1080 785 quamobrem
1091 745 1229 786 cupiam.
1264 744 1370 776 ciam?
1397 746 1482 777 And.
1499 746 1532 777 ii.
1550 747 1579 783 3,
1597 746 1627 777 9.
1654 747 1732 777 Cedo
1746 745 1826 787 quid

672 787 756 817 Eun.
772 787 792 818 i.
811 788 840 824 2,
857 788 908 818 65.
927 787 1015 818 Num
1028 798 1128 828 parva
1138 799 1231 819 causa
1260 788 1405 830 jurgabit
1421 790 1551 820 tecqu
1576 789 1661 820 And.
1677 788 1710 819 ii.
1727 790 1756 826 3,
1773 790 1823 820 15.

1264 831 1352 866 Quid
1374 838 1407 862 te
1430 841 1507 872 ergo
1528 831 1617 862 aliud
1647 831 1822 863 sollicitat?

1264 875 1344 905 cedo.
1369 874 1453 905 Eun.
1471 874 1492 905 i.
1510 875 1541 911 2,
1559 875 1610 905 82.
1637 876 1716 905 Cedo
1731 874 1822 906 alios.

1264 916 1350 947 Eun.
1364 916 1407 948 iv.
1426 916 1456 955 7,
1467 917 1497 948 6.
1525 917 1614 952 Quid
1635 916 1822 949 factum’st?

1263 961 1342 990 cedo.
1360 960 1446 990 Eun.
1469 970 1499 991 v.
1516 961 1546 996 4,
1565 961 1615 991 28.
1644 961 1723 991 Cedo
1742 960 1822 991 dex-

1264 1007 1355 1032 tram.
1385 1003 1505 1033 Heaut.
1531 1002 1576 1033 iii.
1608 1003 1635 1040 1,
1664 1004 1715 1033 84.
1744 1004 1824 1034 Cedo

121 786 232 828 Caria]
254 788 292 818 In
311 789 434 819 Cariam
447 794 497 818 est
508 787 633 829 profec-

75 837 137 861 tus.
156 830 241 861 Eun.
259 830 279 861 i.
305 832 333 867 2,
357 830 410 861 46.
434 830 571 871 Captam
594 841 635 862 ex

76 874 182 904 Caria.
202 874 323 904 Heaut.
341 873 387 911 iii,
406 874 435 910 3,
453 874 504 906 47.

117 915 279 956 carnusex]
306 915 469 955 Carnuseoe,
492 926 564 956 quae
586 915 632 947 lo-

72 958 205 998 quitur?
242 958 327 990 And.
353 958 374 989 i.
404 961 433 996 2,
458 959 506 989 12.
539 959 635 990 Meus

670 831 743 860 est?
779 829 864 861 Eun.
888 829 933 860 iii.
956 831 986 868 5,
1013 831 1063 862 27.
1101 832 1230 862 Causam

669 871 787 903 dicere.
808 873 894 903 Eun.
919 873 1004 904 Prol.
1025 873 1072 904 10.
1099 875 1229 905 Causam

668 915 822 956 repperit.
832 915 916 946 Eun.
927 915 972 946 iii.
986 917 1015 952 3,
1030 916 1058 946 6.
1076 915 1229 956 Aliquam

668 968 790 988 causam
803 958 976 998 quaerebat.
991 958 1076 989 Eun.
1090 969 1119 990 v.
1132 960 1161 996 5,
1177 960 1227 990 31.

672 999 710 1030 Id
732 1000 837 1031 facere
856 1011 1008 1032 maxume
1030 1012 1123 1032 causa
1146 1012 1225 1032 mea.

73 1001 229 1042 carnuseoe.
253 1001 339 1032 And.
364 1001 406 1032 iv.
433 1002 460 1038 1,
479 1002 529 1034 27.
551 1001 633 1039 Eho,

72 1044 227 1085 carnusex.
246 1044 332 1075 And.
351 1055 379 1075 v.
405 1045 435 1080 2,
455 1045 503 1075 11.
537 1045 584 1075 Os
599 1051 635 1075 ut
651 1074 653 1086 Ι

73 1086 134 1117 sibi
151 1086 297 1118 distorsit
310 1085 464 1127 carnuseae.
490 1087 575 1117 Eun.
590 1087 632 1118 iv.

73 1130 104 1166 4,
121 1131 150 1160 3.
172 1130 358 1170 Numquam
374 1129 461 1160 dicet
476 1129 632 1170 carnusex.

72 1171 213 1214 Adelph.
231 1172 278 1203 iii.
296 1174 326 1209 3,
344 1173 372 1203 9.

115 1214 223 1256 carpo]
242 1215 352 1246 Unum
365 1214 531 1256 quidquid,
547 1215 632 1255 quod

71 1257 203 1298 quidem
225 1257 288 1289 erit
308 1257 530 1296 bellissimum,
561 1269 630 1289 car-

67 1311 150 1340 pam.
169 1300 308 1342 Adelph.
323 1301 366 1332 iv.
385 1302 413 1337 2,
429 1302 480 1331 52.

116 1343 223 1384 carus]
244 1344 386 1374 Annona
400 1344 525 1374 cara’st.
543 1342 629 1374 And.

71 1385 114 1416 iv.
132 1387 163 1424 4,
181 1386 211 1420 7.
235 1387 350 1427 Neque
365 1396 438 1417 meo
459 1385 548 1417 cordi
561 1396 632 1417 esse

71 1439 264 1470 quemquam
280 1431 435 1460 cariorem.
461 1428 546 1459 Eun.
563 1428 583 1459 i.
602 1430 630 1466 2,

75 1472 145 1502 121.
186 1472 257 1513 Ego
284 1482 410 1512 quoque
434 1481 498 1502 una
522 1481 631 1513 pereo,

71 1515 158 1554 quod
175 1515 219 1546 mi
243 1522 292 1546 est
314 1517 426 1545 carius.
451 1514 535 1545 Eun.
551 1514 583 1545 ii.
603 1515 630 1551 1,

71 1558 101 1587 5.
126 1558 281 1588 Amorem
293 1557 519 1588 difficillimum
531 1564 565 1588 et
578 1568 630 1588 ca-

70 1602 232 1631 rissimum.
250 1600 336 1631 Eun.
355 1611 383 1631 v.
399 1601 429 1637 4,
447 1601 476 1630 5.
502 1600 630 1637 Parare,

70 1643 156 1682 quod
171 1643 214 1674 sit
235 1645 347 1680 carius,
371 1653 466 1683 quam
489 1642 560 1683 ipse
583 1650 632 1673 est

69 1685 141 1716 sibi.
161 1685 299 1727 Adelph.
317 1685 337 1716 i.
358 1687 385 1722 1,
403 1687 451 1716 14.
476 1685 631 1716 Solumid

70 1734 120 1759 est
129 1740 233 1759 carum
247 1728 336 1759 mihi.
350 1728 488 1769 Adelph.
501 1728 521 1758 i.
539 1729 566 1764 1,
578 1730 628 1759 24.

69 1771 175 1806 Quam
191 1771 258 1802 sint
271 1771 394 1808 suavia,
408 1778 440 1801 et
452 1781 547 1811 quam
557 1782 630 1802 cara

69 1813 144 1844 sint.
160 1814 289 1845 Phorm.
305 1813 338 1844 ii.
352 1815 381 1851 2,
399 1815 449 1844 30.

112 1856 200 1897 casa]
231 1857 246 1887 Ι
252 1864 282 1887 ta
305 1856 419 1897 fugias,
443 1866 484 1887 ne
511 1862 630 1897 praeter

68 1910 179 1937 caeam,
204 1899 290 1940 quod
319 1899 420 1931 aiunt.
446 1899 575 1930 Pliorm.
599 1910 628 1930 v.

70 1943 100 1980 2,
118 1943 146 1972 3.

113 1984 218 2025 catus]
245 1985 352 2016 Senex
375 1984 553 2022 confidens,
576 1996 628 2016 ca-

69 2032 127 2058 tus.
145 2028 231 2059 And.
246 2039 274 2059 v.
293 2030 322 2065 2,
342 2029 391 2059 14.

112 2070 246 2111 caudex]
273 2072 407 2108 Caudex,
430 2070 541 2112 stipes,
565 2070 628 2101 asi-

68 2123 140 2150 nus,
157 2113 337 2155 plumbeus.
353 2114 473 2145 Heaut.
488 2124 516 2144 v.
537 2114 563 2151 1,
577 2114 606 2143 4.

111 2155 216 2197 caveo]
244 2157 359 2196 Neque
381 2163 416 2187 tu
440 2156 519 2187 haut
541 2156 629 2187 dices

68 2199 128 2230 tibi
144 2209 209 2230 non
226 2199 427 2241 praedictum,
444 2210 525 2230 cave.
542 2199 627 2230 And.

67 2241 89 2272 i.
116 2243 145 2279 2,
172 2244 222 2273 34.
253 2243 398 2274 Verbum
426 2251 527 2273 unum
548 2242 628 2272 mihi

67 2283 152 2316 faxis
167 2296 248 2316 cave.
263 2285 348 2316 And.
363 2284 405 2316 iv.
422 2286 452 2322 4,
467 2286 514 2316 14.
533 2285 628 2320 Quod

66 2338 189 2401 {2333
202 2328 334 2401 ἓῖῗὲἰῗν
348 2327 450 2401 &⁰33²
452 2327 627 2412 ’1ρέἓῖΞῖ

279 2393 288 2401 0
336 2394 343 2401 ι
375 2393 383 2408 ,
444 2393 451 2401 0
614 2389 627 2394 -

67 2412 100 2443 bi
124 2415 206 2444 cavit
230 2413 310 2444 loco.
337 2413 423 2444 Eun.
451 2413 493 2444 iv.
520 2413 550 2450 7,
578 2414 626 2444 13.

69 2456 149 2486 Cave
164 2455 216 2486 sis.
235 2456 320 2487 Eun.
336 2456 378 2487 iv.
396 2455 426 2493 7,
443 2457 494 2487 29.
513 2456 566 2486 Ab
581 2455 625 2487 is-

67 2504 120 2529 toc
130 2498 186 2528 tibi
198 2500 359 2530 cavendum
372 2498 529 2540 intellige.
541 2499 625 2529 Eun.

68 2551 98 2572 v.
117 2542 146 2577 2,
164 2542 215 2571 44.
242 2540 349 2572 Etiam
366 2552 452 2572 caves
465 2545 480 2572 Ρ
506 2541 625 2572 Heaut.

68 2583 102 2614 ii.
120 2585 149 2619 2,
168 2584 196 2614 6.
217 2585 295 2614 Cave
309 2583 400 2614 faxis.
420 2584 539 2615 Heaut.
557 2583 578 2614 i.
596 2585 625 2621 2,

71 2627 120 2657 13.
139 2625 251 2656 Faciet
267 2625 329 2657 nisi
339 2637 435 2657 caveo.
450 2626 571 2657 Heaut.
583 2626 625 2657 iv.

68 2670 99 2706 4,
117 2670 146 2699 8.
173 2668 280 2699 Etiam
300 2670 408 2700 taces?
434 2678 494 2709 ego
509 2671 625 2699 cavebo.

69 2711 163 2742 Adel.
188 2711 229 2742 iv.
254 2712 283 2748 2,
311 2712 359 2741 12.
394 2713 473 2742 Cave
495 2711 626 2742 dixeris.

68 2754 208 2795 Adelph.
225 2753 270 2784 iii.
292 2754 322 2790 4,
343 2755 390 2784 12.
417 2753 503 2784 Dum
519 2753 553 2784 id
574 2763 624 2784 re—

67 2796 183 2828 scitum
200 2796 241 2827 iri
263 2796 376 2833 credit,
399 2795 558 2837 tantisper
574 2807 626 2827 ca-

67 2845 126 2871 vet.
163 2839 256 2870 Adel.
283 2839 303 2869 i.
333 2840 360 2875 1,
386 2839 438 2870 45.
477 2838 548 2879 Ego
575 2849 627 2869 me

67 2882 135 2914 scio
162 2884 284 2913 cavisse.
325 2881 407 2912 Hec.
438 2880 485 2912 iii.
517 2882 547 2918 5,
576 2882 626 2911 20.

7 2930 13 2961 ξ
69 2925 164 2956 Heus
181 2931 224 2961 tu,
241 2935 320 2955 cave.
337 2924 466 2955 Phorm.
481 2923 514 2954 ii.
528 2925 557 2960 3,
575 2925 625 2954 51.

9 2967 13 2991 2
70 2970 149 2999 Cave
161 2967 312 2998 resciscat
328 2966 506 3008 quisquam.
530 2966 625 2998 Phor.

6 3027 11 3093 ἰ

2 3103 14 3216 1

9 2993 13 3024 ἶ
68 3021 97 3042 v.
118 3012 144 3047 1,
165 3011 215 3043 37.

670 1043 753 1074 Eun.
775 1053 804 1074 v.
832 1045 861 1080 8,
890 1045 942 1074 40.
973 1043 1084 1084 Fingit
1109 1055 1225 1075 causas.

670 1085 753 1116 Eun.
771 1085 791 1116 i.
810 1087 838 1123 2,
857 1087 907 1117 58.
941 1087 1027 1117 Vera
1049 1098 1142 1117 causa
1167 1094 1226 1118 est.

671 1127 790 1159 Heaut.
801 1128 834 1159 ii.
850 1130 878 1166 3,
891 1130 941 1160 95.
961 1129 1039 1160 Mea
1051 1140 1143 1160 causa
1152 1141 1225 1161 cau-

666 1182 730 1202 sam
746 1172 828 1202 banc
847 1173 972 1211 justam
995 1182 1066 1203 esse
1082 1172 1225 1203 animum

667 1213 820 1245 inducite.
840 1215 959 1246 Heaut.
978 1214 1063 1245 Prol.
1080 1216 1131 1246 41.
1150 1215 1226 1246 Non

667 1263 733 1287 tam
749 1264 878 1298 meapte
900 1269 993 1289 causa
1010 1257 1112 1294 laetor,
1129 1268 1225 1299 quam

666 1298 762 1330 illius.
789 1300 909 1331 Heaut.
927 1300 969 1332 iv.
988 1302 1018 1338 3,
1043 1302 1072 1331 8.
1098 1300 1169 1341 Ego
1184 1300 1223 1331 li-

666 1342 766 1373 berali
782 1342 870 1374 illam
885 1343 1000 1374 adsero
1011 1354 1104 1374 cauea
1117 1353 1224 1374 manu.

667 1385 765 1416 Nunc
787 1385 871 1423 vide,
894 1392 1003 1416 utrum
1026 1385 1085 1423 vis,
1108 1395 1223 1427 argen-

667 1434 734 1458 tum
752 1428 908 1469 accipere,
926 1439 967 1459 an
984 1439 1105 1460 causam
1122 1428 1223 1460 medi-

667 1470 727 1501 tari
748 1477 846 1502 tuam.
870 1471 1011 1512 Adelph.
1032 1470 1066 1501 ii.
1086 1472 1114 1508 1,
1131 1472 1173 1502 40
1194 1478 1226 1502 et

666 1514 716 1544 41.
752 1513 964 1545 Advorsusne
989 1513 1082 1544 illum
1104 1525 1226 1545 causam

665 1555 816 1593 dicerem,
841 1556 894 1587 cui
909 1567 1062 1587 veneram
1087 1556 1223 1588 advoca-

666 1600 742 1629 tus?
781 1599 922 1641 Adelph.
944 1599 988 1630 iv.
1020 1601 1049 1637 5,
1075 1600 1128 1630 42.
1152 1599 1224 1631 Etsi

666 1641 723 1672 tibi
747 1653 841 1673 causa
864 1648 913 1673 est
934 1642 975 1673 dc
993 1642 1053 1673 hac
1069 1652 1115 1673 re.
1141 1642 1223 1673 Hec.

666 1683 707 1715 iv.
730 1685 761 1722 4,
786 1686 815 1715 3.
847 1685 1020 1725 Postquam
1041 1684 1225 1726 ademptam

665 1726 747 1758 hanc
763 1738 890 1767 quoque
912 1727 969 1758 tibi
986 1739 1108 1761 causam
1124 1727 1223 1759 vides.

668 1769 749 1801 Hec.
762 1770 804 1801 iv.
822 1772 852 1807 4,
870 1771 921 1801 58.
938 1770 1030 1801 Alias
1039 1777 1074 1801 ut
1090 1770 1139 1801 uti
1149 1781 1224 1812 pos-

665 1812 725 1843 sim
742 1824 835 1844 causa
850 1813 910 1843 hac
926 1812 1061 1854 integra.
1097 1813 1178 1844 Hec.
1203 1813 1223 1844 i.

666 1857 695 1892 2,
713 1857 742 1886 5.
776 1856 827 1887 De
844 1855 900 1886 tali
918 1867 1020 1887 causa.
1041 1856 1123 1886 Hec.
1146 1866 1175 1887 v.
1197 1857 1222 1893 l,

665 1899 715 1929 31.
744 1898 790 1929 Te
806 1910 905 1929 eausae
918 1898 1117 1940 inpellebaut
1125 1898 1223 1930 leves.

667 1941 748 1972 Hec.
773 1941 818 1972 iii.
843 1942 872 1978 4,
899 1942 948 1972 12.
978 1941 1094 1972 Omnis
1116 1953 1224 1972 causas

665 1984 836 2024 praecidam
850 1984 1009 2015 omnibus.
1033 1984 1115 2015 Hec.
1132 1984 1174 2015 iv.
1193 1985 1223 2022 2,

665 2028 715 2057 22.
746 2027 914 2068 Confingis
936 2027 1032 2058 falsas
1053 2038 1161 2058 causae
1183 2027 1223 2058 ad

663 2069 866 2101 discordiam.
907 2069 990 2101 Hec.
1025 2069 1068 2100 iv.
1104 2071 1134 2107 4,
1171 2069 1221 2102 71.

663 2112 789 2143 sustam
811 2112 900 2143 illam
924 2123 1057 2149 causam,
1085 2112 1222 2150 facilem,

665 2154 860 2192 vincibilem,
870 2162 1046 2197 optumam.
1060 2155 1189 2186 Phorm.
1200 2155 1221 2186 i.

663 2199 693 2234 4,
710 2200 761 2229 48.
786 2198 892 2234 Quam
902 2210 1023 2229 causam
1032 2198 1197 2239 reperient
1207 2200 1219 2229 2

665 2242 794 2272 Causam
844 2241 972 2273 tradere
1019 2241 1221 2272 adversariis.

664 2284 793 2315 Phorm.
811 2283 844 2315 ii.
866 2285 891 2319 1,
909 2286 931 2314 4
946 2291 979 2315 et
995 2283 1023 2316 7.
1050 2284 1124 2314 Non
1147 2295 1219 2315 caa-

662 2338 725 2357 sam
741 2327 822 2364 dico,
846 2326 934 2367 quin.
959 2327 1093 2358 Servom
1116 2326 1220 2357 bomi-

663 2380 737 2400 nem
768 2381 890 2401 causam
921 2379 1013 2400 orare
1043 2369 1133 2410 leges
1155 2379 1221 2400 non

662 2411 784 2443 sinunt.
826 2412 956 2443 Phorm.
987 2412 1022 2443 ii.
1057 2413 1085 2449 1,
1117 2413 1159 2443 42
1189 2419 1222 2443 et

662 2455 713 2485 62.
749 2455 915 2486 Judicium
931 2455 972 2486 de
994 2454 1106 2486 eadem
1129 2465 1221 2486 causa

661 2497 779 2528 iterum
802 2504 838 2530 ut
860 2497 998 2529 reddant
1016 2497 1085 2535 tibi,
1109 2497 1150 2528 de
1165 2507 1218 2528 ea-

661 2540 734 2571 dem
748 2552 841 2571 causa
862 2540 912 2571 bis
923 2540 1082 2580 judicium
1098 2540 1219 2581 adipis-

661 2583 736 2614 cier.
775 2583 905 2614 Phorm.
931 2582 965 2613 ii.
994 2584 1023 2619 3,
1048 2583 1089 2616 57
1112 2589 1145 2614 et
1167 2583 1218 2613 59.

663 2626 691 2656 N
697 2633 782 2656 ostra
794 2637 888 2657 caasa
898 2625 1022 2656 scilicet
1031 2625 1066 2656 in
1085 2635 1218 2656 nervom

1262 1044 1340 1084 quid
1365 1051 1414 1076 est
1430 1046 1443 1074 ’ἰ
1480 1045 1600 1076 Heaut.
1629 1044 1676 1076 iii.
1708 1046 1738 1081 3,
1770 1045 1822 1077 36.

1263 1087 1392 1118 Nomen
1416 1087 1544 1119 mulieri
1568 1089 1639 1119 cedo
1661 1087 1747 1128 quod
1769 1087 1822 1119 sit.

1263 1129 1383 1160 Heaut.
1399 1130 1441 1161 iv.
1462 1131 1489 1168 1,
1505 1131 1557 1161 49.
1584 1132 1663 1161 Cedo
1675 1130 1822 1171 quemvis

1260 1172 1428 1204 arbitrum.
1445 1173 1583 1214 Adelph.
1599 1173 1620 1204 i.
1636 1174 1665 1209 2,
1681 1174 1734 1204 43.
1756 1173 1820 1204 Co·

1260 1225 1328 1289 {aem
1344 1215 1709 1290 ifflssuffidssissd‘ffl
1727 1215 1822 1300 ³³52,ss

1259 1300 1353 1332 alam.
1371 1301 1454 1332 Hec.
1471 1301 1513 1332 iv.
1524 1303 1556 1338 4,
1573 1301 1623 1332 86.
1643 1303 1723 1332 Cedo
1732 1301 1821 1339 dum,

1260 1353 1301 1374 en
1313 1354 1455 1384 unquam
1471 1344 1612 1375 audisti?
1639 1344 1769 1375 Phorm.
1786 1343 1821 1376 ii.

1261 1387 1290 1424 2,
1311 1387 1359 1417 15.
1383 1386 1479 1422 Quod
1495 1387 1569 1424 fers,
1583 1388 1663 1418 cedo.
1689 1387 1819 1418 Phorm.

1260 1438 1288 1460 v.
1306 1429 1336 1466 6,
1353 1429 1402 1462 17.
1425 1429 1514 1464 Quin
1537 1435 1573 1460 tu
1589 1429 1634 1460 mi
1649 1435 1821 1470 argentum

1259 1473 1338 1503 cedo.
1365 1472 1400 1503 P.
1420 1472 1526 1503 Immo
1541 1482 1618 1503 vero
1633 1482 1768 1504 uxorem
1784 1478 1822 1504 tu

1259 1516 1339 1545 cedo.
1368 1514 1497 1546 Phorm.
1519 1525 1550 1546 v.
1576 1514 1606 1552 7,
1638 1516 1680 1545 42
1707 1521 1740 1546 et
1766 1516 1819 1546 43.

1259 1558 1358 1598 Cape,
1383 1559 1463 1589 cedo.
1500 1557 1630 1588 Phorm.
1654 1567 1684 1589 v.
1711 1557 1741 1595 7,
1767 1557 1820 1594 57,

1259 1599 1333 1631 vide
1350 1600 1464 1631 Notas.

1302 1642 1398 1683 celer]
1430 1642 1505 1674 Nisi
1528 1642 1700 1674 consilium
1723 1644 1819 1675 celere

1259 1685 1429 1727 repereris.
1454 1685 1584 1716 Phorm.
1601 1685 1622 1716 i.
1635 1687 1666 1722 4,
1686 1687 1714 1716 1.
1814 1712 1817 1715 .

1302 1727 1395 1769 cella]
1423 1728 1481 1760 Me
1500 1728 1535 1759 in
1557 1730 1663 1760 cellam
1677 1728 1819 1769 aliquam

1258 1781 1331 1801 cum
1342 1770 1398 1802 illa
1407 1770 1607 1802 concludam.
1621 1771 1761 1813 Adelph.
1774 1771 1818 1803 iv.

1260 1815 1289 1851 2,
1310 1814 1358 1844 13.

1302 1855 1429 1896 cellula]
1460 1856 1543 1887 Cum
1558 1855 1593 1887 in
1616 1857 1755 1887 cellulam
1777 1856 1819 1888 ad

1260 1904 1291 1929 te
1307 1898 1410 1940 patris
1424 1908 1546 1940 penum
1556 1909 1684 1930 omnem
1697 1909 1816 1940 conge-

1257 1942 1367 1972 rebam
1376 1941 1568 1972 clanculum.
1583 1941 1668 1972 Eun.
1678 1941 1712 1973 ii.
1724 1943 1754 1979 3,
1767 1943 1816 1974 19.

1300 1983 1379 2025 celo]
1408 1984 1498 2015 Bene
1520 1984 1757 2016 dissimulatum
1781 1995 1816 2016 a-

1258 2037 1380 2058 morem
1397 2033 1430 2057 et
1445 2026 1715 2058 celatumindicat.
1729 2027 1816 2059 And.

1257 2069 1278 2100 i.
1296 2071 1323 2107 1,
1343 2070 1413 2100 105.
1431 2069 1499 2101 Vos
1511 2071 1616 2107 celavi,
1629 2069 1715 2110 quod
1730 2080 1817 2102 nunc

1256 2111 1370 2144 dicam.
1394 2112 1481 2143 And.
1504 2112 1550 2143 iii.
1567 2114 1598 2150 4,
1617 2113 1647 2144 6.
1672 2113 1739 2144 Ubi
1760 2113 1818 2145 ubi

1257 2162 1314 2192 est,
1329 2155 1386 2186 diu
1402 2157 1496 2186 celari
1510 2165 1575 2186 non
1590 2161 1707 2197 potest.
1728 2155 1815 2189 Eun.

1257 2197 1289 2229 ii.
1305 2199 1335 2235 3,
1353 2199 1382 2229 3.
1408 2199 1506 2229 Celem
1526 2204 1593 2230 tam
1613 2197 1818 2240 insperatum

1255 2240 1429 2281 gaudium?
1447 2241 1568 2272 Heaut.
1581 2240 1628 2272 iii.
1649 2242 1676 2278 l,
1693 2242 1723 2273 5.
1757 2243 1815 2273 Ce-

1255 2285 1371 2315 labitur
1392 2283 1515 2321 itidem,
1538 2289 1576 2315 ut
1595 2285 1694 2316 celata
1710 2284 1816 2316 adhuc

1255 2333 1314 2358 est.
1330 2326 1449 2357 Heaut.
1466 2325 1508 2357 iv.
1526 2327 1556 2363 3,
1573 2327 1625 2357 20.
1649 2326 1699 2359 Ea
1707 2337 1750 2358 ne
1762 2337 1815 2360 mc

1254 2371 1339 2406 celet,
1350 2368 1532 2400 consuefeci
1542 2368 1653 2400 filium.
1669 2369 1813 2412 Adelph.

1255 2411 1276 2443 i.
1296 2413 1323 2448 1,
1341 2413 1392 2443 29.
1418 2411 1518 2442 Haud
1533 2411 1579 2443 ita
1596 2411 1699 2450 decet,
1715 2414 1815 2444 celare

1256 2461 1287 2486 te
1302 2454 1376 2486 iras.
1403 2454 1485 2485 Hec.
1501 2453 1535 2485 ii.
1550 2455 1580 2491 2,
1605 2455 1654 2485 11.
1693 2455 1815 2488 Nescio

1254 2497 1340 2538 quod
1355 2506 1508 2537 magnum
1520 2496 1641 2528 malum
1656 2507 1708 2529 me
1723 2499 1814 2530 celae.

1257 2540 1339 2571 Hec.
1362 2539 1408 2570 iii.
1429 2540 1456 2577 1,
1473 2540 1525 2570 40.
1557 2539 1606 2571 Te
1621 2546 1718 2580 atque
1733 2539 1814 2572 alios

1253 2589 1383 2631 partum
1398 2588 1436 2614 ut
1457 2583 1569 2614 celaret
1590 2592 1696 2615 suum.
1728 2583 1812 2615 Hec.

1254 2625 1300 2656 iii.
1333 2626 1363 2662 3,
1394 2626 1446 2656 24.
1491 2624 1626 2662 Vereor,
1653 2635 1696 2656 ne
1721 2632 1813 2658 orata

661 2668 769 2709 potius
792 2668 862 2699 ibit.
886 2668 1015 2699 Phorm.
1042 2668 1084 2699 iv.
1113 2669 1143 2705 4,
1169 2669 1217 2699 15.
1235 2682 1237 2699 1
1254 2674 1365 2699 nostra
1380 2673 1519 2707 nequeat
1534 2669 1642 2699 celare.
1667 2667 1750 2700 Hec.
1767 2668 1811 2700 iv.

664 2712 763 2741 Causa
780 2718 829 2741 est
840 2710 974 2742 sontica.
991 2710 1120 2741 Phorm.
1132 2711 1173 2741 iv.
1186 2712 1217 2747 4,
1234 2701 1237 2729 ¹
1256 2711 1284 2746 1,
1309 2710 1360 2741 61.
1402 2710 1513 2742 Nosne
1533 2710 1594 2741 hoc
1613 2711 1725 2743 celatos
1745 2717 1812 2743 tam

662 2754 712 2783 29.
723 2753 797 2784 vide
814 2754 926 2784 Notas.
944 2753 1078 2793 Aliquid
1095 2753 1219 2784 credito
1253 2753 1331 2784 diu?
1359 2752 1440 2783 Hec.
1456 2751 1499 2783 iv.
1516 2754 1546 2790 4,
1564 2754 1615 2784 23.

662 2806 733 2826 esse
744 2806 852 2826 causae.
871 2795 1004 2827 Phor-v.
1019 2796 1048 2832 6,
1060 2796 1110 2826 35.
1135 2796 1216 2826 Ves-

1295 2794 1415 2835 censeo]
1440 2795 1491 2826 Tu
1516 2795 1545 2827 si
1568 2795 1619 2827 hic
1637 2794 1692 2834 sis,
1716 2795 1812 2830 aliter,

662 2838 703 2868 tri
727 2838 859 2869 honoris
886 2849 987 2870 causa.
1029 2838 1159 2869 Phorm.
1186 2848 1216 2870 v.
1253 2849 1382 2870 censeas.
1398 2837 1483 2869 And.
1492 2837 1526 2869 ii.
1540 2839 1630 2875 1‚10.
1657 2838 1810 2870 videNo-

663 2881 692 2918 7,
707 2882 759 2911 35.

1253 2887 1311 2912 tas.
1332 2883 1446 2912 Censen
1455 2890 1506 2912 me
1518 2881 1652 2912 verbum
1664 2881 1811 2930 potuisse

704 2922 809 2963 caute]
829 2923 897 2955 Res
911 2922 1017 2954 omnis
1030 2925 1160 2961 cautim,
1177 2933 1218 2954 ne
1252 2923 1355 2955 ullum
1369 2922 1542 2965 proloqui?
1567 2923 1653 2955 And.
1670 2934 1690 2955 1.
1709 2926 1739 2962 5,
1756 2926 1808 2956 21.

662 2973 782 2997 temere
795 2966 919 3004 faciam,
933 2965 1061 3013 adqui-0.
1089 2966 1169 2998 Hec.
1187 2977 1216 2997 v.
1234 2998 1236 3006 .
1255 2966 1332 2997 Dari
1346 2966 1506 2997 tibiverba
1515 2977 1615 2998 censes
1625 2967 1712 3001 falso.
1723 2968 1807 2998 And.

642 3010 690 3046 31,
713 3010 760 3040 11.

1234 3009 1296 3053 fiii.
1309 3011 1338 3048 2,
1355 3010 1406 3041 25.
1423 3009 1497 3041 vide
1520 3009 1634 3042 Notas.
1667 3010 1739 3051 Ego
1754 3021 1810 3042 rus
