1852 3216
209 123 325 164 xxxii
724 125 872 166 DAN.
903 125 1217 166 HEINSIUS

207 224 365 263 quoque
382 219 426 251 ut
444 212 585 252 actioni
604 212 683 259 det,
703 226 860 252 neccsse
878 222 950 259 est,
970 213 1063 275 quia
1081 213 1165 252 sine
1183 212 1271 252 loeo
1291 212 1374 251 fieri
1394 211 1448 252 nil
1467 221 1610 265 potest.
1658 213 1738 253 Hic

207 274 338 304 autem
368 265 477 305 locus
508 270 615 316 σκηνὴ
646 270 816 317 δρᾶμα-ως
846 280 871 307 a
898 267 1042 307 criticis
1071 276 1245 312 vocatur,
1266 266 1378 318 cujus
1398 266 1513 306 finem
1541 267 1737 306 transilire

207 319 328 359 nefas.
387 319 513 359 Nemo
546 322 647 360 enim
679 330 855 373 tempore
888 320 1039 367 eodem,
1071 320 1176 371 quod
1211 335 1236 360 a
1274 319 1413 359 Plauto
1444 330 1549 360 recte
1580 321 1736 367 dicitur,

204 372 297 412 alibi
333 383 451 425 atque
487 374 579 413 alibi
620 376 765 414 versari
803 384 959 427 potest:
999 375 1071 413 nisi
1109 374 1258 426 aliquid
1291 384 1551 414 monstrosum
1590 375 1657 414 flat
1696 375 1736 413 in

206 427 406 467 oomoedia.
463 428 572 468 Idem
593 438 733 474 tamen,
752 443 840 468 cum
860 428 1104 468 Curculionis
1129 442 1282 467 scenam
1313 428 1500 480 Epidauri
1527 430 1733 480 posuisset,

207 481 372 521 Romam
401 483 537 522 transit
565 483 604 521 in
623 483 772 527 eadem,
802 493 842 522 et
870 483 907 521 in
937 483 1198 521 Romanorum
1226 495 1366 526 mores,
1394 495 1520 521 scenae
1548 497 1629 521 suae
1652 483 1735 535 jam

206 534 364 581 oblitus,
394 535 514 575 libere
544 537 758 582 invehitur;
789 547 828 575 et
857 536 1027 597 quidem,
1048 545 1090 574 ut
1118 536 1266 587 antiqui
1296 537 1447 581 comici,
1475 537 1662 582 tributim,
1684 538 1737 576 ita

204 598 248 628 ut
266 598 306 628 et
325 590 476 641 singula
503 590 697 630 describat
724 590 810 629 loca
836 600 910 629 act.
932 591 982 628 iv.
1005 603 1121 629 scena
1138 589 1316 641 AEdepol.
1371 589 1459 628 Jam
1487 595 1530 630 τὸ
1556 594 1668 641 ἄλογα
1695 591 1734 629 in

206 643 347 683 fabulis
366 658 482 695 quam
503 644 652 683 multa?
685 645 738 683 ita
759 658 869 690 voco,
890 658 979 695 quae
987 643 1091 682 nihil
1113 642 1319 682 verisimile
1339 643 1500 683 habent.
1545 643 1641 683 Tale
1661 654 1733 690 est,

205 696 392 736 Sosiclem
425 698 726 744 Menaechmum,
747 698 813 749 qui
844 698 992 736 veniret
1011 711 1033 736 e
1062 697 1205 742 Sicilia,
1226 708 1449 749 surreptum
1478 698 1571 736 item
1600 699 1667 750 qui
1694 699 1735 738 in

206 750 339 802 Illyria
371 752 453 803 jam
485 752 688 796 habitaret,
722 752 868 797 habitu,
903 751 1041 790 eodem
1074 761 1260 802 ternpore,
1296 751 1348 789 ita
1379 751 1494 790 simili
1526 752 1658 798 fuisse,
1690 762 1736 792 ut

205 805 381 856 dignosci
407 820 430 844 a
458 807 740 858 spectatoribus
766 820 843 844 non
864 815 1045 856 possent;
1077 819 1165 844 cum
1184 804 1278 843 nibil
1298 804 1423 844 simile
1442 805 1628 844 haberent
1649 806 1735 845 iste

204 869 352 909 gentes.
410 860 530 903 Quod
551 861 700 904 vitium,
722 873 769 898 ne
794 874 817 898 a
843 860 1011 911 chorago
1030 859 1188 909 quidem
1207 858 1405 897 emendari
1434 868 1575 910 potest.
1631 859 1733 899 Nam

204 912 426 952 Mercurius
451 914 735 965 Amphitryone
760 923 798 952 et
826 913 991 965 Jupiter,
1020 913 1074 951 dii
1100 922 1212 951 sunt:
1241 913 1383 964 quibus
1411 913 1542 952 omnia
1570 914 1732 953 concedi

204 967 319 1007 etiam
340 968 414 1013 hic,
435 967 574 1007 solent.
632 967 765 1011 Quare
786 969 981 1006 incurrere
1000 971 1040 1006 τὸ
1059 970 1189 1017 ἄλογον
1207 980 1284 1007 non
1309 976 1485 1018 possunt.
1535 966 1614 1006 Ubi
1632 968 1734 1007 enim

203 1020 259 1059 dii
285 1030 418 1073 agunt,
438 1031 564 1061 cessat
590 1022 703 1061 ratio.
761 1022 930 1066 Quidvis
956 1022 1060 1060 enim
1089 1034 1204 1072 posse
1226 1035 1305 1066 eoa,
1326 1034 1440 1060 nemo
1467 1030 1538 1067 est,
1563 1021 1630 1072 qui
1658 1035 1735 1061 non

203 1074 406 1127 intelligat.
474 1076 519 1114 In
555 1075 753 1122 Terentio,
788 1077 850 1115 cui
882 1075 952 1115 soli
986 1085 1108 1114 artem
1149 1074 1310 1114 Flaccus
1342 1084 1475 1114 noster
1506 1076 1730 1125 assignavit,

202 1128 298 1167 nihil
327 1130 416 1169 tale.
473 1130 617 1169 Omnia
644 1144 732 1168 cum
755 1130 917 1181 judicio,
938 1143 1025 1168 cum
1054 1130 1216 1174 ratione,
1244 1129 1537 1180 circumspecte,
1557 1143 1607 1167 ex
1635 1140 1730 1177 arte,

202 1191 242 1222 et
269 1196 356 1222 cum
385 1198 490 1223 cura.
550 1183 649 1222 Nam
681 1194 721 1223 et
750 1184 893 1223 fabulae
922 1184 1109 1234 insignem
1140 1184 1220 1221 fere
1248 1197 1336 1221 cum
1373 1183 1567 1235 agnitione
1605 1194 1731 1223 muta-

203 1237 348 1276 tionem
368 1238 533 1277 habent:
562 1252 651 1290 quae
671 1239 769 1277 inter
783 1242 844 1278 τὰς
856 1241 902 1287 μὴ
921 1241 1030 1278 ἁπλᾶς
1045 1238 1126 1276 sive
1140 1240 1375 1288 πεπλεγμένης
1389 1251 1475 1276 esse
1495 1238 1732 1289 perfectissi-

201 1304 285 1331 mas
310 1305 466 1331 necesse
485 1301 557 1331 est.
613 1292 752 1336 Qualis
772 1302 812 1330 et
831 1293 867 1330 in
887 1292 1036 1343 reliqua
1056 1292 1199 1343 ubique
1218 1291 1470 1343 dispositione
1490 1300 1562 1330 est.
1611 1291 1731 1335 Quod

202 1346 252 1385 ad
278 1345 485 1385 dictionem
510 1355 651 1392 autem,
672 1347 759 1398 quis
788 1347 957 1398 negabit,
979 1346 1159 1397 quaedam
1187 1359 1272 1384 esse
1301 1346 1340 1384 in
1370 1344 1521 1390 Plauto,
1541 1360 1630 1397 quae
1661 1360 1732 1386 nec

201 1399 330 1440 locum
350 1410 463 1439 extra
481 1414 648 1445 scenam,
670 1414 794 1451 neque
815 1414 927 1439 usum
948 1401 1020 1439 nisi
1043 1402 1142 1438 inter
1169 1399 1375 1439 histriones
1394 1400 1566 1439 habent?
1615 1398 1730 1439 Unde

202 1455 287 1494 solo
306 1464 344 1492 et
364 1454 508 1506 exiguo
532 1454 672 1493 theatri
701 1455 850 1493 ambitu
876 1455 1257 1493 circumscribuntur.
1316 1453 1418 1492 Nam
1444 1463 1483 1492 et
1508 1457 1732 1504 ἀγωνιστικὸν

201 1508 240 1547 in
260 1509 358 1553 foro,
378 1522 502 1559 neque
522 1509 647 1547 minus
664 1513 846 1559 γραφικὸν,
867 1509 950 1547 sive
971 1509 1153 1547 usitatum
1174 1508 1211 1546 in
1230 1507 1437 1547 scribendo
1455 1507 1729 1556 characterem,

200 1561 315 1615 longe
334 1563 552 1601 excedunt:
583 1576 661 1614 quo
675 1564 819 1614 ubique
839 1576 952 1605 nova.
968 1572 1007 1601 et
1021 1562 1102 1614 jam
1118 1562 1333 1607 emendata,
1351 1562 1507 1613 respicit
1522 1562 1727 1601 comoedia.

202 1615 336 1660 Quare
357 1616 485 1655 Varro
505 1630 592 1655 cum
612 1617 802 1655 sermonis
827 1616 981 1656 laudem
1010 1615 1064 1655 illi
1084 1616 1232 1661 tribuit,
1254 1615 1356 1654 idem
1385 1615 1489 1667 quod
1520 1616 1661 1667 ubique
1690 1617 1731 1655 in

201 1670 367 1723 scriptis,
384 1671 519 1722 quanti
538 1671 682 1710 faceret
697 1671 980 1722 antiquitatem,
997 1670 1221 1731 profitetur:
1252 1679 1295 1708 ut
1309 1669 1375 1721 qui
1393 1674 1436 1709 τὰ
1452 1672 1726 1719 ἀπηρχαιωμένα,

201 1738 290 1776 quae
311 1725 348 1763 in
367 1723 508 1763 Plauto
526 1725 667 1776 partim
686 1739 814 1764 aevum
835 1738 913 1776 quo
941 1725 1026 1763 haec
1056 1724 1223 1775 scripsit,
1243 1724 1384 1775 partim
1411 1737 1500 1775 quae
1531 1723 1727 1776 plerisque

199 1778 339 1830 placet.
362 1779 444 1830 ipsa
462 1778 587 1818 desita
604 1789 767 1818 excusat
785 1779 1006 1841 antiquitas,
1026 1778 1282 1817 commendat.
1342 1776 1455 1816 Unde
1481 1786 1520 1816 et
1552 1778 1634 1830 ipse
1658 1779 1727 1830 qui

200 1834 255 1872 sic
268 1832 471 1884 judicavit,
485 1843 528 1872 ut
542 1833 702 1871 nimium
720 1832 962 1884 antiquitatis
982 1833 1021 1871 in
1040 1832 1247 1871 scribendo
1262 1831 1471 1876 studiosus,
1489 1845 1612 1883 neque
1632 1833 1727 1872 satis

200 1887 274 1926 aevi
303 1887 361 1925 sui
385 1900 544 1932 memor,
565 1886 692 1926 Varro
711 1888 759 1925 ab
778 1887 947 1937 antiquis
965 1886 1109 1925 criticis
1127 1895 1294 1925 notatur.
1352 1886 1433 1930 Qui
1452 1899 1541 1925 cum
1560 1886 1728 1926 sentiant

200 1942 267 1986 sic,
285 1940 564 1993 judicentque,
555 1956 563 1965 ·
595 1942 707 1980 nobis
727 1941 794 1992 qui
813 1942 863 1979 ab
890 1940 964 1979 illis
992 1941 1130 1979 merito
1149 1939 1374 1992 pendemus,
1394 1939 1575 1991 equidem
1594 1950 1725 1980 tacen-

199 1994 291 2034 dum
321 2009 419 2034 reor.
477 1995 628 2034 Auctor
652 1995 701 2034 de
724 1995 851 2034 causis
878 1994 1111 2046 eloquentiae
1139 2004 1358 2046 corruptae:
1388 1993 1583 2032 Neminem
1609 1995 1726 2033 noni-

199 2048 319 2095 nab0,·
345 2062 464 2101 genus
493 2049 676 2088 hominum
707 2049 878 2102 signasse
907 2055 1121 2087 contentas:
1151 2047 1218 2086 sed
1244 2048 1344 2088 vobis
1376 2047 1501 2100 utique
1531 2055 1726 2088 versantur

198 2109 285 2142 ante
302 2104 438 2149 oculos,
458 2103 519 2156 qui
538 2103 721 2142 Lucilium
743 2117 816 2155 pro
835 2103 1010 2147 Horatio,
1030 2109 1063 2142 et
1083 2102 1295 2141 Lucretium
1309 2115 1383 2155 pro
1404 2101 1563 2154 liv-gilio
1581 2102 1723 2163 legant,

198 2156 329 2209 quibus
344 2157 551 2209 eloquentia
570 2157 779 2209 tuiAufidii
797 2157 926 2202 Bassi,
942 2163 1008 2195 aut
1023 2156 1175 2195 Servilii
1188 2155 1369 2201 Noniani,
1387 2169 1433 2195 ex
1450 2157 1726 2208 comparatione

200 2211 372 2250 Sisennoe
394 2217 459 2250 aut
484 2210 672 2257 Varronis,
693 2211 827 2250 sordet.
885 2210 1005 2255 Quod
1029 2224 1081 2249 ex
1109 2212 1271 2250 vocibus
1295 2210 1464 2262 antiquis
1488 2219 1608 2262 patet,
1628 2225 1725 2262 quas

197 2278 249 2304 ex
277 2264 386 2305 libris
418 2265 502 2317 ejus
534 2266 658 2305 critici
686 2265 878 2317 legerunt,
897 2279 985 2304 cum
1016 2278 1093 2303 non
1122 2279 1246 2317 pauca
1272 2264 1348 2304 alia
1377 2278 1428 2303 ex
1456 2265 1611 2316 scriptis
1638 2264 1723 2316 ejus

197 2319 275 2371 peti
313 2320 474 2371 possint.
531 2319 705 2371 Ideoque
741 2319 893 2364 Cicero,
930 2319 998 2370 qui
1035 2319 1083 2357 de
1120 2319 1250 2358 aetatis
1285 2333 1367 2359 suae
1401 2327 1442 2357 et
1476 2331 1652 2357 sermone
1684 2328 1725 2358 et

198 2382 399 2412 venustate
418 2373 588 2413 maxima
603 2387 691 2413 cum
711 2387 804 2413 cura
823 2372 1036 2424 judicabat,
1057 2372 1210 2412 laudern
1239 2373 1337 2412 hanc
1356 2371 1541 2412 Terentio
1559 2373 1723 2412 cessisse

197 2428 336 2467 merito
371 2427 612 2479 pronunciat.
669 2427 734 2467 Sic
765 2427 867 2466 enim
900 2426 950 2466 ad
986 2427 1187 2466 Atticum:
1227 2426 1383 2466 Secutus
1413 2440 1506 2489 sun,
1537 2440 1609 2465 non
1640 2426 1724 2466 dieo

201 2481 416 2527 Caeeiliam5
447 2481 567 2521 Mane
598 2490 642 2520 ut
677 2494 728 2520 ex
760 2490 877 2533 portu
909 2481 948 2520 in
980 2479 1197 2521 Piraeeum:
1226 2481 1347 2520 malus
1376 2480 1473 2526 enin
1500 2479 1725 2520 Latinitatis

195 2542 326 2574 auctor
351 2542 431 2574 est:
461 2534 778 2629 seldaeferentinbns,
797 2537 902 2587 cujus
917 2534 1084 2587 sabeuae
1105 2542 1261 2588 propter
1279 2534 1506 2589 elegantia-s
1530 2535 1723 2582 maasia,

192 2589 426 2641 putabantur
443 2603 468 2628 a
577 2602 612 2628 w
629 2602 704 2628 scri
729 2603 766 2628 ι·

382 2674 471 2710 Heri
486 2674 623 2722 aliquot
638 2672 892 2711 adolescentuli
910 2673 1048 2709 coimus
1065 2674 1101 2709 in
1119 2673 1303 2711 Piraeeum.

197 2755 250 2795 Et
267 2754 426 2794 Servius
445 2756 682 2807 proprietate
699 2754 1126 2847 caeterieraepositum
1146 2755 1248 2794 hunc
1268 2764 1390 2795 notat.
1436 2755 1547 2795 Idem
1566 2754 1615 2794 de
1634 2767 1721 2794 sen-

196 2810 339 2854 tentiis,
358 2822 456 2860 quas
475 2812 622 2850 δωνοίεις
642 2817 793 2854 vocant,
813 2807 859 2862 ju
889 2821 980 2847 icari
1004 2817 1147 2860 potest.
1204 2809 1352 2849 Omnes
1370 2810 1473 2850 enim
1493 2810 1573 2849 sere
1593 2807 1720 2848 Plauti

195 2873 237 2903 et
262 2866 438 2912 θυμιλικοὶ
466 2873 567 2909 sunt,
586 2873 625 2903 et
658 2864 708 2903 ab
738 2876 812 2903 usu
840 2861 990 2907 aliene.
1021 2862 1155 2914 quales
1185 2864 1328 2915 passim
1354 2864 1485 2904 habet.
1540 2862 1721 2915 Inprimis

195 2931 283 2958 cum
302 2916 596 2970 philosophatur
616 2923 669 2956 καὶ
687 2920 916 2968 mmmm-oi.
973 2915 1030 2956 Ut
1048 2930 1164 2956 ecce:

381 2990 551 3028 lasanum
567 2998 620 3028 est
636 2991 784 3036 malum,
802 2991 840 3027 in
855 2989 1054 3038 hospitium
1069 2989 1202 3027 divorti
1218 2990 1262 3027 ad
1278 2990 1507 3037 Cupidinem.
