1852 3216
555 139 802 180 ELOGIA
842 139 1173 180 v-ETERUM.
1288 195 1297 206 ἡ
1588 143 1639 182 xi

100 229 334 281 elegantiam
363 228 404 267 in
436 226 690 267 translatione
725 236 970 274 conservant,
1003 242 1121 280 quam
1156 227 1364 266 veritatem
1399 227 1633 280 interpreta-

100 284 228 323 tionis.

499 334 620 377 Idem
642 335 697 377 ad
720 336 894 378 Suniam
915 342 959 378 et
977 334 1221 378 Fretellam.

156 404 271 442 Hanc
299 417 383 442 esse
408 403 583 455 regulam
606 404 697 442 boni
717 402 950 455 interpretis,
969 413 1013 442 ut
1033 403 1176 443 idioma
1195 404 1352 443 alterius
1370 403 1528 455 linguae,
1548 418 1631 442 suae

98 457 243 510 linguae
272 459 464 508 exprimat
494 459 731 508 proprietate
750 474 758 481 ·
798 458 901 509 quod
930 459 1085 509 quidem
1106 468 1144 496 et
1164 459 1338 497 Tullium
1358 459 1395 496 in
1417 458 1632 509 Protagora

101 511 286 555 Platonis,
315 522 354 550 et
382 511 419 549 in
449 511 706 550 OEconomico
738 512 1023 564 Xenophontis,
1053 522 1092 550 et
1121 513 1159 550 in
1189 512 1464 551 Demosthenis
1498 521 1631 550 contra

101 565 326 604 AEschinem
354 566 527 603 oratione
553 566 692 605 fecisse
712 567 987 611 convincimus,
1008 576 1048 604 et
1066 566 1260 612 Plautum,
1281 567 1520 611 Terentium,
1542 565 1632 603 Cae-

99 620 321 670 ciliumque‚
342 619 623 658 eruditissimos
644 621 749 658 viros
769 621 806 658 in
828 620 979 658 Graecis
999 620 1200 659 comoediis
1220 620 1511 659 transferendis.

634 694 757 737 Idem
777 695 833 737 ad
856 694 1096 737 Paulinum.

157 763 290 802 Habet
309 763 612 815 unumquodque
628 764 870 815 propositum
890 764 1084 815 principes
1099 778 1203 802 suos.
1234 763 1400 802 Romani
1416 763 1533 801 duces
1546 763 1634 800 imi-

102 826 233 855 tentur
259 818 455 863 Camillos,
478 817 687 862 Fabricios,
711 818 894 869 Regulos,
916 818 1139 868 Scipiones:
1168 818 1390 869 philosophi
1414 826 1633 868 proponant

103 872 176 909 sibi
196 872 468 923 Pythagoram,
484 872 696 918 Socratem,
715 872 930 916 Platonem,
950 872 1201 910 Aristotelem
1219 886 1228 909 :
1257 882 1385 923 poetae
1400 871 1633 910 aemulentur

103 925 335 971 Homerum,
355 925 576 977 Virgilium,
597 926 873 971 Menandrum,
893 926 1132 964 Terentium.

504 999 665 1042 Paulus
688 999 871 1041 Orosius
890 999 964 1041 lib.
985 1001 1038 1041 iv.
1063 1015 1157 1055 cap.
1178 1000 1243 1041 19.

158 1069 288 1120 Scipio
302 1068 385 1120 jam
405 1078 496 1107 tunc
511 1078 769 1120 cognomento
785 1069 1005 1113 Africanus,
1024 1068 1266 1120 triumphans
1284 1069 1420 1106 urbem
1436 1068 1635 1119 ingressus

103 1132 175 1166 est,
189 1137 303 1173 quem
320 1123 539 1167 Terentius,
553 1124 618 1173 qui
634 1132 769 1174 postea
784 1123 968 1168 comicus,
981 1136 1031 1160 ex
1047 1123 1243 1160 nobilibus
1258 1121 1636 1173 Carthaginiensium

105 1177 270 1228 captivis
298 1176 476 1228 pileatus,
501 1177 607 1227 quod
635 1177 797 1215 indultae
817 1177 890 1215 sibi
909 1176 1101 1215 libertatis
1122 1177 1269 1228 insigne
1288 1177 1373 1220 fuit,
1395 1176 1636 1227 triumphan-

105 1241 184 1269 tem
204 1240 293 1282 post
312 1245 466 1269 currum
488 1240 644 1269 secutus
663 1240 735 1269 est.

157 1285 292 1323 Livius
320 1284 388 1322 lib.
418 1298 517 1323 xxx.
552 1298 629 1323 non
658 1285 848 1323 comicum
882 1284 983 1322 hunc
1012 1284 1204 1335 intelligit,
1233 1284 1301 1322 sed
1330 1284 1379 1322 ad
1407 1283 1636 1322 Terentium

213 1337 440 1377 Culleonem
468 1349 685 1377 senatorem
715 1338 829 1377 Rom.
860 1338 992 1383 refert,
1019 1339 1085 1389 qui
1112 1338 1214 1390 pileo
1238 1339 1355 1389 capiti
1374 1338 1557 1389 imposito
1577 1350 1639 1375 se-

213 1402 326 1431 cutus
353 1402 414 1431 est
436 1393 658 1443 Scipionem
685 1393 1010 1444 triumphantem3
1042 1402 1147 1431 certe
1174 1393 1222 1430 de
1247 1392 1436 1431 alterutro
1456 1391 1640 1435 Quincti-

211 1446 304 1485 liani
324 1447 440 1485 etiam
459 1446 568 1485 locus
587 1460 638 1484 ex
658 1446 820 1485 declam.
841 1447 896 1484 ix.
916 1446 1188 1497 intelligendus
1208 1457 1280 1484 est.

508 1521 713 1569 Sidonius
733 1520 972 1576 Apollinar.
997 1521 1140 1563 Carm.
1161 1537 1236 1564 xx.

385 1587 484 1631 Quid
500 1599 566 1623 vos
582 1588 714 1635 eloquii
731 1600 857 1623 canam
873 1587 1006 1631 Latini,

385 1636 553 1681 Arpinas,
572 1634 756 1677 Patavine,
776 1635 987 1677 Mantuane,

385 1682 433 1717 Et
449 1688 486 1717 te
501 1683 640 1718 comica
656 1683 717 1729 qui
734 1663 841 1717 doces
856 1681 1016 1724 Terenti,

388 1729 436 1764 Et
452 1736 500 1771 te,
518 1735 680 1775 tempore
697 1729 759 1776 qui
775 1736 874 1764 satus
890 1741 1028 1771 severo,

388 1775 531 1818 Graios,
551 1776 689 1819 Plaute,
708 1777 797 1811 sales
813 1777 935 1822 lepore
951 1777 1093 1812 transis.

452 1846 642 1888 Rufinus
663 1847 963 1902 grammaticus
985 1846 1306 1888 Antiochensis.

390 1913 552 1959 Agnovit
567 1919 723 1948 metrum
740 1919 929 1959 servatque
943 1912 1133 1948 Terentius
1148 1919 1260 1948 artem
1275 1929 1285 1955 ;

390 1959 486 1995 Nam
503 1960 673 2006 prologos
689 1960 851 1994 trimetro
868 1959 992 1995 didicit
1008 1972 1222 2005 componere
1241 1972 1359 2002 versu,

390 2007 655 2054 Scenarumque
670 2013 772 2042 actus
787 2008 924 2053 primos
939 2006 1029 2053 pede
1044 2007 1177 2042 claudit
1193 2007 1331 2042 eodem.

318 2078 492 2120 Servius
514 2079 557 2119 in
577 2077 682 2120 illud
702 2077 776 2120 lib.
793 2078 827 2119 .i.
857 2078 1036 2120 AEneid.
1059 2077 1243 2120 Talibus
1263 2079 1444 2121 incusat.

161 2148 373 2187 Sciendum
408 2155 468 2186 est
505 2146 747 2193 Terentium,
778 2156 939 2198 propter
972 2147 1095 2185 solam
1130 2147 1422 2199 proprietatem,
1461 2148 1644 2186 omnibus

108 2203 270 2242 comicis
297 2216 382 2240 esse
410 2202 696 2253 praepositum3
745 2202 888 2252 quibus
915 2210 988 2246 est,
1017 2210 1204 2252 quantum
1229 2202 1283 2240 ad
1310 2211 1455 2241 caetera
1482 2210 1645 2254 spectat,

114 2257 285 2295 inferior.

521 2307 586 2350 Fl.
609 2308 833 2364 Sosipater
854 2308 1075 2350 Charisius
1096 2308 1171 2350 lib.
1193 2309 1237 2350 ii.

112 2406 117 2411 -
157 2380 267 2427 Ἠθη,
286 2387 331 2417 ut
354 2379 409 2416 ait
429 2376 559 2416 Varro
578 2377 627 2415 de
646 2378 787 2416 Latino
806 2391 984 2416 sermone
1002 2377 1072 2415 lib.
1093 2391 1131 2415 v.
1160 2377 1256 2415 nulli
1278 2377 1344 2415 alii
1372 2391 1529 2416 servare
1556 2391 1650 2416 con-

111 2434 220 2471 venit
246 2446 362 2483 quam
389 2432 562 2470 Titinnio
580 2440 621 2469 et
638 2431 841 2470 Terentio.
887 2434 986 2479 Πάθη
1006 2445 1102 2470 vero
1120 2431 1287 2478 Trabea,
1307 2432 1445 2482 inquit,
1469 2440 1513 2471 et
1542 2432 1651 2471 Atti-

114 2486 204 2532 lius,
224 2495 263 2525 et
283 2486 462 2525 Caecilius
482 2485 595 2524 facile
615 2495 832 2524 moverant.

514 2560 671 2602 Isidor.
695 2560 865 2615 Origin.
887 2559 962 2602 lib.
990 2560 1019 2602 i.
1052 2575 1147 2615 cap.
1174 2560 1246 2602 39.

170 2629 337 2668 Fabulas
354 2638 482 2681 poetae
502 2629 689 2680 quasdam
710 2628 927 2667 delectandi
945 2643 1062 2667 causa
1080 2628 1289 2673 finxerunt,
1308 2628 1495 2680 quasdam
1514 2629 1564 2668 ad
1582 2644 1652 2668 na-

118 2692 226 2722 turas
252 2697 393 2729 rerum,
418 2683 621 2722 nonnullas
647 2684 698 2722 ad
723 2696 852 2721 mores
875 2683 1075 2720 hominum
1096 2683 1337 2734 interpretati
1358 2692 1460 2721 sunt.
1508 2683 1652 2722 Delec-

118 2737 226 2775 tandi
254 2751 370 2775 causa
397 2737 518 2782 fictas,
545 2747 589 2775 ut
613 2751 678 2775 eas
706 2751 803 2788 quas
831 2736 948 2788 vulgo
968 2737 1115 2782 dicunt,
1137 2736 1200 2774 vel
1218 2750 1314 2787 quas
1334 2736 1496 2776 Plautus
1515 2748 1555 2776 et
1574 2738 1654 2776 Te-

117 2792 265 2830 rentius
284 2799 598 2842 composuerunt.

306 2854 379 2896 Ex
398 2855 573 2909 antiquo
594 2854 703 2896 Cod.
727 2854 816 2896 Ms.
839 2855 882 2896 in
905 2853 1177 2895 Bibliotheca
1197 2853 1334 2911 Regis
1355 2854 1472 2897 Gall.

402 2920 543 2956 Natus
534 2932 573 2956 m
588 2912 737 2957 excelsis
751 2921 856 2957 tectis
873 2920 1102 2966 Carthaginis
1117 2920 1199 2956 altae

450 2966 623 3004 Romanis
638 2968 791 3005 ducibus
805 2968 933 3005 bellica
949 2932 1069 3015 praeda
1085 2966 1149 3003 fui.
