1852 3216
121 181 261 209 scmu
283 166 344 221 v.]

711 163 1020 206 ANDRIA.

1575 171 1652 213 101

178 267 262 308 Cn.
285 265 407 307 Itane
424 264 636 319 Chrysis?
667 263 790 306 hem!
837 263 935 304 ΜΥ.
958 262 1054 305 Nos
1075 264 1251 319 quidem
1272 265 1345 320 pol
1365 267 1541 328 miseras
1562 283 1660 323 per-

261 330 387 371 didit.

173 394 256 436 Ca.
279 394 401 442 Quid
422 395 528 435 vos?
550 408 637 448 quo
657 399 787 448 pacto
807 392 909 435 hic?
942 394 1065 435 satin’
1087 396 1235 436 recte?
1267 394 1365 436 MY.
1383 395 1568 438 Nosne?
1600 398 1660 440 sic

126 469 165 499 10
182 460 245 502 Ut
264 461 449 515 quimus,
471 460 614 511 aiunt3
646 460 834 515 quando,
858 466 906 501 ut
927 458 1138 509 volumus,
1160 473 1245 500 non
1266 458 1379 501 licet.

180 525 262 567 CR.
287 525 408 573 Quid
430 524 712 580 Glycerium?
738 525 829 580 jam
848 523 919 566 hic
941 538 1043 565 suos
1063 531 1267 578 parentes
1291 525 1516 580 repperit?

179 589 277 631 Mv.
302 589 503 631 Utinam!
555 589 638 634 CR.
660 589 734 631 An
763 589 954 631 nondum
980 589 1140 630 etiam?
1171 588 1290 631 haud
1321 590 1545 644 auspicato
1574 590 1661 633 huc

260 669 328 696 me
350 653 512 709 appuli.

177 718 291 760 Nam
311 718 399 774 pol,
422 719 457 760 si
477 719 522 760 id
544 719 734 769 scissem,
756 733 975 774 nunquam
995 719 1081 761 huc
1102 718 1340 761 tetulissem
1360 719 1531 774 pedem.

179 783 362 838 Semper
382 784 494 825 enim
515 783 631 824 dicta
651 791 718 825 est
737 784 831 838 ejus
853 783 947 826 haec
969 791 1099 840 atque
1120 784 1270 826 habita
1289 792 1356 827 est
1377 799 1514 827 soror.

124 857 161 886 15
180 848 294 895 Quae
314 847 424 889 illius
445 847 636 898 fuerunt,
658 849 854 903 possidet
871 865 879 890 :

913 864 1027 891 nunc
1047 865 1114 891 me
1136 849 1352 905 hospitem

176 912 298 954 Lites
317 913 454 968 sequi,
472 927 601 968 quam
620 912 691 955 hic
711 913 817 955 mihi
838 913 894 955 sit
914 913 1038 956 facile
1059 921 1189 970 atque
1210 914 1329 965 utile,

160 1014 189 1043 8.
214 1014 302 1043 Itane
320 1013 470 1052 Chrysis?
493 1013 558 1042 hem
568 1011 599 1052 l]
624 1012 699 1043 Non
713 1022 799 1043 nunc
811 1012 862 1043 in-

116 1060 266 1095 terrogat,
283 1055 340 1085 sed
354 1054 615 1085 commiseratur:
641 1061 674 1085 et
688 1054 733 1085 ita
748 1065 864 1095 seque-

115 1098 210 1128 batur
225 1103 260 1128 ut
275 1097 407 1133 diceret,
447 1096 539 1131 eriit;
562 1097 619 1128 sed
634 1097 737 1138 magis
759 1097 862 1138 gemi-

115 1146 167 1170 tus
184 1139 281 1180 (lege,
301 1108 444 1180 gemituiJ
456 1139 628 1180 sig-nificat,
649 1140 734 1180 quod
757 1140 865 1171 minus

116 1182 252 1213 dixerat.
276 1184 342 1213 Nos
357 1184 476 1222 quidem
493 1184 547 1222 pol
567 1185 694 1213 miseras
707 1182 864 1223 perdidit]

115 1224 181 1256 Hic
197 1224 400 1266 intelligitur,
413 1235 511 1266 supra
527 1225 795 1262 subaudiendum,
806 1236 864 1267 pe-

113 1266 177 1298 riit.
202 1267 288 1298 Nam
310 1277 370 1309 pro
388 1270 493 1307 periit,
510 1268 578 1298 haec
594 1267 740 1309 reposuit
755 1270 863 1309 perdi-

112 1311 170 1340 dit.
205 1310 376 1341 D.—Itan'
396 1311 521 1350 Chrysis
530 1310 564 1351 ?]
590 1310 738 1342 Breviter
761 1311 863 1342 inter-

112 1353 313 1393 rogationem
322 1353 363 1383 de
373 1352 541 1393 Chrysidis
553 1360 657 1384 morte
673 1353 779 1384 effecit
790 1364 864 1385 cum

113 1395 240 1439 dolore:
265 1402 299 1426 et
320 1401 409 1426 recte
433 1402 467 1426 et
489 1395 604 1426 ordine
627 1395 807 1436 requisivit,
823 1406 865 1427 an

112 1437 300 1478 Glycerium
310 1437 497 1478 cog-noverit
508 1448 603 1469 suum
618 1444 753 1479 patrem.
778 1439 865 1469 Nam

114 1480 248 1511 honeste
272 1487 401 1521 peteret
420 1480 643 1517 hereditatem,
665 1481 694 1512 si
717 1480 773 1512 illa
795 1483 863 1521 jam

110 1522 192 1553 civis
206 1523 337 1563 cognita
351 1523 508 1554 videatur.
548 1523 731 1565 E.—-Lege‚
747 1535 800 1555 nos
811 1526 867 1563 pol

110 1567 240 1605 quidem,
256 1572 293 1596 ut
308 1565 353 1596 iii.
373 1566 400 1595 1.
421 1566 447 1596 1.
487 1565 525 1596 B.

155 1608 184 1639 9.
212 1609 295 1641 Quid
308 1610 384 1639 vos?
406 1619 464 1648 quo
481 1613 573 1648 pacto
587 1610 637 1639 hic
646 1608 680 1649 ?]
706 1608 861 1650 Progres-

111 1649 160 1681 sio
184 1650 346 1691 loquentis
369 1650 410 1681 ad
433 1650 709 1691 interrogandum.
758 1651 798 1683 Id
813 1658 863 1683 est

110 1699 200 1734 puto,
216 1693 332 1734 inquit,
353 1693 440 1734 quod
462 1693 518 1724 illa
536 1693 652 1735 periit:
677 1704 734 1726 vos
751 1700 861 1725 autem

111 1745 175 1775 quo
190 1736 308 1767 modo?
339 1737 405 1769 Quo
421 1741 513 1776 pacto
534 1738 583 1766 hic
593 1736 626 1776 ?]
658 1736 861 1778 significatio

111 1785 161 1809 est
176 1778 423 1819 peregrinantis.
464 1779 649 1810 D.-Ratio
661 1789 774 1811 versus
790 1779 860 1811 exi-

108 1820 168 1861 git,
186 1828 222 1852 ut
235 1823 335 1852 satine
350 1820 485 1862 legatur.
527 1821 564 1852 B.

159 1865 206 1894 10.
224 1865 326 1894 Nosne
337 1866 352 1893 ?
368 1866 413 1894 sic
428 1869 462 1894 ut
477 1866 604 1904 quimus,
621 1866 718 1901 aiunt,
731 1867 861 1905 quaudo,

108 1911 147 1936 ut
162 1908 304 1942 volumus,
326 1917 384 1936 non
400 1905 488 1946 licet]
514 1906 558 1937 Et
572 1907 614 1937 ad
635 1907 815 1948 praesentis,
830 1914 864 1938 et

110 1949 152 1979 ad
174 1949 347 1990 praeteritae
362 1948 437 1979 vitae
459 1949 700 1980 excusationem
720 1950 864 1990 pertinet

112 1990 176 2022 ista
212 1991 390 2032 responsio,
422 2002 485 2031 qua
521 1998 679 2033 purgatur
715 1992 864 2024 voluntas

110 2033 279 2075 Chrysidis
302 2034 335 2064 in
357 2040 482 2074 quaestu
498 2034 689 2065 meretricio.
714 2035 864 2067 Caecilius

109 2075 146 2106 in
161 2076 280 2114 Plocio,
302 2078 393 2107 Vivus
409 2082 443 2107 ut
454 2080 561 2116 possis,
576 2080 694 2117 quando
709 2080 814 2118 nequis
829 2084 863 2109 ut

110 2120 193 2150 velis.
224 2119 360 2150 D.—Ut
375 2121 503 2159 quimus,
515 2119 619 2160 aiunt]
640 2120 738 2161 Apud
756 2121 862 2151 Zeno-

111 2161 218 2193 bium:
244 2160 346 2201 ζῦμεν
359 2161 431 2202 γὰρ,
448 2162 509 2201 οὐχ
522 2163 563 2193 ὥς
579 2161 722 2201 θέλομεν,
733 2162 808 2194 ἀλλ’
823 2164 864 2195 ὡς

110 2202 275 2243 δυνάμεθα.
301 2205 417 2235 Horat.
435 2205 541 2235 Carm.
555 2204 609 2236 lib.
626 2205 647 2235 i.
665 2205 715 2236 od.
734 2207 784 2236 24.
802 2207 863 2237 Le-

109 2249 177 2278 vius
183 2249 225 2286 fit
236 2249 399 2287 patientia,
420 2249 573 2288 Quicquid
583 2250 735 2288 corrigere
749 2253 795 2279 est
809 2260 862 2280 ne-

102 2287 168 2329 fas.
194 2290 258 2320 Ubi
275 2296 337 2321 vet.
360 2290 528 2321 scholiast.
548 2290 635 2322 hunc
652 2291 799 2322 Terentii
814 2291 861 2323 lo-

109 2341 183 2363 cum
199 2332 318 2363 laudat.
358 2333 394 2363 L.

158 2376 207 2406 u.
227 2374 310 2410 Quid
321 2377 517 2416 Glycerium?
525 2375 595 2416 jam
607 2378 657 2407 hie
668 2375 753 2416 suos]
771 2377 859 2408 Con·

111 2417 202 2449 venit
218 2418 428 2449 hereditatem
443 2418 580 2459 petenti,
592 2419 745 2450 convenit
756 2419 859 2459 judici

112 2459 233 2498 (indici,
249 2461 319 2492 cod.
338 2461 460 2491 Boend.
474 2466 508 2491 et
528 2462 578 2492 ed.
596 2462 651 2492 Du
668 2461 724 2501 B.)
739 2462 859 2500 futuro,

111 2500 152 2532 de
169 2503 314 2543 pluribus
332 2503 497 2544 indagare.
530 2504 619 2545 Ergo
639 2511 729 2535 recte
752 2511 785 2535 et
806 2515 859 2535 or-

111 2544 188 2575 dine
210 2545 367 2585 quaesivir,
389 2545 478 2582 Quid
493 2546 649 2588 Chrysis?
677 2546 755 2587 quid
778 2549 857 2578 vos?

111 2587 189 2627 quid
204 2587 416 2629 Glycerium?
457 2589 499 2620 D.

147 2631 196 2660 12.
216 2631 338 2661 Utinam
345 2630 376 2671 1]
387 2631 483 2662 Novo
490 2641 610 2672 genere
619 2631 860 2673 exoptationem

111 2682 172 2712 pro
188 2672 360 2713 negatione
375 2673 495 2704 intulit.
518 2675 616 2704 Haud
631 2677 789 2714 auspicato
803 2677 861 2706 huc

108 2726 157 2746 me
172 2714 295 2755 appuli]
315 2715 354 2746 Id
367 2721 424 2752 est,
445 2715 676 2757 inauspicatae,
692 2717 779 2758 quod
794 2727 860 2749 non

110 2765 197 2789 esset
219 2757 413 2799 auspicatus.
452 2757 498 2789 Et
515 2758 669 2789 usitatum
697 2759 860 2791 veteribus

110 2800 158 2831 sic
173 2800 290 2838 dicere,
302 2800 331 2831 si
346 2799 424 2840 quid
434 2799 607 2841 aliquando
622 2801 717 2832 aliter
731 2803 858 2834 evenis—

110 2849 170 2879 set,
195 2853 291 2883 quam
319 2842 449 2874 vellent.
490 2843 672 2875 D.—Unus
695 2854 714 2875 e
740 2845 859 2876 nostris

111 2885 203 2916 bonae
227 2892 320 2922 notae,
337 2887 431 2916 attuli
453 2895 513 2926 pro
534 2887 648 2925 appuli.
680 2886 800 2918 Recte:
825 2894 861 2919 ut

114 2927 218 2959 Plaut.
236 2929 355 2969 Amph.
369 2928 415 2958 iii.
433 2930 462 2958 4.
480 2929 509 2958 6.
550 2928 587 2959 Β.

158 2971 205 3001 13.
218 2972 380 3011 Nunquam
391 2973 448 3001 huc
457 2972 619 3002 tetulissem
628 2971 750 3012 pedem]
767 2972 857 3012 Virg.

907 1012 983 1044 AEn.
1002 1013 1034 1043 ii.
1047 1013 1119 1046 657.
1136 1015 1227 1045 Mene
1239 1015 1346 1053 efferre
1354 1017 1470 1054 pedem,
1483 1018 1613 1055 genitor,
1631 1022 1661 1048 te

902 1066 990 1095 posse
1015 1058 1122 1087 relicto
1146 1059 1308 1096 Spera-eti?
1346 1057 1391 1088 Et
1414 1059 1533 1099 Georg.
1558 1058 1579 1089 i.
1609 1060 1658 1090 ll.

907 1100 999 1129 Ferte
1023 1101 1113 1129 simul
1134 1100 1293 1139 Faunique
1315 1102 1433 1139 pedem,
1458 1102 1659 1142 Dryadesque

904 1143 1026 1180 puellae.
1053 1141 1117 1172 Sed
1128 1141 1242 1172 Critici
1256 1141 1422 1179 adnotant,
1436 1142 1574 1174 alienius
1586 1154 1658 1175 esse

909 1193 928 1214 a
943 1184 1128 1215 charactere
1144 1184 1276 1221 comico,
1294 1187 1458 1215 tetulissem
1472 1188 1587 1224 pedem.
1614 1187 1657 1218 D.

909 1228 1119 1267 ——Nunquam
1135 1229 1299 1258 tetulissem
1310 1226 1433 1268 pedem]
1453 1228 1492 1258 Id
1502 1235 1561 1265 est,
1572 1239 1657 1260 nun-

907 1279 1004 1309 quam
1030 1269 1211 1306 venissem;
1244 1276 1277 1301 et
1301 1272 1466 1302 tetulissem
1490 1270 1575 1302 dixit
1599 1282 1659 1313 per

907 1311 1097 1352 prothesin;
1129 1318 1179 1343 est
1203 1312 1290 1343 enim
1306 1312 1404 1352 serre,
1427 1313 1476 1344 ire
1499 1319 1532 1344 et
1557 1315 1658 1355 profi-

908 1354 1004 1390 cisci3
1027 1360 1064 1385 ut
1088 1355 1178 1395 Virg.
1202 1355 1278 1386 AEn.
1295 1355 1329 1386 ii.
1346 1356 1420 1388 657.
1441 1358 1532 1387 Mene
1552 1358 1659 1396 efferre

903 1399 1020 1436 pedem,
1028 1400 1158 1437 genitor.
1187 1398 1452 1430 E.—Tetulissem
1462 1399 1588 1440 pedem]
1607 1400 1660 1431 Ita

909 1439 1088 1470 Diomedes
1105 1439 1159 1471 lib.
1177 1439 1197 1470 i.
1215 1451 1252 1471 ac
1266 1441 1349 1472 Mss.
1389 1441 1427 1472 L.

954 1483 1003 1513 14.
1028 1484 1150 1522 Semper
1170 1485 1249 1513 em'm
1268 1483 1335 1523 ejus
1355 1486 1439 1515 dicta
1453 1489 1499 1514 est
1512 1486 1586 1521 haec,
1607 1489 1658 1516 at-

908 1536 964 1565 que
979 1527 1086 1556 habita
1100 1530 1146 1556 ese
1157 1525 1257 1566 soror]
1275 1526 1343 1556 Aut
1359 1526 1444 1557 veris
1458 1526 1658 1559 credendum

907 1574 966 1604 est,
982 1574 1039 1598 aut
1054 1567 1152 1598 etiam
1166 1567 1265 1605 falsis,
1282 1579 1354 1608 quae
1369 1574 1478 1600 tamen
1493 1569 1656 1601 invetera-

906 1609 1023 1640 verint.
1050 1610 1139 1641 Hinc
1155 1610 1279 1647 Cicero,
1296 1612 1348 1642 Ita
1363 1613 1541 1649 habeantur,
1555 1614 1659 1652 itaque

905 1654 1057 1683 dicantur.
1093 1654 1213 1685 Habita
1228 1663 1305 1694 ergo
1318 1653 1392 1694 plus
1407 1659 1466 1690 est,
1480 1664 1576 1695 quam
1592 1666 1658 1686 cre-

904 1697 981 1726 dita.
1014 1697 1136 1735 Semper
1150 1695 1233 1736 ejus]
1252 1698 1282 1727 A
1295 1696 1442 1738 possibili
1458 1703 1492 1728 et
1506 1697 1598 1728 utili.-
1615 1698 1657 1729 D.

903 1740 1071 1778 —Semper
1085 1738 1152 1778 ejus
1172 1741 1257 1770 dicta
1281 1745 1327 1770 est
1350 1739 1430 1780 haec]
1457 1739 1531 1775 Quo
1554 1740 1659 1781 magis

904 1780 1035 1811 difficile
1051 1791 1122 1812 esse
1138 1781 1288 1813 ostendat
1301 1782 1514 1813 hereditatem
1534 1789 1657 1824 petere,

905 1823 1031 1863 adjecit,
1049 1824 1135 1863 quod
1155 1824 1223 1854 haec
1239 1835 1322 1855 soror
1341 1830 1373 1855 et
1396 1827 1480 1855 dicta
1495 1830 1541 1855 est
1556 1830 1587 1856 et
1601 1828 1658 1856 ha-

907 1867 992 1896 bita.-
1023 1865 1111 1896 unde
1135 1867 1210 1906 jure
1239 1866 1274 1897 in
1299 1867 1480 1897 hereditate
1506 1867 1659 1908 Chrysidi

907 1907 1103 1939 succederet.
1144 1909 1326 1939 E.—Dicta
1340 1914 1387 1940 est
1401 1909 1467 1950 eius
1483 1909 1564 1951 haec]
1591 1910 1658 1942 Va—

906 1950 994 1981 riant
1016 1950 1069 1981 hic
1094 1950 1207 1992 scripti
1230 1951 1374 1982 codices:
1399 1952 1465 1992 ejus
1488 1954 1573 1983 dicta
1594 1964 1658 1984 esse

907 1995 993 2028 hoec:
1016 1993 1075 2024 sed
1095 1993 1213 2024 melius
1228 1994 1313 2034 quod
1335 1994 1370 2024 in
1394 1995 1458 2025 Ms.
1476 1994 1518 2026 R.
1535 1997 1658 2036 Semper

907 2037 986 2066 enim
1002 2038 1085 2067 dicta
1100 2036 1167 2076 ejus
1181 2038 1254 2073 haec,
1270 2042 1361 2077 atque
1376 2039 1483 2068 habita
1496 2043 1544 2069 est
1562 2049 1656 2069 soror.

908 2078 1171 2109 L.—-vaticanus
1186 2085 1219 2110 et
1235 2079 1438 2110 Basilicanus
1452 2079 1517 2111 sic:
1535 2082 1658 2121 Semper

906 2123 985 2152 enim
999 2123 1084 2152 dicta
1098 2126 1144 2152 est
1158 2132 1221 2152 eece
1235 2124 1308 2159 hoee,
1322 2127 1413 2162 atque
1427 2125 1535 2154 habita
1549 2128 1595 2154 est
1608 2134 1657 2154 sa-

906 2174 966 2194 ror.
1002 2163 1133 2204 Reliqui
1147 2174 1259 2195 omnes
1275 2164 1404 2202 Faerni,
1421 2166 1544 2205 Semper
1559 2174 1656 2203 mus,

906 2212 968 2237 etc.
1003 2206 1101 2247 Lege,
1127 2208 1249 2246 Semper
1272 2215 1310 2237 11
1335 2209 1419 2238 dicta
1440 2213 1487 2238 est
1506 2219 1570 2239 esse
1591 2210 1656 2240 haec

906 2254 1007 2289 atque,
1023 2254 1079 2280 etc.
1113 2249 1234 2280 Sensus
1257 2255 1307 2280 est
1325 2249 1456 2290 gravior
1478 2260 1537 2292 per
1558 2260 1655 2292 asyn-

906 2291 991 2328 deta‚
1005 2292 1131 2323 sublato
1145 2294 1225 2323 enim
1235 2305 1245 2323 .·
1260 2292 1300 2323 cf.
1313 2292 1433 2323 Heaut.
1442 2292 1477 2323 ii.
1489 2294 1519 2323 3.
1532 2294 1583 2325 29.
1614 2294 1654 2325 B.

952 2335 1001 2365 15.
1018 2336 1110 2365 Nunc
1132 2346 1177 2366 me
1194 2337 1338 2374 hospitem
1359 2337 1428 2366 lites
1441 2334 1543 2376 sequi]
1568 2335 1656 2368 Mire

903 2376 983 2408 dicit
997 2388 1052 2414 me,
1070 2377 1157 2418 (lege
1168 2387 1186 2408 e
1198 2377 1261 2408 Ms.
1279 2377 1387 2408 Hulst.
1407 2379 1449 2409 Ee
1465 2387 1516 2408 nn:
1526 2383 1558 2409 et
1567 2387 1654 2409 nos-

905 2428 1020 2450 mrsu
1035 2426 1065 2451 et
1090 2428 1195 2451 mres
1219 2429 1337 2458 SEQUI,
1353 2422 1428 2451 mire
1444 2422 1521 2451 dicit
1540 2426 1572 2452 et
1589 2431 1656 2453 eum

904 2460 1055 2502 ἐμφάσεις
1082 2471 1143 2500 ΜΕ,
1168 2465 1204 2493 id
1225 2468 1279 2501 est,
1295 2474 1393 2494 senem
1417 2468 1446 2494 ee
1469 2468 1614 2495 remotum
1634 2475 1656 2496 a

903 2504 1036 2544 litibus),
1051 2515 1124 2536 cum
1141 2503 1287 2545 ἐμφάσει,
1303 2506 1337 2536 id
1353 2512 1411 2542 est,
1427 2515 1538 2537 senem
1553 2511 1588 2537 et
1601 2514 1654 2538 re*-

903 2554 1027 2578 motum
1039 2558 1059 2579 a
1070 2547 1190 2579 litibus.
1213 2549 1381 2588 Hospitem,
1394 2547 1428 2579 id
1440 2554 1499 2584 est,
1508 2549 1654 2590 peregri-

903 2600 992 2621 num.
1024 2592 1112 2622 Lites
1133 2592 1226 2631 sequi,
1249 2590 1284 2621 id
1304 2597 1364 2628 est,
1385 2601 1580 2632 pauperemg
1603 2597 1654 2623 to-

904 2638 974 2663 tum
993 2643 1053 2674 per
1074 2634 1212 2673 ἔμφασιν
1227 2632 1352 2672 (Verba
1373 2635 1443 2664 lites
1463 2635 1653 2674 sequi—en-

900 2677 1013 2715 phasin
1028 2675 1111 2706 sorte
1126 2675 1172 2706 ita
1187 2681 1265 2706 sunt
1285 2676 1446 2707 sananda:
1470 2685 1576 2707 mrss
1593 2685 1652 2708 ss-

906 2727 981 2755 qu,
998 2720 1033 2749 id
1045 2723 1100 2755 est,
1117 2720 1315 2749 hereditatem
1325 2717 1494 2760 persequi).
1533 2719 1575 2750 D.

949 2761 998 2791 16.
1025 2763 1122 2794 Quam
1134 2763 1184 2791 hic
1197 2762 1273 2791 mihi
1286 2762 1328 2792 eil
1340 2758 1440 2801 facile
1450 2766 1541 2802 atque
1555 2761 1650 2804 utile]

905 2803 945 2834 ld
969 2809 1027 2840 est,
1044 2802 1175 2833 difficile
1202 2809 1236 2834 et
1256 2802 1391 2835 inutile=
1419 2809 1454 2835 et
1478 2809 1529 2836 est
1549 2805 1652 2836 eomi-

901 2856 985 2877 cum.
1026 2846 1219 2876 D.-—Facile
1241 2851 1333 2887 atque
1346 2844 1439 2887 utile]
1464 2846 1531 2878 Hic
1554 2853 1588 2878 et
1608 2858 1651 2879 an

905 2888 976 2919 fieri
1007 2887 1111 2929 possit
1136 2888 1303 2926 tractabat,
1338 2896 1372 2920 et
1400 2899 1442 2920 an
1479 2889 1650 2931 expediat:

904 2931 989 2970 quod
1012 2930 1123 2971 utique
1137 2930 1355 2965 deliberativae
1370 2941 1388 2963 e
1403 2931 1551 2973 partibus
1569 2933 1650 2963 dici·-

905 2980 965 3003 tur.
1006 2973 1156 3004 E.—-Pr0
1177 2975 1225 3005 hic
1247 2973 1320 3016 lego
1342 2977 1384 3012 id,
1400 2975 1440 3006 ob
1459 2974 1555 3006 fidem
1572 2985 1649 3015 qua-
