1852 3216
638 138 719 179 DE
746 137 1070 179 THEATRO.
1313 198 1322 208 ι
1551 142 1618 181 lvii

100 244 189 271 cum
205 227 426 281 capitolium
445 226 655 265 dedicaret.
711 224 924 264 carbasina
949 224 1088 263 deinde
1112 224 1198 263 vela
1223 226 1372 276 primus
1397 227 1434 264 in
1463 227 1615 266 theatro

99 285 256 324 duxisse
274 281 439 320 traditur
457 279 646 318 Lentulus
663 278 861 331 Spinther,
881 278 1170 330 Apollinaribus
1188 277 1313 317 ludis:
1331 293 1426 318 mox
1444 279 1516 330 (ait
1534 281 1613 319 Pli—

98 336 205 387 nius)
222 335 355 375 Caesar
382 335 560 378 dictator,
588 342 712 372 totum
739 334 867 371 forum
894 333 1111 371 Romanum
1140 332 1291 371 intexit.
1348 332 1455 371 Nero
1480 332 1614 372 Caesar

97 391 207 436 velis,
237 389 465 428 rudentibus
500 387 748 439 superstratis
778 395 818 425 et
849 386 979 425 colore
1004 385 1093 424 coeli
1119 385 1261 424 stellati
1287 387 1614 448 amphitheatrum

97 444 282 489 contexit,
297 452 343 481 ut
358 442 479 480 solem
490 441 753 480 defenderent.
800 440 885 478 Ima
898 440 1037 478 theatri
1053 439 1164 478 sedes
1176 439 1238 478 vel
1251 440 1381 490 potius
1394 440 1434 478 id
1445 442 1615 492 spatium

93 497 199 549 quod
229 499 279 535 ab
309 498 385 534 ima
416 495 507 534 sede
539 495 677 533 theatri
709 494 961 545 interjacebat
991 492 1154 545 pulpito,
1182 494 1372 532 orchestra
1399 494 1613 541 dicebatur,

93 551 202 602 quasi
223 551 462 594 saltatorum,
481 549 584 599 quod
603 549 680 588 illic
698 548 803 599 apud
826 548 989 586 Graecos
1007 556 1047 586 et
1064 547 1169 598 apud
1186 546 1345 586 Latinos
1363 548 1612 599 antiquiores,

93 605 275 644 saltantes
301 604 506 642 histriones
534 603 680 654 populo
696 602 993 641 oblectationem
1011 601 1204 647 afferrent,
1226 602 1372 639 interea
1390 602 1484 640 dum
1503 611 1614 641 actus

93 667 433 698 commutarentur.
490 657 536 694 In
563 671 648 695 eam
674 657 790 695 etiam
818 655 1026 707 thymelici‚
1054 655 1128 693 hoc
1155 664 1227 699 est,
1249 655 1470 702 citharistae,
1490 657 1613 695 citha-

93 712 205 758 roedi,
224 713 401 750 tibicines
419 724 508 749 suas
522 712 757 761 praestabant
771 710 940 749 actiones
959 709 1052 761 ipsis
1070 708 1231 755 Graecis‚
1251 718 1368 760 atque
1387 710 1428 747 id
1444 710 1614 761 spatium

94 765 443 817 comprehendebat
470 764 574 816 apud
605 765 794 815 antiquos,
831 763 937 814 quod
968 777 1040 802 ceu
1075 771 1251 801 centrum
1280 763 1420 801 theatri
1449 765 1498 802 ab
1534 764 1613 802 imo

95 820 217 872 gradu
231 820 280 858 ad
299 819 490 871 pulpitum
506 832 629 869 usque
647 832 773 856 scenae
784 831 948 856 vacuum
960 817 1261 867 relinquebatur.
1308 817 1356 855 In
1375 817 1615 856 theatrorum

95 874 301 913 orchestris
320 873 464 924 (inquit
491 871 658 922 Plinius)
675 873 791 910 scobe
810 880 877 910 aut
895 884 1011 909 arena
1038 870 1257 932 superjecta
1283 885 1364 909 vox
1390 871 1614 917 devoratur,

95 936 135 966 et
162 928 201 966 in
229 927 315 966 rudi
343 927 532 978 parietum
552 925 828 977 circumjectu:
858 933 1094 976 quapropter
1121 925 1303 963 existimo
1329 926 1452 976 probe
1479 939 1613 964 emun-

94 981 228 1020 datum
264 981 394 1024 fuisse,
432 981 465 1018 si
495 979 648 1031 quando
679 979 853 1031 pugilum
886 978 988 1017 ludis
1018 991 1134 1016 arena
1162 991 1371 1029 conspersa
1401 979 1614 1018 videretur.

93 1034 313 1074 Novissime
331 1043 459 1073 autem
478 1034 583 1085 apud
609 1033 805 1072 Romanos
828 1033 1027 1071 orchestra
1054 1032 1297 1070 senatoribus
1316 1032 1443 1070 dicata
1468 1033 1587 1079 suit,
1575 1047 1616 1071 ιιι

94 1102 170 1140 qua
194 1088 572 1128 honorificentiorum
600 1096 710 1125 erant
737 1086 824 1125 loca
849 1086 1061 1137 designata,
1089 1094 1249 1137 propter
1277 1086 1614 1125 commoditatem.

94 1152 140 1182 ut
156 1143 258 1188 inde,
277 1156 353 1181 non
373 1142 498 1180 solum
517 1142 635 1180 verba
654 1151 693 1179 et
720 1149 864 1192 gestus,
885 1140 954 1178 sed
970 1140 1086 1178 etiam
1112 1139 1255 1190 pedum
1274 1140 1475 1185 motiones,
1495 1149 1535 1178 et
1553 1140 1615 1178 vel

95 1197 250 1235 minima
268 1209 432 1247 quaeque
451 1197 742 1246 conspicerent:
770 1194 971 1245 proximus
991 1194 1094 1231 enim
1111 1194 1175 1232 hic
1192 1193 1337 1245 gradus
1355 1203 1439 1232 erat
1462 1193 1615 1246 pulpito

96 1264 236 1295 scenae,
254 1250 303 1288 de
323 1250 433 1302 cujus
451 1249 728 1301 compositione
745 1262 838 1287 mox
856 1247 1061 1286 dicendum
1079 1257 1151 1285 est.

365 1335 535 1378 Positio
554 1340 598 1376 et
615 1334 875 1376 constructio
895 1333 1045 1375 Scenoe
1064 1333 1110 1374 in
1137 1332 1338 1374 Theatro.

151 1405 256 1443 Ante
283 1405 488 1449 theatrum,
508 1417 579 1442 ceu
606 1403 711 1441 frons
730 1402 947 1453 quaedam
935 1402 1069 1453 ipsius,
1090 1415 1203 1440 scena
1219 1401 1400 1453 opposita
1427 1401 1513 1447 fuit,
1542 1415 1615 1453 pro

98 1472 140 1497 re
166 1467 256 1498 nata
282 1468 322 1496 et
345 1457 491 1509 agenda
512 1457 703 1496 comoedia
729 1465 798 1495 aut
825 1456 1016 1507 tragoedia
1042 1463 1266 1494 exstructa:
1295 1469 1373 1494 uno
1399 1463 1467 1494 aut
1493 1455 1617 1495 altero

99 1521 247 1551 tantum
266 1512 329 1550 die
348 1512 434 1550 usui
454 1511 607 1549 futura:
636 1511 710 1548 nisi
728 1510 892 1548 fortasse
913 1509 1063 1561 ligneus
1082 1518 1291 1560 apparatus
1310 1510 1350 1547 in
1369 1509 1518 1560 aliquot
1533 1509 1617 1548 dies

95 1566 345 1618 proferretur.
402 1565 502 1603 Nam
537 1565 585 1603 de
623 1564 746 1602 scenis
781 1564 1004 1608 sumtuosis,
1040 1572 1080 1601 et
1120 1572 1264 1614 praeter
1300 1563 1618 1602 consuetudinem

97 1634 215 1672 supra
249 1619 407 1658 modum
440 1619 726 1657 luxuriantibus
757 1618 820 1655 hic
853 1631 931 1655 non
963 1617 1328 1668 intelligimu8.1n
1357 1618 1459 1656 hunc
1486 1626 1618 1656 autem

99 1674 260 1712 modum
295 1674 483 1724 disposita
518 1682 612 1716 erat,
649 1681 836 1723 quantum
871 1685 944 1722 ego
989 1671 1211 1722 conjectura
1244 1671 1397 1721 assequi
1442 1685 1615 1722 possum.

97 1727 219 1766 Scena
253 1727 355 1765 binis
386 1727 638 1778 pluribusque
668 1725 1021 1776 contignationibus
1051 1733 1119 1763 aut
1154 1724 1547 1771 contabulationibus,
1584 1726 1619 1763 si

95 1781 231 1825 mavis,
262 1790 460 1818 exstructa
492 1780 590 1818 fuit:
631 1780 734 1818 circa
761 1793 858 1830 quas
890 1778 1043 1830 singula
1072 1779 1305 1824 ambulacra,
1338 1787 1406 1819 aut
1442 1779 1618 1830 porticus

98 1834 287 1873 columnis
305 1834 479 1885 pluribus
498 1834 688 1872 distinctae
707 1833 949 1871 videbantur.
1001 1832 1133 1883 Atque
1151 1846 1198 1870 ea
1215 1832 1322 1870 frons
1341 1845 1466 1870 scenae
1483 1832 1617 1884 appel-

96 1888 176 1926 lata
211 1889 297 1926 fuit.
354 1888 398 1925 In
434 1887 640 1939 cujuslibet
672 1887 967 1948 contignationis
998 1886 1251 1936 frontispicim
1283 1885 1389 1947 quod
1424 1886 1619 1925 theatrum

98 1942 340 1993 respiciebat,
363 1950 488 1992 portae
516 1941 819 1992 ingeniosissime
839 1940 1005 1991 depictae
1032 1948 1072 1977 et
1098 1940 1228 1977 exitus
1256 1940 1352 1978 varii
1379 1939 1548 1985 fuerunt,
1576 1941 1618 1979 in

98 1997 238 2046 quibus
264 1996 480 2046 praesertim
510 1995 751 2046 superiorum
779 1994 1120 2045 contignationum,
1149 1993 1268 2039 mimi,
1295 1993 1559 2039 mirmillomes,
1578 2003 1619 2032 et

99 2050 231 2088 caeteri
262 2049 358 2087 ludii
396 2050 522 2087 varios
551 2058 683 2100 gestus
713 2062 758 2086 ac
794 2047 1104 2099 gesticulationes
1135 2047 1315 2108 edebant,
1347 2047 1450 2085 unde
1481 2048 1619 2086 scenici

97 2103 252 2155 proprie
270 2103 376 2141 dicti.
435 2103 577 2140 Chorus
604 2102 732 2147 etiam,
759 2115 847 2139 mea
873 2101 1073 2145 sententia,
1101 2100 1140 2138 in
1167 2101 1214 2138 iis
1241 2101 1505 2162 superioribus
1524 2115 1618 2141 con-

99 2157 374 2209 tignationibus
401 2157 653 2201 referebatur,
682 2156 775 2194 dum
793 2164 998 2207 agerentur
1025 2154 1239 2206 tragoediae,
1263 2155 1337 2193 nisi
1365 2155 1499 2200 mavis,
1528 2164 1620 2206 post

99 2224 251 2250 scenam
279 2211 318 2249 in
343 2211 430 2249 loco
453 2211 647 2248 destinato
674 2210 792 2248 fuisse
821 2210 981 2248 chorum
999 2216 1039 2247 et
1062 2217 1238 2247 cantores
1266 2222 1312 2247 ac
1338 2209 1530 2254 tibicines,
1549 2210 1618 2260 qui

98 2263 206 2304 locus
222 2264 361 2310 odeum,
380 2274 425 2303 ut
450 2273 558 2316 puto,
577 2265 629 2302 ob
657 2264 697 2302 id
715 2265 926 2302 vocabatur
944 2277 968 2301 a
986 2263 1174 2302 cantibus.
1230 2261 1309 2300 Sed
1335 2262 1375 2300 in
1395 2262 1442 2300 iis
1460 2275 1617 2314 quoque

98 2317 193 2357 locis
221 2319 364 2357 fiebant
380 2327 420 2357 et
446 2318 675 2357 nebularum
702 2318 845 2363 icones,
866 2327 905 2355 et
922 2317 1082 2355 deorum
1110 2316 1330 2361 descensus,
1350 2323 1391 2354 et
1407 2325 1549 2355 caetera
1575 2317 1619 2355 id

99 2385 233 2424 genus,
253 2372 303 2411 ad
327 2386 487 2423 magnas
510 2380 550 2411 et
577 2380 794 2410 sumtuosas
813 2371 1023 2410 comoedias
1041 2378 1144 2422 apta.
1200 2370 1395 2408 Existimo
1423 2378 1552 2408 tamen
1578 2371 1619 2409 ιιι

99 2425 233 2464 humili
246 2426 437 2465 comoedia
455 2440 531 2465 non
550 2426 670 2464 fuisse
689 2434 838 2464 tantum
852 2434 1092 2477 apparatum.
1139 2423 1224 2462 Ima
1241 2437 1367 2462 scenae
1380 2424 1616 2475 contignatio

98 2480 417 2531 prominentiores
439 2481 623 2519 exerebat
650 2479 861 2524 columnas,
882 2479 1003 2517 veluti
1029 2478 1202 2530 porticus
1231 2477 1418 2529 quasdam
1446 2477 1617 2523 latiores,

99 2534 173 2572 sub
190 2532 329 2584 quibus
348 2534 489 2573 cazulae
506 2543 546 2573 et
563 2535 708 2572 rustica
725 2533 945 2571 domicilia
934 2547 975 2571 ιιι
993 2533 1105 2571 novis
1124 2532 1337 2576 comoediis,
1353 2531 1470 2570 variis
1487 2545 1616 2570 scenae

99 2585 195 2625 locis
213 2596 430 2626 constructa
447 2596 568 2634 erant,
586 2589 703 2626 urbes
721 2600 887 2638 quoque,
906 2596 946 2625 et
970 2586 1057 2625 loca
1074 2585 1331 2624 remotissima
1348 2585 1616 2624 referebantur

100 2640 140 2678 in
159 2641 381 2691 tragoediis:
409 2655 431 2679 e
445 2643 585 2692 quibus
603 2641 809 2693 prodibant
826 2650 988 2686 actores,
1004 2649 1044 2679 et
1059 2639 1151 2678 illuc
1167 2652 1322 2690 quoque
1336 2652 1378 2677 se
1395 2639 1617 2678 referebant

101 2693 152 2732 ad
170 2702 332 2745 tempus.
387 2694 435 2732 In
451 2696 586 2734 eadem
602 2709 728 2734 scenae
746 2703 857 2746 parte
871 2695 1082 2733 excitatum
1097 2694 1181 2738 fuit,
1198 2692 1304 2743 quod
1315 2691 1469 2744 podium
1481 2694 1615 2745 appel-

100 2746 230 2786 labant
259 2748 351 2798 (etsi
384 2748 541 2799 podium
569 2750 608 2788 in
639 2749 827 2788 columnis
857 2749 898 2786 id
929 2748 1146 2800 significare
1175 2746 1309 2792 soleat,
1342 2747 1448 2797 quod
1476 2756 1616 2786 vocant

102 2803 270 2852 petaste)
293 2802 395 2840 circa
413 2803 592 2841 secundae
610 2804 781 2854 porticus
800 2803 970 2840 medium
993 2801 1248 2852 prominebat,
1267 2814 1315 2839 ne
1331 2809 1489 2839 noceret
1508 2810 1615 2840 acto-

103 2854 222 2893 ribus.
278 2855 402 2893 Breve
422 2869 575 2906 quoque
601 2857 687 2902 fuit,
706 2866 746 2895 et
772 2870 984 2916 paucorum
1004 2868 1141 2906 capax,
1170 2854 1285 2904 idque
1311 2854 1394 2893 fere
1411 2855 1616 2894 videbatur

102 2908 259 2955 referre,
278 2909 420 2960 quod
410 2923 449 2948 ιιι
465 2909 640 2949 aedificiis
666 2910 920 2949 nobilioribus
938 2910 1041 2948 circa
1066 2908 1275 2947 secundam
1301 2908 1495 2960 praecipue
1523 2922 1617 2948 con-

104 2961 349 3012 tignationem
376 2964 592 3013 prominere
619 2964 794 3004 videmus
812 2964 863 3003 ad
890 2964 1088 3008 fenestras,
1111 2975 1307 3014 perronem
1328 2962 1469 3013 vulgus
1489 2971 1615 3007 vocat,

854 3018 864 3055 i
