1852 3216
125 176 266 203 SCENA
288 161 375 215 ιιι.]

689 159 1109 202 EUNUCHUS.

1590 161 1669 202 167

122 260 163 289 45
180 251 321 301 Heus,
342 250 468 300 heus,
490 251 568 292 tibi
588 250 700 300 dico,
723 249 924 300 Chaerea,
946 251 1108 305 inquit:
1141 251 1303 292 restiti:

182 315 298 358 Scin’
318 315 424 369 quid
444 330 527 370 ego
546 322 591 357 te
613 314 843 357 volebam?
874 316 967 358 dic:
1000 330 1096 358 cras
1114 324 1182 358 est
1201 315 1305 357 mihi

178 380 208 421 J
212 380 399 422 udicium
415 396 425 421 τ
457 380 563 434 quid
583 387 674 421 tum
691 381 708 421 ‘3
739 387 789 421 ut
808 379 1038 435 diligenter
1056 382 1235 423 nuncies

178 444 314 494 Patri,
337 445 573 486 advocatus
594 459 717 486 mane
738 444 843 486 mihi
861 459 958 487 esse
979 453 1029 487 ut
1048 446 1302 488 meminerit.

178 509 299 551 Dum
323 509 417 551 haec
437 510 557 560 dicit,
578 511 684 552 abiit
703 509 838 552 hora:
869 524 992 565 rogo,
1012 525 1115 552 num
1136 511 1242 566 quid
1262 509 1395 552 velit?

123 583 166 613 so
182 573 340 623 Recte,
362 574 525 629 inquit;
557 575 667 616 abeo
684 591 694 615 :
726 590 860 630 quum
879 574 965 617 huc
986 577 1171 631 respicio
1192 576 1250 618 ad
1270 576 1493 632 virginem,

180 638 260 680 llla
281 653 376 680 sese
396 639 561 692 interea
581 640 851 681 commodum
871 639 957 683 huc
978 642 1226 683 adverterat

179 703 231 745 In
250 703 363 746 hanc
382 712 574 746 nostram
593 704 793 760 plateam.
846 705 961 747 PAR.
983 706 1160 755 Mirum,
1183 707 1227 748 ni
1244 706 1359 749 hanc
1379 707 1499 756 dicit,
1520 706 1650 748 modo

179 768 297 810 Huic
317 784 415 823 quae
435 769 591 810 data’st
611 770 740 811 dono.
793 769 878 811 Cn.
903 769 1006 812 Huc
1026 786 1159 826 quum
1180 772 1379 822 advenio,
1399 770 1517 813 nulla
1538 779 1646 813 erat.

180 832 294 875 PAR.
318 833 507 875 Comites
531 835 666 876 secuti
690 834 852 876 scilicet
874 842 975 876 sunt
994 836 1231 891 virginem?

122 965 181 997 rit:
206 976 267 1007 pro
279 966 415 1007 virgine,
431 966 595 1003 incurvus,
610 966 785 998 tremulus:
811 977 871 1008 pro

120 1008 265 1050 pulchra,
281 1008 375 1039 labiis
390 1009 549 1046 demissis,
568 1019 724 1058 gemena:
748 1016 782 1040 et
795 1020 869 1040 cum

120 1058 245 1082 amator
259 1051 311 1087 sit,
328 1050 470 1082 inaniter
484 1050 707 1082 adolescenti
698 1062 768 1094 ipse
779 1051 869 1092 judi-

119 1093 207 1124 cium
229 1093 389 1134 loquitur.
412 1094 490 1124 dum
513 1094 731 1125 festinandum
747 1095 799 1131 sit,
816 1105 868 1125 re-

119 1142 272 1167 moratur.
317 1137 427 1168 Labiis
441 1136 596 1177 demissis]
621 1136 748 1177 Majora
769 1137 868 1174 labra,

120 1178 207 1209 unde
233 1180 397 1210 Labeon-es.
444 1179 511 1210 Alii
537 1182 621 1211 labia
648 1180 813 1218 inferiora,
836 1187 870 1211 et

122 1223 210 1252 labra
222 1222 399 1263 superiora.
433 1222 473 1252 D.

161 1265 214 1294 45.
237 1265 334 1300 Heus,
356 1266 439 1302 heu-r,
456 1267 515 1295 tibi
529 1267 606 1301 dico,
626 1265 770 1306 Choerea]
798 1267 868 1296 Tibi

119 1307 195 1343 dieo,
225 1308 361 1344 (ἕλω-ια,
386 1317 451 1338 non
482 1308 625 1345 adderet,
657 1308 721 1339 nisi
747 1308 873 1339 videret

120 1349 287 1380 chaeream
311 1349 569 1381 dissimulantem
591 1351 769 1390 praeterire.
816 1352 871 1381 In·

119 1391 204 1433 qnit]
215 1391 323 1422 Aliter
332 1394 431 1432 inquit
440 1393 720 1433 pronunciandum
730 1400 794 1429 est;
811 1393 872 1424 hoc

120 1440 180 1470 eet,
206 1434 375 1465 concitate.
430 1435 516 1466 Nam
541 1435 629 1466 senis
655 1436 755 1467 verba
778 1435 873 1467 aliter

119 1476 312 1518 proferenda
334 1484 420 1508 sunt.
458 1478 619 1509 D.-—Tibi
640 1478 725 1519 dico]
750 1478 795 1509 Et
816 1478 870 1509 hic

119 1529 216 1559 quam
232 1519 340 1556 stulte,
357 1526 403 1556 ut,
416 1530 490 1551 cum
501 1522 569 1560 jam
585 1521 795 1558 revocaverit,
811 1521 868 1551 ad·

114 1561 233 1602 jiceret
248 1564 307 1592 tibi
317 1564 385 1592 dieo
394 1575 406 1597 ,-
428 1562 487 1593 scd
508 1563 586 1594 inde
601 1563 778 1603 subjunxit,
794 1573 869 1594 cum

119 1604 471 1678 tantiqueszaratuzmesset
482 1605 722 1680 adolffiebizlad
732 1606 868 1684 ιιιέιιειι-

143 1657 208 1684 ιιιιι,
284 1649 313 1678 η’
335 1659 355 1688 q
381 1649 388 1655 '
430 1657 485 1688 ego
507 1654 535 1679 te
700 1673 708 1679 .
796 1659 871 1679 uam

121 1689 208 1720 enim
226 1689 361 1720 stultum
377 1696 435 1726 est,
452 1697 489 1721 ut
502 1701 576 1722 cum
592 1698 668 1722 ante
690 1691 806 1722 debeat
821 1691 872 1722 di·-

120 1742 205 1769 cere,
222 1732 322 1763 veluti
343 1733 522 1774 interroget
543 1741 580 1764 ac
596 1734 692 1770 dicat,
716 1736 783 1765 Scis
797 1736 873 1775 quid

120 1785 176 1815 ego
188 1780 216 1805 te
225 1776 355 1805 volebam
366 1778 382 1805 .⁷
418 1775 433 1806 1
437 1782 470 1806 ta
484 1783 614 1807 coactus
623 1783 672 1807 est
683 1776 871 1808 adolaeoens

121 1817 319 1858 respondere
345 1825 382 1848 ut
405 1817 528 1849 diceret
551 1820 621 1849 Dic.
669 1819 762 1850 Inter
785 1819 873 1851 vicen

122 1869 238 1890 vocum
250 1869 368 1900 magna
380 1860 515 1891 tarditas
526 1861 716 1892 declaratur.
750 1861 873 1892 Contra

122 1903 298 1944 respondet
311 1902 376 1940 ille,
396 1904 473 1934 Cras
487 1909 532 1934 ert
547 1904 788 1944 niihijudicim.
828 1904 872 1934 Et

122 1945 183 1975 hoc
198 1945 333 1975 stultum
347 1952 406 1982 est,
423 1946 508 1985 quod
523 1946 570 1977 ait
584 1959 592 1982 ς
615 1946 702 1986 quod
717 1957 789 1978 cras
800 1948 870 1977 fue-

122 1994 174 2018 rat
196 1987 351 2025 futurum,
381 1988 489 2030 pridie
518 1989 696 2020 nunciavit.
743 1989 872 2020 Deinde

123 2030 216 2061 tarda
243 2030 387 2061 narratio
411 2037 470 2068 est,
493 2032 578 2071 quod
601 2031 689 2068 dicit,
712 2034 772 2063 Est
798 2034 873 2063 mihi

113 2072 279 2112 juducium.
326 2073 476 2114 Denique
498 2074 590 2105 dolor
611 2074 825 2106 adolescentis
840 2083 873 2106 et

123 2116 183 2147 hac
219 2116 405 2148 narratione
435 2117 639 2158 exprimitur,
668 2117 754 2158 quod
783 2117 872 2154 dicit,

127 2160 211 2192 Quid
222 2164 283 2189 tun
296 2161 313 2189 .'
337 2160 444 2200 Atque
458 2159 514 2190 ille
526 2161 625 2190 verba
637 2170 722 2201 pene
735 2170 800 2191 non
813 2170 871 2191 ne-

123 2201 264 2232 cessaria
277 2202 405 2241 adjecit,
423 2212 498 2233 cum
520 2202 704 2244 respondet,
735 2204 777 2233 Ut
798 2205 872 2233 dili·

121 2249 231 2284 genter
251 2247 376 2276 nuncin
392 2247 488 2285 patri,
509 2247 672 2276 advocatus
695 2257 782 2276 nane
799 2248 873 2276 mihi

124 2297 188 2317 esse
202 2292 238 2317 ut
251 2290 429 2319 meminerit.
475 2287 628 2329 Denique
649 2288 731 2319 istac
753 2288 799 2319 sic
815 2299 873 2319 ex-

125 2338 236 2370 prem
248 2338 282 2360 et
293 2330 355 2361 hoc
367 2330 505 2371 intelligi
520 2330 617 2362 datur
627 2339 702 2362 cum
714 2330 873 2381 adjunxit,

126 2373 207 2403 Dun
222 2374 287 2403 hee
300 2374 388 2410 dicit,
403 2375 484 2404 abiit
497 2375 581 2404 hora.
626 2374 760 2414 Atque*
751 2384 784 2404 ιιι
783 2374 872 2414 jecit,

125 2425 199 2455 wgo
209 2417 355 2456 mquid
364 2417 447 2447 velit.
484 2416 581 2452 Quod
592 2415 723 2457 quidem
738 2416 874 2448 sortasse

128 2456 302 2488 verisimile
318 2458 467 2490 videatur
486 2469 568 2496 ease,
588 2469 663 2490 eum
680 2459 736 2500 qui
756 2469 874 2501 prope-

128 2505 216 2529 raret
239 2505 366 2532 tacente
391 2511 431 2532 eo
456 2501 513 2542 qui
538 2501 708 2539 retinebat,
737 2502 875 2544 amplius

129 2541 329 2590 interrogare
344 2543 493 2575 voluisse.
537 2544 661 2576 Verum
676 2545 737 2576 hoc
754 2545 794 2575 ad
810 2545 874 2576 fes·

129 2584 406 2626 tiuantemmagis
303 2586 571 2628 magnaper-tinet.
605 2587 668 2619 Cui
681 2587 777 2628 (Qui)
787 2588 875 2619 enim

130 2626 224 2664 dixit,
240 2628 325 2667 Rogo
337 2639 375 2659 ne
389 2628 490 2670 (m)
506 2631 583 2670 qnid
594 2632 678 2667 velie,
701 2631 875 2668 metuebat,

131 2679 173 2700 ne
182 2669 264 2700 forte
387 2677 495 2702 entem
507 2682 620 2703 rumis
630 2682 732 2704 senex
743 2683 875 2704 revoca-

130 2718 190 2743 ret.
229 2712 381 2753 Denique
388 2723 462 2744 cum
472 2713 527 2745 ille
534 2715 763 2756 respondisset,
773 2722 876 2752 recte,-

132 2762 210 2786 tunc
233 2754 314 2786 dicit
338 2755 527 2788 adolescens
551 2758 634 2788 abeo.
691 2757 791 2792 Qua-
820 2761 879 2790 hnc

129 2800 259 2837 respicio
270 2799 314 2829 ad
326 2800 482 2839 virgine-u.
519 2799 598 2831 Post
611 2799 807 2832 locutionem
821 2802 878 2833 diu

131 2840 273 2871 habitam
290 2843 427 2881 respicio,
444 2842 559 2883 inquit,
573 2842 614 2874 ad
629 2853 701 2874 eam
714 2853 810 2884 quam
825 2854 876 2876 se-

131 2883 253 2924 quebar
267 2883 437 2925 virginem.
465 2884 503 2916 E.

175 2926 228 2957 46.
251 2928 333 2957 Sein'
348 2929 488 2968 quidego
502 2932 532 2958 {e
546 2929 678 2959 volebant
691 2927 726 2970 Ρ]
744 2929 811 2960 Hic
826 2940 878 2961 ω-

134 2968 277 3001 tenditur
292 2970 403 3001 odiosa
424 2970 559 3002 tarditas
573 2970 671 3009 senis,
686 2972 773 3013 apud
787 2972 877 3005 festi-

915 973 1048 998 nantem
1073 967 1251 999 Chaeream.
1297 969 1385 999 Nam
1408 979 1474 1000 nou
1497 969 1587 1006 dicit,
1608 969 1667 1000 aed

913 1010 1076 1050 promittit
1091 1021 1126 1041 se
1141 1011 1314 1041 dicturum.
1362 1013 1440 1042 Cras
1455 1017 1501 1042 eet
1520 1014 1595 1042 mihi
1608 1013 1666 1052 jn-

913 1049 1044 1093 elidum]
1072 1051 1160 1083 Huic
1176 1060 1275 1084 morae
1291 1052 1390 1084 etiam
1412 1053 1493 1084 illud
1508 1054 1666 1090 additum,

913 1095 1009 1135 quod,
1023 1105 1122 1135 quum
1139 1095 1255 1126 debeat
1264 1096 1372 1127 dicere
1386 1096 1464 1144 quid
1474 1096 1561 1133 velit,
1575 1097 1669 1138 priua

914 1137 993 1168 dicit
1008 1138 1094 1178 quod
1110 1148 1176 1169 non
1192 1146 1242 1169 est
1254 1139 1484 1176 necessarium,
1498 1149 1597 1180 quare
1610 1149 1667 1170 ve—

913 1180 962 1211 lit.
995 1181 1037 1211 D.

956 1223 1008 1256 47
1039 1225 1081 1255 Ut
1095 1225 1259 1265 diligenter
1272 1223 1412 1265 nuncies]
1428 1225 1605 1265 Diligenter
1616 1224 1667 1255 ni-

912 1265 959 1296 hil
982 1273 1047 1297 tam
1070 1267 1283 1303 abundanter,
1306 1267 1389 1298 nihil
1411 1274 1478 1298 tam
1500 1267 1669 1298 moraliter

918 1308 965 1347 (h.
988 1318 1016 1339 e.
1040 1311 1083 1339 ad
1103 1320 1215 1340 moram
1227 1309 1405 1349 faciendam
1428 1315 1500 1350 apte
1524 1310 1580 1351 Z.)
1602 1309 1667 1341 dici

914 1351 1031 1392 potuit.
1064 1352 1106 1382 D.

959 1395 1011 1424 48.
1034 1395 1112 1425 Esse
1124 1398 1159 1424 ut
1174 1393 1360 1435 meminerit]
1378 1395 1453 1426 Non
1466 1401 1501 1426 ut
1511 1398 1575 1426 sit.-
1598 1395 1667 1432 sed,

915 1441 950 1467 nt
964 1447 1027 1467 esse
1042 1439 1218 1467 meminerit.
1258 1438 1287 1468 Ο
1302 1437 1492 1479 prolixitas.
1485 1440 1492 1459 ¹
1526 1438 1569 1468 D.

956 1479 1008 1509 49.
1032 1481 1114 1510 Dum
1129 1482 1193 1510 haec
1208 1479 1302 1520 dicit]
1322 1480 1389 1511 Dat
1400 1487 1529 1529 tempus
1541 1480 1664 1512 verbis:

913 1530 986 1561 quae
1007 1532 1073 1552 non
1092 1522 1209 1563 potuit,
1229 1521 1377 1562 quamvis
1398 1523 1591 1560 imitaretur,
1608 1532 1667 1554 ex·

913 1564 1064 1605 primere.
1102 1566 1188 1605 Rogo
1208 1567 1355 1605 numquid
1371 1567 1443 1596 velie
1452 1564 1487 1606 2]
1511 1566 1586 1596 Hoc
1607 1572 1667 1603 eet,

913 1606 1063 1647 aig-nilico
1083 1617 1137 1637 me
1159 1607 1258 1637 abire.
1305 1608 1391 1638 Nam
1417 1607 1545 1644 abituri,
1569 1618 1612 1638 ne
1634 1608 1668 1639 id

915 1649 996 1680 dure
1016 1649 1169 1686 facerent,
1186 1650 1346 1691 Numquid
1365 1653 1411 1681 vis
1432 1630 1585 1681 diceba’nt
1606 1650 1668 1688 hia,

914 1691 1106 1732 quibuscum
1128 1692 1359 1723 constitissent.
1401 1695 1486 1727 Quid
1506 1700 1558 1724 est
1579 1703 1667 1734 ergo.

914 1736 1000 1775 Rogo
1018 1737 1165 1776 nunquid
1183 1737 1257 1766 velit
1267 1735 1302 1776 ?]
1328 1735 1403 1766 Hoc
1418 1742 1478 1773 est,
1494 1736 1568 1766 dico
1582 1736 1669 1776 quod

914 1778 1071 1808 abeuntes
1083 1777 1199 1808 solent.
1224 1778 1394 1809 D.—Dmn
1409 1781 1474 1809 haec
1487 1777 1583 1818 dicit]
1602 1779 1668 1810 Ms.

916 1819 956 1850 R.
974 1826 1007 1850 et
1022 1820 1063 1850 V.
1080 1820 1117 1851 C.
1140 1822 1222 1851 Dum
1235 1823 1299 1851 haec
1314 1822 1456 1861 loquitur.
1481 1821 1668 1852 L—Recte

915 1862 1019 1893 nostri
1045 1873 1168 1899 omnes,
1190 1870 1309 1903 praeter
1329 1873 1430 1894 unum
1452 1863 1532 1894 satis
1553 1873 1668 1894 recen-

914 1911 992 1941 tem,
1015 1904 1138 1935 habent
1166 1907 1309 1945 loquitur,
1336 1915 1396 1947 pro
1424 1905 1550 1947 vulgari
1578 1908 1668 1937 dicit.

917 1947 964 1978 Ut
979 1957 1077 1988 supra
1092 1947 1127 1978 ii.
1146 1949 1175 1978 2.
1193 1949 1245 1978 24.
1275 1948 1314 1978 B.

960 1991 1012 2020 50.
1028 1991 1131 2026 Recte,
1143 1990 1259 2031 iuquit]
1277 1991 1342 2021 Pro
1353 2000 1393 2022 eo
1406 1991 1493 2032 quod
1504 1997 1555 2022 est
1565 1991 1666 2023 nihil:

916 2038 949 2063 et
965 2032 1139 2069 moraliter,
1155 2034 1201 2072 τῷ
1217 2033 1400 2073 &numni-‘-
1439 2033 1538 2068 Qmm
1549 2037 1608 2066 he
1618 2046 1668 2066 re-

915 2077 1010 2115 epit-io
1029 2077 1071 2106 ad
1089 2077 1245 2115 virginem,
1261 2077 1318 2107 illa
1333 2087 1407 2113 sese,
1423 2076 1499 2117 eta]
1524 2077 1564 2108 Iu
1584 2077 1669 2108 hanc

916 2125 1052 2158 partem,
1082 2118 1215 2156 scilicet,
1247 2129 1311 2159 qua
1349 2119 1506 2150 meretrix
1541 2119 1669 2151 habita-

917 2161 981 2191 bat.
999 2160 1041 2191 D.

961 2204 1012 2234 51.
1036 2205 1160 2234 Interea
1187 2203 1384 2245 mnodum]
1407 2204 1551 2236 Tantum
1572 2204 1670 2246 quod,

916 2245 993 2276 vel
984 2255 1056 2287 ipso
1070 2246 1183 2277 eodem
1207 2257 1248 2277 ue
1263 2253 1418 2287 tempore.
1453 2248 1576 2278 Interea
1590 2258 1670 2278 eon—

917 2288 1052 2329 modun]
1070 2289 1154 2319 Una.
1221 2297 1233 2320 t
1248 2289 1309 2320 hoc
1321 2289 1502 2330 significat:
1525 2296 1564 2320 ut
1576 2289 1606 2321 ai
1618 2289 1670 2321 di-

917 2342 981 2367 cas,
1006 2331 1130 2362 Eodem
1158 2338 1305 2373 tempore
1327 2342 1391 2372 quo
1412 2332 1474 2363 hoc
1504 2332 1670 2373 agebatur-

918 2374 1005 2405 Nam
1024 2377 1151 2411 interea,
1168 2385 1255 2406 nuuc
1275 2375 1461 2414 conjunctio
1481 2374 1673 2423 accipienda

918 2423 981 2448 est:
1002 2427 1078 2453 non,
1085 2424 1123 2448 ut
1134 2417 1224 2454 alias,
1233 2427 1294 2458 pro
1304 2417 1457 2448 adverbio
1466 2414 1610 2459 ponitur.
1626 2418 1670 2449 D.

963 2461 1015 2490 52.
1039 2461 1077 2490 In
1107 2462 1186 2490 hane
1214 2466 1347 2491 nostran
1371 2459 1525 2501 platea-u]
1556 2460 1670 2498 Recte,

919 2502 996 2543 quia
1009 2502 1116 2533 vicina
1133 2509 1183 2533 est
1197 2502 1263 2534 illis
1278 2503 1387 2540 Thais,
1401 2503 1442 2533 ad
1457 2513 1553 2543 quam
1567 2502 1671 2534 dedu-

919 2545 1013 2576 citur.
1040 2545 1253 2582 D.——Mirum‚
1266 2548 1299 2576 ιιι·
1312 2547 1391 2576 hane
1402 2545 1498 2586 dicit]
1513 2545 1580 2577 Hic
1594 2553 1671 2587 eog—

919 2587 1002 2619 nitio
1017 2588 1157 2619 efficitur
1171 2589 1250 2628 ejus,
1266 2598 1338 2629 quae
1353 2589 1566 2628 quaerebatur.
1596 2588 1637 2620 E.

964 2630 1016 2661 53.
1039 2632 1139 2662 Nulla
1165 2630 1252 2672 erat]
1279 2631 1413 2662 Etenim
1438 2630 1587 2672 ingreua
1600 2632 1672 2672 jam

920 2673 1035 2704 fuerat.
1069 2674 1110 2704 D.
1112 2675 1244 2704 ——Dono
1264 2680 1369 2705 totum
1390 2673 1425 2704 in
1440 2673 1542 2705 'rhed
1561 2673 1671 2705 οοειιῐ-

921 2723 1018 2748 tatur.
1047 2717 1195 2757 Repone,
1209 2717 1608 2757 Huieqnaidaeadcu’ae.
1631 2717 1671 2748 B.

959 2761 1011 2790 54.
1030 2760 1159 2790 Comites
1168 2761 1264 2790 secuti
1274 2760 1471 2790 scilieetmt
1481 2758 1671 2800 uirgine-f]

924 2802 1162 2842 Interrogative
1188 2801 1340 2842 quidem:
1371 2801 1431 2833 aed
1450 2801 1508 2839 tic,
1530 2808 1568 2833 ut
1588 2802 1673 2834 scire

922 2845 1071 2876 videatur
1082 2844 1116 2875 1d
1131 2844 1217 2885 quod
1228 2844 1365 2885 quaerit.
1386 2843 1671 2886 sedadhocquae-

922 2896 994 2918 rere
1010 2855 1151 2928 (quaen‘eq
1158 2887 1195 2918 Z
1199 2886 1224 2927 )
1228 2855 1286 2924 qut,
1301 2886 1387 2928 quod
1401 2887 1473 2925 neit,
1489 2887 1670 2919 confirmet.

924 2931 1143 2961 D.—Co¹m'tes
1157 2929 1270 2971 nee-ti]
1288 2930 1474 2971 Interrogat
1488 2930 1592 2972 signa,
1607 2940 1672 2970 quo

922 2973 1058 3010 facilius,
1081 2982 1177 3013 quam
1202 2973 1395 3015 suspicatur,
1418 2983 1490 3005 eam
1511 2973 1672 3014 virginem
