1852 3216
162 86 302 116 scam
321 71 371 127 1.]

452 69 1396 114 HEAUTONTIMORUMENOS.

1605 71 1691 115 269

276 161 361 204 Est
378 175 403 203 e
424 160 634 203 Corintho
652 160 723 203 hic
742 160 909 203 advena
927 175 1034 202 anus
1055 159 1340 216 paupercula:

221 236 262 267 45
278 227 390 283 Ejus
410 225 540 268 filiam
559 225 629 269 ille
649 241 791 268 amare
809 226 943 282 coepit
963 226 1147 281 perdite,

277 292 421 348 Prope
435 292 527 348 jam
545 299 595 334 ut
614 307 694 348 pro
714 306 848 334 uxore
867 291 1071 334 haberet:
1102 291 1196 334 haec
1217 290 1325 334 clam
1342 306 1409 334 me
1430 292 1582 334 omnia.

277 358 368 400 Ubi
387 373 477 400 rem
495 358 670 409 rescivi3
703 358 817 414 coepi
835 372 921 400 non
940 357 1202 408 humanitus,

276 423 436 479 Neque
456 431 505 465 ut
525 424 710 465 animum
729 423 874 466 decuit
891 430 1100 477 aegrotum
1121 422 1445 474 adolescentuli,

274 489 484 531 Tractare
500 506 510 539 3
543 489 621 531 sed
640 489 695 539 vi,
716 496 761 531 et
780 489 848 530 via
866 488 1117 544 pervolgata
1137 497 1322 544 patrum.

217 563 259 594 50
276 555 484 604 Quotidie
504 556 778 598 accusabam:
813 555 945 605 Hem,
966 556 1099 597 tibine
1119 554 1213 598 haec
1233 555 1394 597 diutius

280 621 435 664 Licere
456 620 605 677 speras
627 620 768 663 facere
788 636 856 663 me
875 621 970 663 vivo
990 628 1128 676 patre,

278 687 473 730 Amicam
493 695 541 728 ut
561 687 723 729 habeas
745 701 880 743 prope
894 689 984 743 jam
1002 687 1047 728 in
1062 687 1209 728 uxoris
1230 686 1357 729 loco?

275 752 427 803 Erras,
451 753 486 794 si
506 753 550 798 id
570 753 726 803 credis,
746 760 791 794 et
809 767 876 796 me
895 753 1082 808 ignoras,
1105 752 1255 794 Clinia.

274 817 376 874 Ego
396 826 438 860 te
454 833 595 860 meum
614 833 710 860 esse
730 819 815 860 dici
832 819 1044 873 tantisper
1063 817 1174 868 volo,

219 892 259 922 55
277 883 409 934 Dum,
427 883 544 938 quod
565 891 607 925 te
628 884 872 939 dignum’st‚
894 882 1024 925 facies
1043 899 1053 924 ε
1086 883 1162 924 sed
1184 883 1219 924 si
1238 883 1283 924 id
1305 898 1389 924 non
1410 883 1529 933 facis,

275 949 390 1005 Ego,
410 949 528 1004 quod
548 963 615 994 me
635 949 679 990 in
699 958 742 990 te
765 949 820 991 sit
839 948 982 991 facere
1002 948 1193 1004 dignum,
1214 949 1430 991 invenero.

274 1014 409 1057 Nulla
428 1014 537 1056 adeo
556 1029 612 1056 ex
631 1029 679 1056 re
698 1015 809 1057 istuc
829 1014 894 1063 fit,
911 1015 993 1056 nisi
1012 1029 1068 1056 ex
1087 1015 1215 1056 nimio
1235 1014 1336 1056 otio.

273 1080 374 1136 Ego
391 1081 502 1123 istuc
523 1080 677 1130 aetatis,
698 1095 786 1122 non
806 1081 940 1122 amori
960 1095 1135 1136 operam
1154 1080 1324 1130 dabam,

275 1146 365 1188 Sed
384 1146 428 1188 in
446 1144 596 1188 Asiam
614 1145 715 1187 hinc
736 1146 822 1187 abii
841 1154 1020 1202 propter
1038 1146 1308 1203 pauperiem3
1339 1153 1470 1202 atque
1489 1146 1549 1188 ibi

203 1277 255 1306 44.
279 1276 338 1306 Est
353 1286 369 1306 e
387 1276 529 1306 corintho
543 1277 593 1305 hic
607 1276 722 1306 advena
737 1286 813 1306 anus
824 1286 903 1315 paa-

157 1317 298 1359 ραι-ιω]
316 1318 360 1349 Et
373 1318 442 1349 haec
457 1317 598 1349 narratio
613 1324 662 1348 est
676 1318 717 1349 ad
732 1329 904 1360 personam

160 1361 385 1393 declarandam
407 1362 476 1402 ejus
499 1360 653 1398 mulieris,
669 1371 741 1401 quae
762 1361 903 1403 puellam

161 1405 236 1436 tulit
250 1404 348 1442 illam,
365 1415 436 1445 quae
452 1405 633 1436 Chremetis
647 1404 714 1435 filia
725 1411 783 1435 est.
821 1405 903 1440 Quae

160 1458 247 1479 nunc
262 1448 367 1489 posita
382 1447 524 1479 narratio
539 1447 581 1478 ad
602 1447 690 1478 illam
706 1447 906 1489 superiorem

160 1491 367 1532 conjungitur
379 1498 411 1522 et
427 1490 634 1522 adnectitur?
667 1490 708 1521 Ε.

204 1536 257 1565 45.
280 1533 422 1575 Perdite]
448 1534 538 1565 Bene
550 1535 680 1574 perdite.
727 1533 812 1565 Nam
831 1545 903 1574 per-

161 1579 245 1609 ditus
259 1584 318 1614 est,
334 1577 387 1618 qui
411 1577 446 1609 in
461 1587 556 1608 omne
572 1577 677 1608 scelus
692 1584 742 1608 est
756 1576 902 1609 traditus.

162 1620 304 1662 Perdite]
322 1620 531 1658 Adverbium,
546 1620 568 1651 i.
584 1630 612 1651 e.
628 1619 746 1652 misere
761 1627 794 1652 et
808 1620 906 1652 nimis

164 1664 381 1701 vehementer,
409 1670 443 1695 et
471 1664 505 1694 in
534 1663 749 1705 perditionem
779 1674 906 1696 morum

162 1717 303 1739 suorum.
341 1707 378 1738 C.
380 1709 526 1747 —Coepit
537 1706 672 1747 perdite]
690 1707 755 1738 Ms-
772 1707 813 1737 R.
834 1709 904 1739 Vir-

160 1753 271 1791 ἐνίπτοι.
300 1750 447 1781 L—Pro
459 1751 588 1790 perdite,
602 1750 766 1791 probanda
777 1756 827 1781 est
839 1750 904 1782 lec·

163 1794 210 1825 tio
218 1793 309 1824 codd.
323 1793 533 1834 quorundam,
550 1795 705 1833 virginem.
746 1793 842 1824 Certe
857 1800 907 1825 est

163 1847 283 1868 nomen
310 1836 487 1873 honestius,
514 1844 548 1867 et
577 1835 660 1867 tollit
690 1836 906 1878 suspicionem

163 1879 238 1911 vitae
252 1879 450 1911 meretriciae.
485 1880 521 1911 B.

207 1923 259 1956 47.
285 1925 370 1963 Coepi
392 1935 450 1954 non
476 1921 665 1963 humanitus]
695 1922 760 1954 Hic
779 1924 847 1963 jam
871 1933 907 1954 se

163 1966 279 2040 arguidt,
308 1966 393 2007 quod
410 1968 498 2007 juste
523 1966 563 1997 de
586 1976 620 1997 se
642 1965 752 2007 exigat
772 1976 903 2008 poenas.

162 2010 267 2051 siquid
269 2020 331 2046 em,
347 2020 421 2041 cum
443 2009 723 2040 animadvertisset
745 2009 847 2040 filium
870 2020 905 2040 a-

161 2063 252 2084 mare
263 2053 442 2089 mulierem,
455 2063 520 2084 non
531 2053 673 2083 humano
685 2053 789 2089 modo,
803 2063 907 2094 neque

162 2096 213 2128 uti
227 2096 343 2134 decuit,
359 2095 589 2128 adolescentuli
600 2096 745 2127 animum
760 2095 806 2127 sie
822 2103 905 2127 trac·

164 2139 253 2178 tavit,
265 2139 323 2171 aed
334 2146 446 2182 aperte
455 2139 487 2171 vi
501 2147 535 2171 et
549 2149 637 2170 more
652 2146 780 2180 patrum
789 2139 907 2171 cotidie

163 2182 334 2215 accusavit.
366 2183 538 2224 Subjungit
544 2182 661 2214 deinde
670 2182 906 2220 allocutionem,

163 2236 227 2266 qua
246 2237 324 2258 usus
345 2233 395 2258 est
409 2237 483 2258 cum
497 2233 663 2258 accusaret
683 2225 807 2257 filium:
839 2228 908 2267 Ego

167 2274 197 2300 te
218 2281 313 2301 meunt
334 2272 483 2310 tantisper
504 2272 566 2301 dici
587 2271 659 2306 volo,
683 2271 764 2300 Dum
778 2271 858 2311 quod
877 2275 906 2301 te

163 2314 289 2354 dignu
308 2318 355 2344 est
366 2312 477 2353 facies.
522 2312 596 2344 Dici
618 2319 651 2343 te
672 2312 776 2344 filium
799 2323 907 2344 meum

166 2361 233 2386 tam
247 2355 304 2388 diu
318 2355 401 2393 volo,
416 2366 513 2397 quam
525 2355 582 2387 diu
597 2355 676 2387 sacis
691 2356 776 2397 quod
790 2362 823 2387 te
834 2356 906 2398 dig-

166 2408 245 2429 num
258 2405 318 2430 est.
362 2367 436 2431 Sinq
435 2406 543 2431 autem
559 2409 625 2430 non
639 2399 763 2437 seceris,
779 2410 839 2440 ego
854 2399 906 2430 in-

166 2441 294 2473 veniam
308 2442 417 2482 quod
408 2453 443 2474 111
458 2452 490 2473 te
505 2442 639 2484 dignum
654 2441 697 2473 ait
711 2443 825 2474 faeere.
865 2443 906 2474 E.

166 2486 277 2515 -Ubi
297 2484 376 2526 ren]
393 2485 457 2517 MS.
474 2485 515 2517 R.
538 2487 598 2517 Ubi
614 2488 657 2517 id.
701 2485 906 2527 Humanitas]

166 2527 398 2568 ὁιλανθρόπος.
425 2528 573 2560 Diomed.
589 2528 643 2560 lib.
660 2528 680 2560 i.
719 2529 906 2561 L—Pleri-

166 2581 230 2611 que
245 2570 356 2607 nostri,
378 2572 438 2603 Ubi
451 2574 486 2603 id
497 2574 615 2603 rescivi.
647 2572 684 2603 B.

210 2615 262 2645 48.
286 2616 427 2645 Animam
447 2613 609 2656 agrum]
633 2614 697 2646 Pro
717 2626 799 2656 aegro
813 2614 906 2647 dixit.

169 2657 255 2688 Nam
266 2657 404 2695 animus,
414 2668 515 2698 aegem
537 2667 655 2706 corpus
664 2668 751 2695 vero,
763 2664 907 2699 egrotum

167 2700 294 2732 dicitur.
341 2701 417 2732 Non
443 2708 552 2732 tamen
579 2699 845 2733 inconvenienter
872 2701 907 2734 id

166 2744 254 2784 quod
274 2743 401 2792 corpori
417 2743 653 2792 appropriatur,
667 2744 815 2775 attribuit
834 2744 907 2776 3111

165 2797 242 2823 mo:
288 2786 415 2819 rovenit
436 2787 523 2818 enim
544 2786 646 2818 menti
668 2786 720 2818 vel
740 2787 848 2819 animo
861 2798 906 2819 ε.

165 2830 217 2872 gri
276 2841 296 2862 o
311 2841 353 2862 ex
367 2830 474 2862 camis
487 2829 628 2862 lascivia.
658 2830 696 2861 C.

208 2875 263 2905 49.
297 2875 339 2905 Et
364 2876 413 2905 via
434 2875 612 2914 pervolgata
630 2872 772 2914 patr-un]
796 2874 907 2907 Patres

167 2916 261 2948 bonis
288 2916 454 2955 institutis,
478 2915 614 2949 aliorum
636 2916 802 2958 exempli&
826 2927 905 2950 non-

947 1286 1113 1316 nunquam
1129 1275 1235 1312 minis,
1253 1274 1337 1306 filios
1349 1275 1391 1306 ad
1406 1275 1559 1307 virtutem
1574 1275 1691 1308 adhor-

947 1326 1067 1350 tantur.
1097 1319 1241 1349 c.—V1·a
1255 1318 1307 1349 hic
1323 1326 1373 1350 est
1387 1319 1640 1361 monosyllabon,
1655 1326 1693 1351 ut

949 1362 1032 1393 Hec.
1049 1361 1070 1392 i.
1091 1363 1118 1393 1.
1138 1362 1186 1393 16.
1219 1362 1257 1392 Β.

990 1406 1041 1436 50.
1057 1406 1146 1443 Hem,
1164 1407 1258 1436 tibine
1273 1404 1354 1446 haec]
1374 1404 1562 1446 Interiectio
1583 1405 1691 1447 indig-

949 1448 1066 1479 nantis.
1098 1449 1135 1479 C.

992 1493 1043 1523 54.
1080 1493 1240 1532 Tantisper
1260 1491 1341 1532 volo]
1367 1493 1530 1531 Tantisper
1550 1491 1693 1533 postulat

948 1541 1022 1575 post
1048 1545 1083 1566 se
1108 1537 1188 1572 dum,
1219 1545 1279 1576 pro
1308 1535 1411 1566 donec
1441 1534 1510 1566 sive
1527 1535 1691 1575 quamdiu.

948 1578 1072 1616 Cicero,
1088 1578 1129 1609 de
1147 1578 1296 1609 Invent.
1288 1577 1322 1609 11.
1339 1579 1390 1609 50.
1421 1579 1462 1609 In
1481 1589 1601 1609 carcere
1616 1580 1691 1609 duc-

949 1627 1007 1658 tus,
1032 1627 1067 1652 ut
1089 1623 1133 1652 ibi
1157 1627 1234 1653 esset
1258 1623 1417 1662 tantisper,
1437 1623 1509 1652 dum
1530 1623 1641 1659 culeus,
1659 1624 1693 1653 in

948 1676 1033 1705 quem
1070 1665 1204 1705 dejectus
1240 1664 1418 1705 deferretur,
1456 1670 1691 1705 compararetur.

949 1708 1033 1739 Sunt
1047 1708 1103 1749 qui
1117 1707 1279 1750 accipiant
1293 1710 1453 1748 tantisper,
1473 1718 1532 1749 pro
1548 1715 1691 1739 tantum«

948 1751 1063 1782 modo:
1086 1758 1163 1782 sunt
1177 1751 1232 1792 qui
1252 1761 1312 1792 pro
1332 1751 1466 1782 interea.
1513 1750 1626 1782 Livius
1635 1751 1691 1783 lib.

948 1794 970 1825 i.
988 1796 1017 1825 3.
1034 1795 1074 1825 ab
1092 1794 1160 1825 urb.
1177 1794 1269 1825 cond.
1298 1796 1408 1825 Tamen
1430 1796 1465 1824 id
1486 1796 1643 1833 imperium
1663 1797 1694 1827 ei

949 1838 991 1868 ad
1009 1839 1151 1877 puberem
1171 1842 1291 1869 atatem
1313 1839 1457 1868 incolume
1478 1839 1599 1873 mansit,
1622 1843 1692 1868 tan-

949 1882 1044 1921 tisper
1065 1882 1161 1911 tutela
1185 1882 1334 1911 muliebri.
1379 1881 1424 1911 Et
1447 1882 1596 1920 tantisper
1620 1880 1692 1912 sine

949 1925 1019 1954 dum
1048 1934 1126 1955 usus
1152 1930 1210 1955 est.
1256 1924 1406 1964 C.—Ego
1435 1929 1464 1954 te
1490 1935 1586 1954 meum
1607 1923 1691 1965 esse]

951 1966 1057 1998 Multa
1072 1966 1124 1997 hic
1138 1966 1242 1997 efficta
1254 1967 1295 1997 ad
1311 1966 1415 1998 Plaut.
1438 1966 1652 1998 Memnon-em
1668 1967 1691 1999 i.

951 2011 979 2040 1.
996 2011 1047 2041 49.
1064 2016 1101 2041 ut
1114 2009 1400 2046 illud—‘interdum
1420 2012 1495 2041 mihi
1508 2021 1541 2041 se
1554 2012 1691 2051 colloqui,

948 2055 1099 2091 Abnuere,
1130 2055 1267 2094 negitare
1296 2055 1371 2085 adeo
1395 2065 1440 2084 nne
1465 2058 1570 2085 natum
1595 2065 1690 2086 εαιιπι.

949 2096 995 2128 Et
1009 2107 1086 2128 mox
1108 2103 1181 2138 post
1196 2106 1261 2127 ver.
1278 2097 1329 2127 62.
1352 2098 1433 2134 Non,
1455 2102 1491 2127 ut
1511 2108 1574 2138 ego,
1596 2099 1693 2128 anor-s·

950 2151 1042 2180 neque
1051 2141 1176 2171 desidiae
1185 2142 1217 2170 in
1223 2141 1283 2170 otio
1297 2141 1424 2180 Operam
1434 2141 1562 2171 dedisse.
1596 2140 1692 2176 Quod

948 2183 1113 2224 geminum
1123 2193 1197 2214 cum
1211 2182 1268 2214 illo
1283 2183 1438 2221 Terentii,
1448 2185 1516 2224 Ego
1527 2186 1607 2215 istuc
1613 2189 1691 2215 οω-

950 2229 999 2263 tis,
1016 2232 1072 2258 etc.
1106 2226 1142 2257 L.

992 2269 1044 2302 57.
1071 2269 1157 2311 otio]
1182 2269 1223 2301 Id
1244 2275 1303 2307 est,
1325 2268 1504 2301 cessatione
1526 2276 1560 2300 et
1580 2269 1692 2311 requie

950 2313 991 2344 ab
1001 2313 1161 2355 operibus.
1193 2315 1352 2344 Diuturna
1359 2315 1444 2354 quies
1455 2314 1692 2345 vitiisalimta

949 2359 1112 2388 ministrat.
1141 2356 1255 2388 c.-N
1259 2367 1277 2387 e
1288 2358 1388 2394 nimio,
1400 2356 1485 2397 quod
1495 2355 1691 2398 praecipuam

950 2399 1119 2441 emphasin
1133 2400 1251 2431 habere
1266 2406 1402 2441 oportet,
1417 2399 1452 2430 in
1468 2399 1569 2430 Theai
1583 2401 1689 2441 occul-

950 2450 1045 2481 tetur,
1061 2453 1191 2485 repone,
1207 2445 1268 2474 nisi
1281 2445 1372 2474 ninzio
1385 2454 1421 2474 es
1436 2444 1505 2474 otio.
1536 2443 1574 2474 B.

994 2488 1045 2518 58.
1069 2488 1137 2528 Ego
1148 2489 1226 2518 istuc
1240 2485 1358 2527 aetatis]
1375 2486 1415 2517 Id
1426 2492 1485 2522 est,
1500 2496 1575 2517 cum
1586 2496 1691 2519 essem

949 2539 989 2561 αι
1009 2536 1114 2567 oetate,
1131 2540 1196 2570 qua
1217 2536 1252 2560 tu
1267 2540 1311 2561 es.
1357 2529 1448 2560 Dicit
1461 2528 1574 2560 eodem
1595 2530 1691 2563 modo

950 2572 1065 2604 Cicero
1077 2573 1112 2604 111
1125 2572 1443 2614 epistolisidaetatis.
1454 2582 1525 2614 pro,
1536 2580 1689 2606 eamte.

950 2618 1022 2648 Non
1049 2618 1144 2648 amori
1172 2627 1292 2656 operam
1318 2614 1445 2657 daban]
1473 2615 1690 2649 Beneaenex

945 2660 1040 2702 juxta
1057 2658 1188 2690 Horatii
1208 2665 1406 2708 praeceptum
1421 2661 1492 2691 Art.
1508 2627 1690 2692 Puer-m
1617 2660 1688 2694 173.

949 2705 1091 2734 laudator
1103 2704 1244 2743 temporis
1257 2704 1321 2734 acti
1334 2701 1506 2734 inducim-
1537 2702 1595 2734 C.

992 2744 1343 2794 59.1aAsia¹3]Que
1361 2751 1412 2777 est
1432 2745 1526 2778 tertia
1544 2756 1688 2788 parcor-

947 2788 1008 2826 bis,
1025 2795 1057 2820 et
1071 2788 1238 2830 provincia
1251 2788 1287 2820 in
1301 2799 1341 2820 ea
1358 2797 1451 2831 parte
1469 2789 1613 2829 ejusdam
1628 2800 1687 2821 no·

949 2832 1056 2863 minis.
1103 2831 1232 2881 Propter
1255 2831 1447 2881 pauperie-u]
1474 2832 1560 2868 Qua
1585 2844 1687 2867 unus-

949 2875 1084 2916 quisque
1099 2875 1190 2917 cupit
1200 2875 1387 2925 pauperiem
1400 2875 1523 2918 fugere,
1535 2882 1688 2917 tanquam

950 2928 1102 2960 magnum
1111 2917 1240 2959 malum,
1247 2917 1397 2961 intinquit
1406 2918 1572 2952 Horatius.
1590 2922 1687 2960 Prop-
