1852 3216
80 198 219 227 scsNA
241 185 328 240 111.]

702 181 1011 227 ANDRIA.

1562 181 1618 223 75

136 273 254 316 Nolo
274 273 352 315 tibi
370 271 504 315 ullum
524 272 793 315 commodum
812 273 856 314 in
876 286 945 314 me
965 270 1169 314 claudier.

137 338 203 381 S1.
225 338 388 380 Merito
409 345 452 379 te
473 351 643 393 semper
661 337 833 379 maximi
853 337 951 387 feci,
973 336 1173 379 Chreme.

138 403 222 446 Cn.
246 404 335 446 Sed
356 403 461 459 quid
482 404 573 445 ais?
620 403 686 445 S1.
709 402 859 451 Quid?
903 401 988 444 Cn.
1009 401 1100 450 Qui
1120 402 1203 443 scis
1223 415 1299 443 eos
1319 414 1432 442 nunc
1454 399 1616 442 discor-

222 470 328 511 dare
349 469 463 510 inter
482 469 561 510 se?

138 534 203 576 Sr.
226 533 354 589 Ipsus
377 532 480 574 mihi
500 532 666 583 Davos,
688 533 763 588 qui
782 533 986 575 intimu’st
1005 547 1154 575 eorum
1174 530 1375 581 consiliis,
1396 530 1519 572 dixit.

80 608 122 638 45
139 599 201 641 Et
221 600 257 641 is
278 598 382 640 mihi
404 598 573 648 suadet,
595 598 784 653 nuptias,
805 605 1014 654 quantum
1032 612 1202 653 queam,
1223 603 1272 639 ut
1291 602 1517 637 maturem.

136 664 258 706 Num
278 678 431 706 censes
454 663 631 713 faceret,
651 662 787 704 filium
807 664 891 706 nisi
911 664 1040 706 sciret
1060 663 1212 706 eadem
1231 661 1327 704 haec
1347 660 1486 703 velle?

137 730 256 772 Tute
276 730 387 771 adeo
401 729 491 784 jam
511 729 607 784 ejus
627 730 760 770 verba
781 729 954 771 audies:
987 728 1111 776 heus,
1126 734 1302 770 evocate
1321 725 1408 768 huc
1431 725 1616 768 Davom.

138 795 288 849 Atque
308 808 480 837 eccum:
512 793 639 835 video
658 794 801 849 ipsum
821 793 936 836 foras
957 795 1091 836 exire.

346 943 602 991 ACTUS
648 944 927 992 TERTII
972 945 1226 993 SCENA
1264 945 1352 993 IV.

549 1057 720 1090 DAVUS.
756 1058 884 1092 smo.
920 1059 1160 1091 CHREMES.

149 1129 226 1172 An
247 1136 289 1172 te
309 1129 438 1171 ibam.
499 1127 563 1169 S1.
588 1128 809 1176 Quidnam
830 1132 930 1172 est?

141 1196 263 1238 DAv.
286 1194 377 1236 Cur
396 1207 509 1235 uxor
528 1208 615 1235 non
643 1195 909 1238 arcessitur?
933 1195 1025 1251 jam
1046 1195 1382 1251 advesperascit.

231 1260 316 1302 din’
336 1268 386 1301 tu
405 1258 554 1301 illum?

1444 1194 1509 1237 S1.
1532 1194 1626 1236 Au-

143 1327 244 1382 Ego
256 1325 422 1368 dudum
433 1323 626 1366 nonnihil
639 1324 801 1366 veritus
814 1340 923 1376 sum,
935 1325 1076 1376 Dave,
1086 1327 1164 1368 abs
1179 1333 1237 1376 te,
1247 1340 1301 1367 ne
1314 1325 1480 1368 faceres
1494 1320 1625 1375 idem,

86 1460 166 1489 ictuc
186 1467 318 1488 amm
340 1454 479 1495 induti]
498 1453 633 1495 Legitur
648 1459 682 1485 et
702 1456 834 1485 animan

86 1502 257 1534 indemni,—
279 1499 337 1530 sed
352 1497 432 1528 illud
448 1497 581 1538 plenum
602 1502 669 1527 est:
693 1496 754 1528 hoc
775 1507 835 1539 per

85 1542 318 1581 perarmavit
332 1508 494 1588 maeqsgyu
507 1538 709 1570 diminuitur.
747 1540 788 1570 D.
791 1557 835 1562 —

88 1584 207 1614 Faerni
222 1583 296 1614 libri
311 1582 436 1622 antiqui
451 1588 484 1612 et
498 1580 600 1612 nostri
615 1591 729 1612 omnes
745 1588 835 1613 recte

86 1627 210 1658 habent
226 1626 419 1659 (λιλαίεαι-2
441 1633 501 1665 pro
519 1625 720 1656 Quidistuc?
751 1624 790 1655 Β.

131 1669 183 1699 41.
206 1670 269 1699 Pro
283 1669 316 1698 in
336 1677 383 1697 me
404 1667 541 1697 claudier
556 1675 671 1697 sensus
692 1666 836 1708 postulat

87 1709 339 1743 &muhamet
355 1708 479 1740 Eun-i.
497 1709 526 1739 2.
544 1709 595 1739 84.
627 1709 667 1739 B.

132 1755 185 1784 42.
209 1756 331 1792 Smper
345 1753 469 1782 maximi
482 1750 566 1791 feci]
585 1751 659 1782 Hoc
680 1758 740 1788 εει,
761 1751 837 1793 plu-

89 1796 209 1828 rimum
223 1794 335 1831 dilexi,
351 1801 385 1825 et
398 1793 577 1824 maximum
591 1793 700 1825 habui.
732 1795 772 1826 Ε.

133 1841 186 1870 43.
210 1835 579 1876 Βίιοοηίαοίιέενεοῖ]
601 1836 675 1867 Ηοο
697 1843 756 1875 εει,
771 1836 839 1867 dis-

90 1882 205 1913 cordes
229 1891 310 1912 esse.
350 1879 447 1910 Bane
462 1888 532 1910 rem
547 1889 647 1919 quum
662 1879 840 1919 quaesisset,

90 1931 129 1956 ut
155 1923 339 1955 verodmile
368 1922 501 1959 diceret,
531 1922 641 1963 potius
666 1922 751 1953 dixit
779 1922 841 1952 hoc

91 1977 162 1999 sese
185 1977 204 1998 a
221 1967 316 1997 Davo
337 1965 476 2001 audisse,
492 1965 549 2005 qui
571 1974 684 1995 eorum
705 1964 841 1996 intimus

90 2010 221 2041 videtur
235 2019 307 2040 esse
321 2018 340 2039 a
355 2007 510 2039 consiliis.
555 2008 664 2048 Atque
677 2015 715 2039 ut
728 2016 842 2038 verum

91 2052 263 2084 consilium
285 2050 452 2083 Chremeti
478 2051 582 2092 possit
605 2050 786 2087 ostendere,
810 2055 845 2080 et

216 2095 347 2126 Davum
363 2100 476 2124 evocat
490 2093 584 2124 foras.
618 2093 657 2124 E.

135 2139 188 2169 44.
212 2139 301 2178 Ipsus
322 2138 397 2167 mihi
419 2138 522 2167 Dm
540 2135 639 2176 dixit]
667 2136 843 2167 Commen-

877 1456 1070 1488 nominativi
1085 1457 1258 1498 singularis
1273 1463 1306 1488 et
1328 1456 1504 1488 accusativi
1518 1456 1629 1498 plura-

877 1499 928 1536 lis,
949 1499 1131 1531 necessario
1151 1510 1212 1541 pro
1236 1500 1297 1531 hac
1320 1499 1443 1540 regula,
1468 1499 1631 1540 digamma

878 1542 1009 1579 utimur,
1020 1544 1146 1579 DaFus,
1161 1544 1284 1579 serFus,
1296 1544 1413 1582 Fulgue
1423 1543 1547 1573 corFus.
1578 1543 1632 1572 Ad

879 1590 908 1616 te
923 1584 1021 1625 ibam]
1047 1585 1152 1616 Locus
1174 1590 1224 1616 est
1240 1585 1328 1624 (edd.
1345 1590 1423 1615 vett.
1440 1586 1504 1615 Hic
1518 1589 1564 1615 est
1586 1586 1630 1615 Io-

877 1638 939 1658 cus.
978 1627 1140 1658 Caeterum
1164 1627 1249 1658 male
1269 1626 1346 1658 huic
1372 1626 1443 1658 loco
1466 1625 1634 1666 παρακμὴν

878 1670 938 1707 τῆς
959 1668 1132 1702 &adaeus
1153 1669 1251 1701 tribui
1272 1680 1292 1701 a
1313 1670 1456 1707 Donato,
1468 1676 1558 1700 recte
1573 1669 1631 1699 ob-

879 1712 1021 1744 servavit
1034 1712 1235 1752 Boeclerus),
1252 1712 1287 1743 in
1302 1723 1367 1753 quo
1377 1713 1445 1752 jam
1461 1711 1503 1743 ad
1518 1711 1633 1743 discri-

881 1765 956 1786 men
974 1755 1198 1795 (diseretionen
1210 1768 1222 1791 ,·
1246 1755 1296 1786 ed.
1311 1756 1366 1786 Du
1383 1754 1438 1795 B.)
1465 1754 1543 1785 mali
1556 1764 1632 1796 per-

882 1798 979 1829 ducta
1000 1798 1168 1835 comoedia,
1187 1798 1222 1829 in
1238 1797 1405 1829 meliorem
1420 1804 1546 1838 partem
1563 1798 1633 1836 jam

881 1840 999 1881 incipit
1012 1840 1180 1871 inclinare.
1212 1841 1354 1871 D.——Ad
1371 1845 1400 1871 te
1423 1839 1523 1880 ibam]
1550 1839 1633 1870 Περ

883 1893 981 1914 scena
1016 1882 1194 1923 gratiarum
1225 1883 1386 1914 actionem
1423 1888 1523 1919 tenet,
1547 1881 1635 1923 quod

884 1935 998 1956 servus
1020 1925 1157 1956 consilia
1175 1925 1300 1956 domini
1326 1935 1392 1956 non
1421 1925 1519 1956 fallat.
1566 1924 1635 1956 Hic

884 1967 1109 1999 tantummodo
1127 1967 1292 2009 qualitatis
1313 1974 1417 1999 status
1432 1974 1483 1999 est
1504 1967 1540 1999 in
1564 1977 1634 1999 om-

885 2010 981 2042 nibus
995 2010 1172 2052 gratiarum
1186 2010 1378 2042 actionibus.
1400 2011 1495 2042 Tunc
1510 2016 1544 2042 et
1555 2021 1634 2042 con-

886 2053 995 2085 silium
1017 2063 1112 2084 suum
1127 2053 1169 2084 de
1184 2053 1308 2095 nuptiis
1322 2053 1400 2094 quid
1421 2053 1520 2085 fuerit
1534 2053 1638 2085 confi-

887 2102 991 2127 tetur:
1017 2098 1087 2127 Non
1107 2095 1239 2137 suerunt
1261 2099 1385 2137 nuptia.
1424 2097 1511 2127 Nam
1539 2102 1637 2128 antea

887 2139 1025 2176 dixerat,
1048 2149 1113 2180 quo
1134 2139 1312 2180 corrigeret
1331 2139 1442 2170 ιΙΙιιιιι·
1476 2140 1577 2170 Tanna·
1598 2150 1638 2170 ne

94 2181 182 2213 datio
196 2180 307 2212 testis:
331 2186 377 2217 ut,
394 2182 426 2210 in
439 2178 512 2219 soro
526 2182 610 2210 modo
627 2180 665 2209 de
685 2180 773 2209 Davo
787 2189 843 2208 aw-
879 2181 1004 2222 faceres
1018 2183 1098 2223 quod
1110 2183 1218 2222 vulgus
1230 2192 1381 2213 semorum
1401 2183 1487 2212 solet
1526 2180 1635 2222 Siqui-

93 2226 167 2255 dm.
205 2223 322 2265 Ergo
309 2234 403 2263 aprus,
418 2221 511 2262 quasi
526 2222 582 2263 qui
597 2221 738 2253 maxime
753 2221 844 2252 sciat.

137 2309 190 2342 47.
217 2310 294 2340 Tute
315 2307 406 2349 adeo]
430 2311 459 2339 11
649 2310 725 2339 adeo
739 2306 845 2344 modo,

95 2359 129 2383 et
149 2351 302 2389 abundat,
324 2358 362 2383 ut
384 2351 475 2391 Virg.
492 2351 611 2391 θεοῖς.
628 2350 649 2380 ι.
671 2351 723 2381 24.
743 2351 847 2390 Tuque

95 2397 179 2432 adon,
195 2405 282 2435 quen
302 2406 369 2426 nox
390 2404 457 2435 qnae
478 2396 541 2424 sint
556 2395 703 2424 habitura
724 2394 847 2423 deorum

97 2439 243 2474 Concilio,
258 2439 415 2468 ιἰιοεῆιει.
443 2436 486 2467 D.
488 2436 563 2465 —V
564 2445 656 2467 ersus
666 2435 771 2476 gratia
783 2435 846 2465 Fa-

96 2490 195 2511 ernus
230 2490 306 2511 cum
336 2480 419 2511 Rob-
450 2478 625 2521 Stephano,
656 2477 848 2509 auctoritate

97 2522 196 2554 unius
210 2523 280 2554 cod.
303 2530 391 2554 recte
408 2524 501 2553 verba
519 2521 703 2563 postposuit
723 2521 770 2560 τῷ·
790 2532 847 2551 au·

98 2568 183 2597 dies.-
206 2564 271 2596 nisi
290 2575 352 2607 pro
372 2570 491 2597 evocate
505 2563 658 2596 malueris
672 2564 781 2605 legere
798 2574 848 2595 vo-

100 2614 176 2639 cate.
211 2608 249 2639 B.

143 2652 195 2681 48.
219 2652 322 2692 Atque
347 2650 464 2692 xcx-u]
501 2653 625 2687 Eoe-n,
650 2649 742 2691 quasi
774 2659 849 2680 ecce

100 2703 185 2725 eum.
223 2693 362 2724 Veteres
388 2693 552 2743 dixerunt,
568 2704 689 2742 occentu,
717 2692 848 2733 eet-ujus,

100 2739 212 2772 cauum
235 2735 321 2777 quod
337 2736 481 2778 apertius
603 2742 656 2767 cat
670 2746 738 2767 ecce
751 2737 848 2772 ianm,

101 2786 136 2810 et
149 2779 318 2810 obscurius
332 2781 433 2810 ellan.
470 2779 512 2810 Ι).
513 2780 656 2810 -V’uloe
674 2777 791 2819 ipsun]
806 2777 850 2809 Τδ

101 2822 249 2862 &eumin
268 2822 332 2852 Με.
351 2822 548 2853 Κιιοιιεει.
580 2821 619 2852 1..

149 2865 176 2896 1.
199 2867 253 2896 Ad
274 2870 304 2895 ee
326 2863 424 2905 ibam]
448 2866 555 2895 Davus
573 2869 612 2895 ιιι
627 2869 717 2895 recte
731 2863 853 2895 scriba

103 2913 166 2944 tur,
192 2909 295 2938 Dauos
320 2907 527 2938 scribendum
557 2912 624 2937 est.
659 2905 736 2947 quia
763 2905 855 2937 nulla

102 2930 198 2981 lite’n
212 2949 333 2981 vocalis
347 2949 521 2991 geminata,
538 2958 637 2980 unam
657 2949 736 2980 tacit
755 2948 853 2990 sylla-

105 2991 188 3025 bam.
227 2993 291 3024 Sed
315 2993 391 3034 quia
421 2991 615 3035 ambiguitas
643 2991 777 3023 vitanda
805 2997 855 3023 est

888 2907 1010 2949 sando-
1033 2913 1075 2944 et,
1092 2907 1161 2948 230
1177 2911 1338 2955 »atq-⁰⁸

889 2225 963 2256 dem
985 2227 1092 2265 vulgus
1115 2224 1200 2255 dixit
1222 2234 1281 2266 per
1303 2223 1555 2255 multitudinem.
1597 2225 1641 2255 Ut

889 2279 935 2298 me
964 2269 1121 2298 deludens
1145 2272 1307 2307 propter-ea
1330 2268 1438 2340 φωτίίαν
1437 2271 1523 2298 anat
1541 2267 1639 2306 filiu.

891 2310 955 2341 Ubi
991 2309 1211 2351 pulcherrime
1241 2309 1438 2358 αιτιολογίσν
1469 2308 1641 2358 expressit.

890 2354 987 2393 Egon·
1005 2354 1109 2383 istuc?
1131 2362 1194 2393 qua
1215 2351 1375 2393 gravime
1395 2350 1639 2393 pronunciatio—

890 2395 951 2432 nis,
968 2402 1005 2426 ut
1026 2395 1061 2426 ιιι
1084 2394 1222 2436 εἰρωνείᾳ
1243 2394 1316 2426 fieri
1337 2394 1429 2431 solet,
1445 2394 1501 2425 ille
1523 2403 1561 2425 se
1583 2394 1641 2425 nb-

890 2437 1004 2469 solvit:
1027 2438 1115 2469 unde
1129 2437 1282 2468 dominus
1295 2437 1325 2468 ei
1337 2438 1406 2478 jam
1421 2436 1534 2468 credit.
1569 2436 1609 2468 Ε.

935 2482 965 2511 2.
990 2480 1057 2511 Hic
1080 2490 1192 2511 versus
1207 2479 1264 2511 diu
1284 2480 1415 2511 vexavit
1436 2479 1505 2510 inte
1545 2484 1643 2516 retes,

887 2525 956 2564 jam
974 2524 1015 2554 ab
1031 2523 1160 2554 Erasmi
1182 2529 1287 2554 aetate.
1326 2522 1391 2553 Sed
1407 2522 1484 2553 tolle
1504 2522 1516 2552 i
1543 2522 1587 2553 ud
1610 2527 1644 2553 nn

892 2568 987 2603 illum,
1001 2572 1035 2597 et
1048 2565 1229 2597 lambicum
1244 2565 1483 2596 Tetrametrum
1498 2564 1643 2602 habebis,

893 2609 1005 2650 quales
1020 2619 1079 2640 sex
1095 2608 1231 2650 priores.
1272 2609 1379 2648 Atque
1394 2608 1498 2638 audin’
1509 2610 1526 2638 ?
1547 2607 1642 2638 abso-

891 2652 960 2683 lute
982 2651 1124 2693 positum
1147 2657 1206 2688 est,
1220 2656 1258 2682 ut
1271 2660 1371 2692 supra
1391 2650 1414 2681 i.
1431 2651 1461 2681 5.
1478 2649 1530 2681 66.
1558 2649 1644 2681 B.—

892 2694 1054 2726 Wcsterh.
1071 2704 1147 2725 uxor
1162 2693 1281 2725 omisit.
1318 2693 1356 2724 Z.

937 2739 967 2768 3.
990 2739 1059 2778 Ego
1073 2738 1185 2767 dudum
1201 2737 1338 2767 nonnihil
1349 2737 1465 2767 verim
1481 2745 1558 2772 sm,
1573 2735 1643 2766 Da·

892 2791 937 2818 ve,
953 2782 1008 2811 abs
1024 2785 1062 2811 te.
1095 2779 1170 2810 Sem
1139 2788 1232 2852 afflet
1245 2777 1363 2827 gravis
1365 2777 1510 2820 inceptio
1523 2777 1644 2809 oratio-

896 2822 958 2860 nis,
986 2832 1058 2862 quae
1084 2831 1163 2852 exor
1199 2831 1254 2852 um
1280 2820 1381 2853 sumit
1408 2831 1430 2852 ι
1450 2820 1646 2862 pronomine

896 2876 972 2906 ego.-
995 2871 1041 2903 ut,
1058 2864 1161 2895 AEn.
1151 2873 1194 2895 iv.
1212 2864 1286 2894 3³³.
1302 2865 1370 2904 Ego
1384 2868 1414 2895 te
1427 2874 1495 2904 quae
1511 2865 1647 2903 plurim

1353 2910 1383 2937 te
1397 2908 1456 2937 eni
1470 2917 1491 2937 a
1507 2907 1646 2945 parvulo.

898 2952 966 2991 Ego
978 2948 1108 2990 daun]
1121 2949 1286 2981 Adverbia
1300 2948 1466 2998 temporis,
1486 2955 1543 2980 aut
1557 2954 1648 2979 certa

899 3000 985 3030 sunt,
1001 3000 1037 3024 ιιι
1060 2991 1168 3030 hodie,
1185 3001 1275 3029 cras,
1298 2998 1355 3023 aut
1374 2991 1508 3029 incerta,
1525 2997 1560 3022 ut
1585 2989 1645 3020 du-
