1852 3216
639 112 722 150 DE
758 111 1080 150 THEATRO.
1560 115 1618 154 lxi

97 214 212 251 quam
230 199 398 239 fabulam
425 199 549 238 acturi
566 206 697 237 essent
723 198 877 237 scenici.
935 196 1049 236 Unde
1078 196 1175 234 illud
1200 205 1260 234 est
1279 196 1502 237 Ciceronis:
1530 201 1622 239 Non

99 254 268 305 intelligo
292 252 452 303 (inquit)
478 251 567 304 quid
591 258 740 298 metuat,
768 265 877 303 quum
904 257 981 289 tam
1010 250 1118 288 bonos
1150 250 1378 302 septenarios
1398 251 1543 300 fundat
1570 254 1623 292 ad

97 307 237 345 tibiam.
304 306 488 345 Tibicines
523 305 817 357 appellabantur
853 305 919 355 qui
957 303 1180 355 hujusmodi
1217 304 1366 342 cantica
1402 305 1451 342 ad
1487 306 1622 345 tibiam

97 360 321 405 fundebant,
341 370 544 410 antequam
569 369 748 410 ageretur
768 358 971 403 comoedia,
993 357 1055 396 vel
1074 359 1173 395 inter
1199 357 1303 408 ipsos
1323 366 1443 395 actus.
1502 359 1619 398 Unde

96 414 193 452 illud
219 414 372 452 Plauti:
410 414 560 452 Tibicen
588 426 650 451 vos
680 414 821 451 interea
850 411 909 450 hic
935 411 1143 450 delectabit.
1201 410 1398 448 Ludiones
1425 420 1553 450 autem
1581 423 1622 452 et

96 468 303 506 histriones
331 467 381 506 ad
402 468 567 506 tibicinis
594 467 730 505 modos
749 466 952 510 saltabant,
974 475 1013 503 et
1030 464 1202 503 nonnihil
1221 465 1337 502 etiam
1358 465 1622 505 diverbiorum

95 522 410 573 pronunciabant.
469 520 582 559 Unde
601 520 758 559 Livius:
786 519 972 558 Ludiones
986 533 1031 557 ez·
1049 518 1236 556 Hetruria
1251 518 1376 564 acciti,
1391 518 1444 556 ad
1459 519 1622 558 tibicinis

95 575 217 614 modos
243 575 436 622 saltantes,
455 581 520 613 aut
547 574 733 613 indecoros
759 580 877 612 motus
903 586 1001 611 more
1034 572 1177 611 Thusco
1204 571 1358 610 dabant.
1414 571 1622 624 Proprium

94 629 196 667 enim
222 629 415 667 ludiorum
442 643 487 667 ac
514 629 731 666 morionum
755 636 838 666 erat
865 636 994 665 motus
1022 627 1197 672 decoros,
1229 639 1274 664 ac
1301 634 1436 676 gestus
1464 627 1621 666 omnino

94 683 274 722 decentes
292 680 508 721 ostenderess
564 682 785 720 Tibicinum
810 690 940 719 autem
959 689 1042 719 erat
1063 680 1259 725 decorum,
1279 679 1428 724 modos,
1449 679 1523 719 hoc
1546 690 1619 728 est,

94 750 291 775 mensuras
312 737 351 775 in
369 744 483 774 cantu
501 737 719 781 observare,
739 735 996 786 remissosque
1014 743 1082 773 aut
1099 743 1245 779 acutos,
1261 742 1328 772 aut
1345 733 1460 771 etiam
1480 748 1619 786 graves

96 790 223 829 facere
241 804 312 841 pro
332 790 506 828 arbitrio.
545 789 590 827 In
609 789 798 840 tragaedia
812 798 852 827 et
865 795 999 840 satyra
1017 786 1197 827 sexdecim
1210 801 1370 825 numero
1389 787 1620 827 intervenie-

93 846 187 883 bant
205 844 383 882 moriones
400 852 440 882 et
462 843 656 882 histriones
667 859 680 888 ,·
710 843 750 881 in
769 842 945 881 comoedia
964 843 1079 880 etiam
1098 848 1255 893 quatuor
1274 850 1314 879 et
1331 841 1481 892 viginti.
1538 842 1621 886 Qui

95 898 209 936 simul
228 898 352 936 coacti
371 898 410 936 in
430 897 605 949 quolibet
622 897 760 935 horum
781 910 935 948 genere,
957 909 1150 946 unamque
1170 909 1251 933 rem
1276 904 1449 946 agentes,
1468 905 1513 934 ut
1536 895 1621 947 jam

94 952 241 991 dictum
260 960 332 998 est,
352 952 484 990 chorus
508 952 769 989 vocabantur:
798 950 911 988 divisi
928 950 968 988 in
995 949 1093 987 duas
1116 958 1258 999 partes,
1278 948 1522 987 semiclwria:
1552 950 1620 988 ubi

94 1014 223 1044 autem
241 1015 373 1057 gestus
394 1014 433 1044 et
452 1013 586 1043 cantus
611 1004 857 1043 absolverant
883 1017 986 1048 suos,
1007 1012 1090 1041 tum
1110 1003 1150 1040 in
1169 1011 1301 1053 partes
1319 1002 1450 1053 plures
1469 1003 1620 1041 divide-

93 1061 257 1098 bantur:
286 1068 330 1097 ut
357 1059 421 1097 alii
440 1068 568 1097 essent
595 1059 662 1109 qui
681 1071 804 1103 senes,
823 1057 887 1095 alii
906 1057 973 1108 qui
990 1066 1193 1101 amatores,
1209 1055 1467 1102 mulierculas,
1486 1071 1620 1095 servos

92 1113 280 1159 luderent,
296 1113 547 1164 personisque
566 1126 611 1151 ac
629 1113 794 1150 vestium
809 1111 995 1150 varietate
1014 1111 1275 1156 induerentur,
1291 1111 1620 1161 quemadmodum

94 1181 155 1206 res
172 1167 393 1213 exhibebat,
413 1181 459 1206 ac
477 1167 595 1205 moris
614 1175 697 1204 erat
712 1165 817 1217 apud
836 1179 916 1203 eos.

320 1252 515 1294 Amictus
532 1258 575 1294 et
595 1251 800 1293 Personae
821 1250 1098 1292 Histrionum
1115 1249 1389 1291 scenicorum.

146 1321 349 1360 Personati
369 1321 563 1359 histriones
581 1322 747 1371 agebant
766 1318 1010 1364 comoediam,
1030 1331 1156 1369 neque
1175 1319 1494 1368 agnoscebantur.
1542 1319 1620 1356 Sed

96 1376 149 1413 ita
167 1376 391 1427 compositae
410 1389 454 1413 ac
468 1374 645 1413 conflatae
663 1381 774 1412 crant
791 1386 981 1424 personae,
998 1381 1043 1410 ut
1061 1372 1249 1409 referrent
1268 1372 1308 1409 id
1327 1372 1454 1423 ipsum
1474 1373 1580 1423 quod
1597 1387 1622 1410 a

94 1430 213 1467 mimo
231 1431 441 1480 agebatur;
471 1429 681 1479 liceretque
701 1428 773 1465 sub
793 1427 886 1478 ipsis
906 1439 1041 1464 vocem
1056 1425 1140 1476 ejus
1159 1425 1292 1463 audire
1310 1425 1485 1464 liberam.
1517 1426 1619 1464 Nam

95 1483 201 1534 quod
228 1483 402 1521 nonnulli
432 1482 576 1527 dicunt,
604 1482 809 1519 histriones
839 1489 989 1518 tantum
1020 1480 1193 1531 gestibus
1221 1480 1452 1518 comoediam
1480 1481 1618 1531 egisse,

93 1550 169 1575 non
198 1537 314 1575 etiam
342 1537 431 1574 viva
462 1535 688 1587 prolatione,
717 1535 758 1572 id
786 1535 911 1572 minus
939 1534 1033 1571 mihi
1063 1533 1306 1584 probandum
1332 1547 1416 1571 esse
1450 1534 1618 1572 videtur.

96 1590 369 1629 Vestiebantur
401 1603 556 1641 quoque
588 1589 794 1627 histriones
824 1602 895 1639 pro
924 1588 1073 1626 ratione
1092 1601 1237 1631 eorum,
1258 1601 1356 1637 quos
1386 1588 1618 1634 referebant,

94 1645 167 1683 hoc
186 1653 257 1690 est,
276 1644 339 1682 vel
361 1657 573 1688 servorum,
594 1643 656 1681 vel
675 1656 822 1687 senum,
843 1642 905 1680 vel
923 1641 1082 1680 alterius
1100 1653 1275 1692 personae
1294 1641 1459 1679 diversis
1477 1641 1617 1680 modis.

97 1698 252 1737 Senibus
289 1699 444 1737 comicis
472 1697 657 1736 candidus
693 1697 843 1734 vestitus
875 1696 1050 1741 dabatur,
1080 1695 1147 1745 qui
1182 1695 1297 1733 etiam
1330 1695 1619 1746 antiquissimus

95 1752 214 1790 fuisse
232 1761 480 1790 memoratur.
535 1751 799 1789 Adulescentes
817 1749 999 1788 discolori
1017 1759 1126 1787 veste
1146 1750 1463 1799 contegebantur.
1512 1749 1620 1787 Servi

96 1806 231 1844 comici
250 1806 391 1844 amictu
409 1805 671 1843 vestiebantur
686 1805 841 1855 exiguo,
858 1803 1095 1854 paupertatis
1115 1803 1283 1853 antiquae
1303 1803 1440 1852 gratia,
1461 1802 1522 1840 vel
1541 1817 1619 1853 quo

94 1860 313 1911 expeditius
338 1867 509 1910 agerent.
566 1858 736 1895 Parasiti
755 1871 843 1895 cum
862 1857 1016 1899 intortis
1044 1856 1170 1907 palliis
1194 1856 1414 1907 prodibant.
1470 1856 1621 1895 Milites

94 1913 295 1965 chlamyde
310 1926 506 1965 purpurea
519 1913 738 1951 utebantur.
793 1911 942 1949 Puellae
959 1910 1113 1948 habitus
1132 1920 1214 1947 erat
1233 1910 1474 1961 peregrinus.
1516 1909 1620 1949 Leno

92 1966 210 2019 pallio
237 1968 335 2006 varii
362 1966 502 2006 coloris
529 1966 779 2004 vestiebatur.
841 1963 1099 2002 Meretricibus
1126 1963 1319 2001 dabantur
1344 1970 1524 2015 syrmata,
1544 1964 1618 2003 hoc

94 2030 165 2067 est,
186 2030 313 2059 vestes
333 2034 527 2072 expansae,
548 2028 587 2058 et
616 2033 705 2070 quae
729 2018 881 2069 longius
909 2018 1183 2055 trahebantur:
1213 2026 1323 2055 erant
1351 2031 1506 2068 quoque
1533 2017 1617 2069 ple-

94 2089 257 2126 rumque
285 2075 382 2113 lutei
401 2074 554 2118 coloris,
573 2075 624 2112 ob
643 2073 856 2111 avaritiam.
912 2071 1091 2122 Syrmata
1109 2071 1237 2116 etiam,
1257 2084 1326 2109 seu
1353 2070 1461 2122 pulla
1487 2081 1617 2123 gesta-

93 2130 186 2168 bant
202 2129 379 2168 luctuosa
409 2127 658 2172 funeralibus,
680 2140 769 2177 quae
796 2125 981 2164 incuriam
1000 2125 1059 2163 sui
1087 2138 1157 2175 per
1176 2124 1450 2176 negligentiam
1468 2125 1617 2176 signifi-

95 2184 244 2221 cabant.
299 2182 376 2221 Sed
396 2183 428 2220 si
446 2182 600 2233 quando
618 2180 842 2219 variandum
861 2180 899 2217 in
919 2178 1119 2218 comoediis
1137 2187 1231 2223 erat,
1252 2179 1491 2228 vestitusque
1511 2193 1617 2217 com-

94 2237 302 2275 mutandus
337 2250 407 2288 pro
443 2236 659 2279 affectibus,
694 2248 791 2285 quos
827 2247 878 2271 ex
911 2233 1113 2271 comoediae
1150 2232 1300 2270 actibus
1336 2233 1616 2283 significabant,

93 2289 194 2329 laetis
212 2291 376 2329 vestitus
395 2290 558 2328 dabatur
577 2288 786 2328 candidus:
815 2287 1045 2326 aerumnosis
1070 2285 1292 2324 obsoletus:
1322 2285 1434 2323 diviti
1462 2300 1618 2337 quoque

93 2357 333 2396 purpureus:
375 2344 537 2395 pauperi
567 2342 807 2395 phoenicius..
864 2341 1021 2392 Tragici
1055 2349 1123 2378 aut
1155 2339 1322 2391 tragoedi
1356 2348 1505 2378 actores
1539 2340 1617 2379 cal-

95 2407 380 2437 ceamentorum
414 2411 553 2449 genere
590 2411 614 2435 a
648 2396 834 2435 comoedis
873 2395 1085 2440 variabant,
1124 2407 1245 2444 eoque
1283 2393 1615 2433 discernebantur.

96 2450 318 2490 Utebantur
349 2452 448 2490 enim
483 2451 618 2502 tragici
654 2451 693 2488 in
726 2451 877 2488 theatro
907 2447 1104 2492 cothurnis,
1135 2447 1240 2498 quod
1273 2447 1348 2486 tale
1381 2461 1502 2498 genus
1533 2457 1618 2486 erat

96 2505 355 2552 calceamenti,
374 2514 418 2544 ut
446 2506 586 2544 dextro
612 2504 792 2554 laevoque
819 2503 910 2554 pedi
938 2502 1186 2541 conveniret:
1217 2511 1400 2539 caeterum
1428 2500 1548 2539 altum
1576 2510 1618 2541 et

95 2559 328 2610 prominenS,
346 2569 574 2610 actoresque
598 2558 838 2610 proceriores
857 2556 1028 2595 efficiens
1047 2570 1092 2594 ac
1119 2555 1289 2593 referens
1306 2570 1314 2592 :
1346 2554 1443 2592 varii
1463 2554 1616 2602 coloris,

96 2622 135 2650 et
161 2613 364 2651 honestum
390 2622 504 2663 atque
532 2612 710 2664 elegans:
740 2624 862 2661 usque
890 2610 940 2648 ad
967 2623 1096 2648 suram
1123 2609 1351 2660 plerumque
1379 2608 1614 2655 devinctum,

95 2680 203 2704 more
223 2666 380 2704 Punico.
428 2667 576 2706 Comici
595 2675 758 2711 actores,
778 2674 845 2703 aut
863 2664 1031 2703 comoedi
1051 2664 1089 2701 in
1106 2663 1230 2701 scenis
1249 2663 1371 2700 soccis
1386 2664 1615 2702 utebantur:

96 2720 203 2771 quod
233 2720 478 2759 calceamenti
508 2734 630 2772 genus
661 2720 805 2771 optime
838 2720 910 2756 sub
940 2717 1057 2769 pallio
1090 2716 1359 2754 conveniebat.
1415 2715 1616 2759 Quemad-

96 2774 254 2812 modum
273 2774 374 2812 enim
401 2787 612 2825 pauperum
639 2788 684 2812 ac
712 2773 943 2811 rusticorum
971 2771 1242 2809 vestimentum
1262 2770 1335 2808 fuit
1360 2769 1533 2821 pallium,
1562 2772 1616 2810 ita

95 2828 212 2866 etiam
230 2841 356 2866 soccus
381 2826 501 2866 altum
520 2828 594 2866 fuit
618 2827 920 2866 calceamentum
948 2824 1101 2863 rusticis
1128 2824 1340 2874 proprium,
1359 2833 1519 2875 propter
1543 2825 1616 2862 im-

96 2882 185 2920 Bres
204 2891 243 2920 et
269 2881 406 2927 lutum,
425 2890 541 2932 atque
567 2881 758 2932 hybernas
785 2881 958 2932 pruinas.
1016 2877 1075 2916 Eo
1093 2877 1342 2916 calceamenti
1370 2891 1511 2929 genere
1530 2888 1616 2917 ute-

97 2936 235 2975 bantur
254 2944 333 2975 tam
353 2935 426 2974 viri
443 2948 559 2986 quam
581 2934 776 2974 mulieres.
832 2932 1144 2978 Quinctilianus:
1172 2931 1351 2972 comaedia
1370 2931 1408 2970 in
1423 2932 1616 2971 cothurnos
