1852 3216
86 160 226 188 sel-:NA
244 160 274 188 ι.
279 145 299 197 ]

703 140 1013 184 ANDRIA.
1572 143 1630 183 45

143 236 198 277 Id
217 234 337 284 velis,
359 233 477 289 quod
497 232 649 288 possit.
682 230 768 273 Cn.
791 229 916 272 Nihil
933 229 1030 271 volo
1048 228 1180 278 aliud,
1201 229 1283 269 nisi
1305 228 1617 270 Philumenam.

145 300 232 342 ΒΥ.
263 298 363 341 Ah·
401 305 565 353 quanto
597 296 731 338 satius
763 302 845 345 est,

879 302 922 336 te
955 294 1001 335 id
1033 294 1137 335 dare
1168 307 1360 347 operam,
1392 294 1468 347 qui
1502 293 1630 334 istum

229 378 416 406 amorem
436 377 492 404 ex
512 362 654 404 animo
678 375 876 404 amoveas
897 366 988 409 tuo,

144 429 289 477 Quam
308 427 506 483 idloqui,
527 438 615 482 quo
634 426 770 481 magis
790 424 941 467 lubido
962 424 1125 466 frustra
1146 421 1402 464 incendatur
1423 428 1511 463 tua.

142 494 228 536 Cn.
251 493 394 536 Facile
408 507 572 541 omnes,
585 505 719 546 quum
731 489 937 539 valemus,
948 497 1069 531 recta
1080 487 1257 531 consilia
1267 487 1440 542 aegrotis
1454 487 1629 528 damus!

89 567 129 599 10
145 558 218 601 Τιι
238 559 274 600 si
293 558 363 601 hic
384 558 459 608 sis,
476 556 600 599 aliter
620 556 795 598 sentias.
828 555 915 597 ΒΥ.
938 553 1053 610 Age,
1066 568 1164 609 age,
1180 560 1230 595 ut
1250 552 1385 594 lubet.
1433 552 1520 594 Cn.
1542 552 1632 594 Sed

234 621 513 678 Pamphilum

146 688 310 731 Video.
343 687 484 729 omnia
498 686 688 741 experiri
702 685 880 727 certum’
883 692 938 735 st,
951 685 1071 740 prius
1084 698 1213 739 quam
1230 697 1376 738 pereo.
1410 681 1496 724 ΒΥ.
1512 681 1634 730 Quid

234 753 303 795 hic
324 752 440 808 agit?

146 819 231 861 Cn.
255 817 405 874 Ipsum
426 816 541 858 hunc
562 817 720 858 orabo:
752 815 854 857 huic
875 812 1157 869 supplicabo:
1191 827 1379 855 amorem
1408 812 1510 855 huic
1539 826 1637 854 nar-

232 883 341 925 rabo
360 896 517 924 meum.

145 949 307 997 Credo,
327 946 584 1002 impetrabo,
606 952 655 986 ut
674 944 840 1000 aliquot
860 943 1011 985 saltem
1033 944 1193 998 nuptiis
1214 943 1373 998 prodat
1393 943 1512 992 dies;

146 1010 746 1066 Intereafietaliquid,spero.
775 1008 927 1051 ΒΥ.Ῑά
938 1007 1305 1062 aliquidnihilest.
1334 1007 1634 1062 Cu.Byrrhia,

89 1122 177 1152 sieut
203 1121 251 1150 ait
281 1119 449 1150 Terentius.
490 1116 637 1151 Quoniam
664 1127 721 1146 non
739 1120 841 1155 potest

89 1164 203 1202 idfien‘
217 1163 296 1203 quod
308 1163 365 1198 vis,
377 1162 412 1191 id
423 1161 497 1191 veli's
511 1161 709 1200 quodposn's.
747 1158 840 1189 Idem

89 1205 131 1236 de
146 1205 214 1236 vita
228 1205 339 1236 beata:
362 1205 484 1234 Etenim
499 1208 530 1233 et
545 1203 601 1232 illa
623 1201 756 1242 ejusdem
782 1201 839 1232 Co·

89 1250 161 1279 nid
174 1249 325 1279 sententia
338 1257 396 1277 ιιοιι
408 1247 506 1276 minus
517 1255 589 1275 vera
602 1249 668 1276 est:
694 1243 842 1278 Quoniam

89 1295 259 1331 mpolest
274 1291 387 1328 rdfiern
398 1290 554 1329 quodvis
578 1289 612 1318 ia
622 1289 705 1323 veli-s,
720 1292 777 1317 etc.
801 1286 839 1317 L.

90 1333 201 1364 —Pro
214 1335 354 1373 quonian
369 1330 448 1362 eod.
466 1329 590 1371 Regius
601 1330 699 1360 habet
711 1331 840 1369 quando,

91 1376 138 1407 sic
152 1375 265 1407 laudat
278 1383 405 1415 quoque
420 1373 527 1404 locum
542 1373 691 1403 Donatus
706 1371 747 1402 ad
764 1371 840 1402 AEn.

92 1419 213 1451 v..704
230 1424 264 1448 et
277 1427 356 1448 sane
371 1415 487 1447 melius
501 1414 655 1446 convenit
668 1413 789 1451 sensui,
806 1419 843 1444 ut

93 1461 337 1492 infraiv.5.10.
354 1459 481 1490 Caetera
494 1458 642 1488 Faernus
656 1456 843 1488 emendavit

93 1504 149 1541 ita,
165 1508 334 1542 mpotest
348 1503 471 1540 idfiere',
495 1502 575 1541 quod
588 1503 643 1531 vis.
667 1499 780 1530 Recte.
803 1499 840 1529 B.

137 1546 167 1577 6.
184 1547 277 1576 Nihil
289 1543 392 1584 alind]
408 1543 482 1574 Hoc
498 1542 601 1583 magis
614 1541 739 1583 gemitu
753 1551 842 1572 ama-

93 1588 186 1625 torio,
200 1597 297 1636 quam
308 1593 346 1618 ut
354 1585 567 1627 responderet
579 1584 736 1626 Byrrhiae,
748 1583 842 1615 dicit.

93 1631 185 1672 quasi
199 1630 303 1671 magis
323 1629 549 1660 Philumenam
571 1627 660 1664 velit,
681 1637 778 1667 quam
793 1626 842 1657 vi·

94 1681 161 1705 tam
183 1680 217 1704 et
235 1673 351 1704 lucem.
390 1671 483 1703 Idem
504 1670 592 1708 alibi,
614 1672 654 1701 In
676 1681 710 1701 eo
724 1680 770 1700 me
789 1671 842 1700 ob-

95 1719 191 1748 lecto.-
218 1718 313 1748 solun
336 1720 383 1746 est
406 1725 510 1746 carun
532 1694 616 1744 milii.
655 1713 732 1744 Non
755 1712 844 1743 enim

94 1759 188 1797 dixit,
205 1758 338 1790 Nullam
353 1757 426 1788 volo
438 1756 544 1793 aliam,
560 1766 657 1796 quam
676 1755 843 1786 Philume-

96 1813 189 1834 nam:
214 1801 272 1833 sed
297 1800 380 1832 nihil
399 1799 473 1830 volo
494 1798 603 1830 aliud:
626 1798 712 1839 quod
731 1797 842 1829 infini-

96 1852 166 1876 tum
192 1851 251 1876 est.
292 1843 352 1878 Qui
375 1841 483 1882 istun]
507 1841 578 1878 Qui,
599 1851 660 1882 pro
679 1846 725 1872 ιιι.
756 1840 845 1871 D.—-

96 1890 171 1919 Nisi
199 1885 424 1926 Philumenam]
451 1883 656 1925 Augustinus
680 1883 722 1914 de
745 1883 843 1914 Civit.

95 1931 152 1962 lib.
168 1930 234 1961 xiv.
250 1940 321 1971 cap.
339 1930 368 1959 8.
397 1929 492 1968 Apud
514 1928 686 1958 Terentium
703 1927 843 1966 flag-itio-

94 1985 147 2005 us
160 1974 332 2004 adolescens
345 1974 454 2002 insana
461 1972 602 2021 flagrans
616 1971 766 2009 cupidine,
783 1970 845 1999 Nn·-

96 2017 143 2048 leil
169 2018 233 2047 nolo
262 2017 359 2050 aliud,
389 2016 499 2054 inquit,
530 2015 591 2043 nisi
627 2013 845 2043 Philumenam.

99 2058 198 2094 Quat·
208 2060 390 2090 voluntatem
396 2056 499 2096 fuisse
512 2057 677 2092 libidinem,
687 2057 845 2094 responsio,

97 2113 165 2143 ,ια
186 2104 231 2133 iba·
252 2103 332 2132 servi
351 2100 418 2140 ejus
438 2101 565 2130 senioris
585 2100 750 2134 inducitur,
771 2100 848 2128 salis

97 2147 236 2179 iudican-
264 2146 311 2174 ait
336 2153 463 2183 namque
487 2143 604 2172 domino
622 2152 695 2171 suo:
727 2139 848 2174 Quanto

97 2190 195 2219 satius
209 2193 238 2218 te
252 2188 287 2218 id
300 2188 375 2217 dare
390 2196 520 2225 operam,
542 2196 600 2225 quo
614 2186 705 2214 istum
720 2194 848 2214 amorem

97 2241 136 2261 ez
156 2232 257 2261 mm
279 2240 414 2260 moveas
435 2233 496 2263 tuo,
520 2238 609 2267 quam
630 2228 665 2256 id
679 2228 769 2267 loqui,
791 2237 849 2266 quo

98 2275 197 2314 uagis
210 2274 306 2304 libido
311 2271 435 2313 frustra
450 2271 634 2301 accendatur
649 2274 712 2300 tua.
745 2269 782 2299 L.

143 2316 241 2349 7-1-22
255 2318 355 2346 animo
370 2312 536 2353 dimoveas]
549 2312 695 2353 Legitur,
708 2323 745 2343 ea·
760 2313 848 2342 corde

98 2358 217 2399 ejicias.
247 2359 401 2389 D.—Tuo
415 2356 549 2388 omnino
567 2354 772 2387 subdititium
788 2361 847 2385 est.

102 2402 167 2433 Pro
179 2404 279 2432 anino
293 2411 429 2432 amoveas
453 2400 602 2430 Donatus
617 2404 729 2429 monet
751 2397 849 2428 etiam

100 2444 166 2486 legi
189 2446 277 2476 eorde
300 2444 418 2484 ejicias.
455 2442 538 2478 Quae
561 2441 657 2472 lectio
683 2440 850 2482 perplacet

101 2493 283 2529 propterea,
310 2486 397 2527 quod
417 2485 527 2526 eiicere
551 2485 655 2524 majus
678 2490 727 2515 est
753 2493 850 2532 quam

101 2541 247 2566 amere,
276 2536 310 2560 et
337 2530 425 2560 eorde
453 2526 681 2559 consuetudini
709 2526 850 2557 auctoris

241 2571 415 2603 convenit·
456 2570 542 2602 vid..
551 2570 638 2601 Eun.
668 2569 702 2600 ii.
734 2571 764 2600 2.
800 2569 848 2599 16.

106 2615 189 2646 Hec.
206 2614 252 2645 iii.
269 2616 299 2645 2.
318 2615 367 2645 12.
402 2613 563 2654 Denique,
579 2619 616 2644 ιιι
635 2622 678 2643 ex
696 2612 749 2643 his
768 2612 848 2643 duo·

104 2658 165 2688 bus
209 2656 355 2688 versibus
397 2666 482 2687 unus
523 2662 649 2687 tantum
694 2654 853 2686 efficiatur

43 2715 46 2717 ·
106 2699 287 2731 trochaicus
302 2699 537 2736 acatalecticus,
552 2709 625 2730 cum
641 2698 766 2729 Paemo
781 2697 849 2739 pri-

104 2753 191 2774 mam
210 2742 375 2784 syllabam,
397 2741 461 2772 ΒΥ.
485 2743 546 2778 Ah,
562 2741 598 2772 in
613 2741 712 2772 finem
727 2751 849 2782 praece-

99 2785 212 2817 dentis
226 2784 436 2825 rejiciendam
450 2790 538 2826 puto.
571 2784 609 2815 B.

148 2829 179 2860 9.
203 2830 308 2860 Facile
323 2838 420 2858 omnes
434 2838 524 2868 quun·
537 2826 686 2868 mhi-u]
709 2827 850 2858 Menan·

103 2871 179 2902 der.
203 2871 279 2911 ῥᾶον
300 2870 460 2910 παραινεῖν
477 2869 499 2906 ἡ
519 2867 660 2900 παθόντα
681 2870 850 2910 καρτερεῖν.

104 2913 254 2946 Philemo
283 2913 369 2955 apud
400 2913 564 2943 Stobaeum
594 2912 698 2943 Serm-
723 2911 850 2943 cclxliv.

104 2956 181 2989 Τοὺς
197 2956 320 2998 ἰατροὺς
335 2954 391 2988 οἶδ’
411 2956 475 2995 ἐγὼ
490 2954 567 2995 ὑπὲρ
587 2954 772 2995 ἐγκρατείας
785 2956 853 2986 τοῖς

884 1115 1034 1146 νοσοῦσιν
1048 1112 1083 1145 εὖ
1098 1112 1225 1154 σφόδρα
1239 1112 1359 1145 πάντας
1377 1114 1565 1144 λαλοῦντας.
1596 1113 1634 1143 L.

883 1157 1113 1188 —Menander
1126 1170 1133 1186 :
1157 1156 1265 1196 Ὕγιὴς
1280 1156 1436 1187 νοσοῦντα
1452 1156 1556 1196 §aava
1574 1156 1637 1187 ras

884 1211 933 1231 τις
948 1200 1097 1231 νουθετεῖ.
1128 1199 1180 1229 W.

932 1244 981 1274 10.
1009 1244 1054 1273 Tu
1077 1245 1105 1273 si
1129 1244 1179 1273 hie
1202 1241 1263 1282 sis]
1293 1242 1367 1273 Hoc
1390 1247 1485 1282 gestu
1506 1241 1636 1272 scenico

883 1285 1002 1316 melius
1028 1285 1282 1316 commendatur.
1322 1285 1409 1315 Nam
1437 1284 1506 1315 haec
1532 1283 1636 1324 magis

884 1328 1130 1369 spectatoribus,
1167 1337 1263 1375 quam
1306 1326 1480 1358 lectoribus
1516 1326 1638 1368 scripta

884 1376 970 1401 sunt.
995 1372 1057 1401 Hic
1072 1380 1149 1411 ergo
1165 1380 1200 1400 se
1215 1369 1323 1411 ipsum
1338 1370 1523 1405 ostendens,
1540 1369 1636 1405 dicit3

885 1419 918 1444 et
946 1419 996 1444 est
1024 1412 1078 1444 hic
1108 1422 1296 1454 pronomen.
1335 1414 1396 1443 Sed
1421 1411 1633 1452 Pamphilum]

886 1457 956 1492 Sed,
974 1455 1184 1497 inceptivum,
1204 1465 1274 1496 pro,
1294 1460 1391 1495 atque
1410 1465 1523 1485 eccum
1539 1454 1635 1485 Pam-

885 1498 1029 1540 philum:
1058 1504 1095 1529 ut
1120 1498 1302 1535 Sallustius,
1326 1497 1378 1537 (ιιι
1403 1497 1636 1538 Fragmentis.)

886 1543 948 1572 Sed
967 1542 1111 1572 Metellus
1125 1543 1158 1571 in
1171 1542 1303 1571 vulnere.
1343 1540 1418 1571 Hoc
1432 1550 1498 1570 non
1514 1539 1636 1570 discre-

886 1584 1007 1614 tivum:
1040 1589 1078 1614 ut
1102 1583 1131 1614 si
1153 1582 1252 1619 dicas,
1277 1582 1418 1631 sapiens,
1440 1582 1498 1613 sed
1517 1581 1636 1613 miser:

885 1626 939 1657 hic
959 1626 1047 1657 enim
1067 1625 1277 1656 discretivum
1300 1624 1371 1656 erit-
1410 1626 1472 1656 Sed
1489 1626 1637 1664 Pamphi-

887 1671 948 1700 lum
959 1668 1061 1709 video]
1076 1668 1158 1699 Haec
1169 1678 1228 1710 per
1240 1667 1449 1708 ἀποστροφὴν
1457 1667 1628 1708 finguntur

886 1714 964 1753 Age,
982 1722 1050 1752 age,
1067 1716 1103 1742 ut
1117 1679 1217 1752 lubet]
1234 1710 1402 1742 Adversus
1415 1710 1484 1741 hec
1496 1721 1563 1741 non
1578 1710 1636 1741 ha-

887 1755 968 1792 buit,
995 1754 1073 1794 qnid
1095 1754 1302 1794 loqueretur-3
1332 1759 1366 1784 et
1391 1760 1441 1784 est
1465 1752 1639 1795 permissio

886 1797 1091 1839 reprobantis
1113 1806 1163 1834 ea,
1186 1806 1259 1837 quae
1285 1795 1456 1827 consentit.
1486 1796 1638 1827 D.—Hie

887 1839 1153 1880 sigmmeoloco.
1177 1839 1241 1870 Pro
1267 1840 1636 1880 seneiasseususpostu-

887 1882 935 1913 lat
948 1893 1092 1913 censeas.-
1114 1881 1155 1912 cf.
1173 1881 1313 1922 Adelph.
1331 1891 1359 1912 v.
1377 1882 1407 1911 8.
1424 1882 1454 1911 5.
1486 1881 1524 1911 Β.

935 1926 984 1955 11.
1014 1925 1109 1955 Idem
1134 1924 1221 1961 alibi,
1252 1925 1361 1954 Omnia
1378 1926 1468 1963 prius
1490 1926 1638 1963 uper-ire,

888 1979 979 2009 quw
1007 1970 1111 2004 armis,
1139 1969 1305 2007 sapientem
1337 1968 1431 1997 decet.
1468 1966 1639 2007 Virgilius,

890 2010 993 2042 Ειι.’
984 2020 1026 2041 iv.
1042 2011 1117 2040 415.
1139 2010 1223 2040 hanc
1240 2019 1367 2050 quoque
1381 2008 1492 2050 posuit
1504 2015 1637 2040 senten·

890 2053 979 2090 tiam,
996 2054 1046 2084 Ne
1061 2054 1136 2093 quid
1149 2055 1337 2093 inexpertam
1351 2051 1477 2092 frustra
1492 2054 1639 2083 mor-itura

890 2098 1053 2137 relinquat.
1085 2096 1127 2126 D.

937 2140 986 2170 12.
1010 2140 1113 2178 Ipsum
1124 2137 1219 2179 hunc]
1236 2138 1347 2169 Bene·
1335 2149 1442 2178 speum,
1458 2137 1551 2178 quasi
1561 2147 1639 2169 auc·

891 2188 994 2213 torem
1019 2187 1052 2212 et
1077 2180 1278 2223 principem.
1309 2180 1449 2212 refertur
1472 2180 1571 2211 etiam
1597 2181 1640 2212 ad

891 2225 1093 2266 dignitatem.
1130 2226 1252 2255 Oraba.-
1274 2225 1345 2254 huic
1353 2222 1544 2264 supplicabo]
1559 2224 1639 2254 Ora-

892 2279 957 2299 mus
976 2277 1048 2308 quae
1069 2268 1155 2298 bona
1176 2272 1269 2298 sunt:
1298 2268 1502 2306 supplicamus
1521 2266 1557 2296 ιιι
1580 2265 1639 2296 ad·

892 2310 995 2342 versis
1024 2310 1138 2351 magis,
1160 2309 1212 2340 vel
1238 2319 1313 2340 cum
1338 2309 1387 2340 lac
1462 2308 1469 2314 '
1547 2309 1641 2339 Hune

892 2355 992 2390 orabo,
1007 2355 1078 2383 huic
1091 2350 1284 2393 supplicabo]
1296 2351 1458 2382 Prooemia
1465 2357 1543 2382 sunt
1554 2351 1638 2392 peti-

892 2396 1002 2433 tionis,
1029 2396 1146 2437 quibus
1174 2394 1317 2426 ostendit
1345 2400 1442 2436 poeta
1470 2394 1640 2431 rationem,

893 2450 956 2480 qua
973 2449 1058 2470 nova
1078 2447 1112 2470 et
1133 2438 1281 2480 improba
1301 2447 1355 2468 res
1376 2444 1486 2468 tamen
1506 2435 1639 2478 petitur.

893 2485 1033 2513 Amorem
1045 2484 1116 2513 huie
1126 2483 1258 2512 narrabo
1269 2479 1382 2520 meum]
1396 2480 1473 2511 Non
1485 2479 1640 2517 studium,

892 2531 951 2557 aut.
973 2525 1183 2560 voluntatem,
1207 2523 1264 2554 sed
1287 2533 1440 2554 amorem.
1487 2522 1559 2554 Nec
1580 2532 1640 2564 pe-

893 2574 971 2605 tam,
999 2568 1056 2599 sed
1081 2569 1213 2598 narrabo
1238 2565 1340 2596 dixit:
1381 2572 1484 2596 totum
1513 2565 1641 2606 magni

893 2611 964 2642 fice-
994 2611 1036 2642 D.

941 2655 990 2685 13.
1020 2655 1063 2684 Ue
1077 2655 1193 2693 aliquot
1206 2653 1314 2683 saltem
1330 2653 1444 2692 prodat
1464 2650 1547 2692 dies]
1570 2652 1640 2682 Sal-

894 2702 964 2734 tem,
977 2695 1157 2738 desperatis
1166 2695 1264 2726 rebus
1273 2694 1375 2726 solam
1389 2699 1538 2736 petentes
1552 2693 1640 2725 salu-

894 2747 971 2777 tem,
1002 2739 1063 2769 hoe
1093 2738 1193 2769 verbo
1221 2737 1354 2768 utimur.
1405 2737 1525 2768 Prodat
1552 2746 1640 2773 vero,

892 2782 1045 2831 proferat,
1068 2780 1218 2822 prolatet,
1242 2779 1380 2812 differat.
1424 2779 1570 2811 Lucilius
1607 2779 1642 2810 in

894 2825 1018 2866 quinto,
1035 2826 1239 2863 Anporropr
1239 2824 1518 2854 odendadiessit?
1550 2822 1592 2853 D.

941 2869 990 2899 14.
1021 2869 1141 2898 Interea
1154 2868 1212 2905 fiee
1199 2834 1371 2907 ¹„taliqm'ess
1394 2865 1474 2897 Tale
1497 2872 1548 2896 est
1570 2865 1641 2901 hoc,

895 2911 989 2952 quale
1011 2909 1103 2945 illud,
1127 2910 1250 2940 Interea
1271 2910 1391 2950 aliquid
1413 2910 1532 2940 accidet
1563 2910 1641 2939 boni.

896 2954 960 2985 Sed
977 2952 1059 2984 nihil
1074 2952 1166 2984 illum
1180 2951 1303 2983 dixisse
1320 2958 1417 2993 poeta
1439 2961 1498 2992 per
1512 2961 1642 2982 servum
