1852 3216
120 123 258 153 semu
280 108 331 163 1.]

416 104 1351 149 HEAUTONTIMORUMENOS.

1555 103 1641 146 265

228 198 335 241 Inde
354 198 464 239 adeo
485 197 601 252 quod
620 210 771 252 agrum
789 195 834 237 in
852 196 1048 251 proximo
1069 195 1138 239 hic
1158 203 1369 240 mercatus
1391 210 1439 237 es
1457 213 1467 246 ;

230 263 327 306 Nec
347 263 409 305 rei
429 262 520 305 fere
542 277 644 304 sane
665 260 844 316 amplius
865 261 1092 317 quicquam
1113 261 1216 304 fuit:

230 329 397 371 Tamen
417 327 483 370 vel
503 328 637 370 virtus
658 335 733 370 tua
750 342 834 378 me,
856 325 923 369 vel
941 327 1148 377 vicinitas,

195 411 214 440 5
231 395 364 443 Quod
385 410 467 450 ego
481 395 524 435 in
542 394 785 450 propinqua
804 401 927 449 parte
948 393 1141 435 amicitiae
1162 401 1283 448 puto,

231 460 365 510 Facit,
386 468 434 502 ut
454 468 496 502 te
516 460 721 502 audacter
739 473 933 502 moneam
952 466 997 500 et
1018 457 1304 509 familiariter;

232 527 365 575 Quod
386 526 487 567 mihi
506 526 651 568 videre
670 533 829 581 praeter
849 532 1020 567 aetatem
1039 532 1154 566 tuam

233 592 407 642 Facere,
428 600 472 634 et
491 599 778 647 praeterquam
797 605 866 633 res
889 599 932 632 te
952 590 1206 633 adhortatur
1227 599 1314 632 tua.

235 658 348 699 Nam
368 673 448 713 pro
467 658 595 699 deum
614 665 744 712 atque
764 656 982 699 hominum
1001 655 1145 706 fidem,
1167 656 1271 711 quid
1291 656 1353 697 vis
1375 656 1480 697 tibi?

180 733 218 762 10
236 724 354 772 Quid
375 724 561 779 quaeris'?
593 738 726 764 annos
748 724 970 778 sexaginta
989 730 1116 765 natus
1136 738 1198 773 es,

232 788 326 831 Aut
346 788 442 844 plus
462 803 530 838 eo,
553 798 601 829 ut
619 789 821 843 conjicio:
854 803 1004 844 agrum
1022 789 1066 829 in
1084 788 1152 829 his
1174 789 1419 843 regionibus

231 854 469 904 Meliorem,
491 868 630 908 neque
651 854 763 909 preti
782 854 953 908 majoris
974 868 1100 895 nemo
1120 853 1278 903 habet3

233 920 389 962 Servos
409 918 688 974 complureis:
721 919 902 973 proinde
921 919 1045 973 quasi
1064 933 1189 960 nemo
1212 919 1306 968 siet,

119 1061 193 1090 tem,
206 1051 348 1094 graviter
358 1051 512 1088 laborare,
524 1061 562 1082 ac
572 1056 640 1082 tota
652 1050 705 1082 die
716 1050 751 1082 in
761 1061 858 1093 opere

117 1096 292 1128 consistere
321 1094 537 1131 vehementer,
567 1094 691 1126 accedit
719 1094 857 1126 interro-

117 1150 217 1181 gans:
242 1145 283 1176 et,
300 1144 337 1169 ut
352 1144 478 1180 oportet
493 1137 579 1179 apud
593 1137 750 1179 ignotum,
763 1137 860 1180 longa

118 1183 221 1214 utitur
231 1181 384 1218 oratione,
397 1180 556 1222 simulque
570 1180 632 1212 sibi
644 1181 741 1212 etiam
756 1192 858 1223 quaes-

119 1226 240 1257 tionem
261 1224 347 1262 facit,
363 1231 396 1256 et
411 1223 501 1265 quasi
516 1224 587 1265 ipse
601 1224 663 1255 sibi
675 1224 858 1266 respondet.

118 1270 191 1305 Quo
212 1275 308 1311 pacto
323 1268 389 1299 vim
403 1267 545 1299 ostendit
559 1268 628 1307 ejus
643 1267 699 1308 qui
720 1267 858 1299 interro-

118 1319 182 1354 gat,
198 1323 274 1344 cum
289 1311 332 1342 sit
346 1311 485 1351 ignotus.
526 1310 631 1342 Aliter
647 1310 734 1342 enim
749 1321 860 1342 senem

118 1357 153 1387 in
169 1356 279 1387 dolore
299 1355 450 1396 positum,
467 1360 500 1385 et
513 1353 748 1385 calamitatibus
770 1364 860 1396 pres-

120 1410 191 1430 sum
207 1399 248 1430 ad
262 1398 333 1429 loc·
349 1397 491 1436 (urionem
502 1399 570 1428 edet
576 1396 712 1438 sabulos.
751 1397 805 1428 Sic
821 1407 863 1428 ex

122 1443 185 1474 Ms-
197 1442 345 1473 lacunam
353 1439 582 1481 Lindenbrogii
590 1440 860 1482 supplevitWest.

120 1486 174 1526 qui
194 1491 280 1516 recte
302 1494 361 1526 pro
375 1485 443 1515 edet
458 1483 599 1524 corrigit,
615 1489 645 1515 ee
659 1486 702 1515 ad
717 1484 771 1523 Z.)
786 1494 861 1526 pro-

121 1539 236 1560 vocare
251 1538 316 1559 non
331 1533 449 1569 posset,
462 1526 525 1558 nisi
538 1537 646 1558 secum
662 1527 696 1558 in
711 1538 746 1558 se
760 1527 862 1558 inter-

120 1582 237 1613 rogans
258 1571 338 1602 illud
359 1570 406 1602 ita
427 1570 620 1611 loqueretur,
642 1570 691 1602 uti
709 1570 863 1611 adjiceret

121 1626 192 1656 quae
203 1615 273 1657 ipse
286 1614 480 1656 respondere
492 1612 657 1655 potuisset.
695 1614 745 1645 Ac
758 1614 863 1656 primo

121 1665 239 1700 purgat
249 1668 437 1700 personam:
459 1656 606 1698 quamvis
618 1664 713 1689 antea
725 1657 861 1689 familia-

121 1702 200 1733 ritas
215 1701 303 1732 nulla
317 1700 424 1738 fuerit,
440 1700 555 1731 audeat
571 1707 678 1732 tamen
698 1700 794 1732 hodie
809 1711 861 1732 ac-

121 1745 245 1782 cedere,
268 1751 301 1776 et
323 1754 396 1775 eum
411 1743 548 1784 alloqui3
570 1743 650 1774 dicit
671 1754 758 1785 ergo,
778 1744 863 1785 quod

122 1788 242 1819 nimius
263 1787 362 1824 labor,
378 1797 473 1828 quem
495 1786 565 1827 ipse
580 1786 620 1817 de
635 1797 670 1818 se
686 1787 795 1828 exigat
807 1787 863 1818 ille

122 1831 177 1872 qui
199 1841 299 1862 senex
314 1836 347 1861 et
362 1830 451 1861 dives
467 1837 526 1867 est,
548 1829 583 1860 in
602 1840 637 1861 se
661 1829 862 1861 taciturnita—

122 1882 188 1906 tem
204 1884 274 1905 esse
290 1884 355 1905 non
371 1872 563 1915 permiserit,
579 1873 637 1904 sed
651 1873 760 1914 potius
774 1883 859 1904 com-

122 1917 242 1959 pulerit
256 1917 296 1948 ad
312 1916 575 1957 interrogandum
589 1928 597 1951 ;
621 1916 747 1948 etiamsi
764 1925 865 1958 parva

122 1960 265 1992 amicitia
276 1960 389 1991 fuisset
401 1966 497 2000 atque
513 1959 637 1997 notitia,
650 1970 692 1991 ex
706 1960 766 1991 hoc
780 1959 865 2000 quod

122 2004 265 2035 vicinum
280 2014 393 2045 agrum
415 2013 480 2034 non
502 2002 596 2044 longe
612 2010 687 2034 ante
705 2010 865 2034 mercatus

123 2054 181 2079 est.
214 2047 253 2078 E.

166 2092 195 2122 3.
219 2092 286 2122 Nec
307 2093 353 2122 rei
374 2101 445 2121 smne
466 2089 611 2131 amplius]
645 2090 714 2121 Nec
744 2089 865 2130 aliquid

123 2134 209 2166 inter
223 2144 282 2165 nos
296 2133 358 2165 fuit
372 2133 430 2170 rei,
444 2143 485 2164 ex
499 2143 563 2174 quo
575 2132 701 2164 facilius
711 2134 864 2175 jungere-

124 2188 206 2209 mur.
237 2177 277 2208 E.

166 2222 198 2252 4.
226 2219 392 2261 Vicinitas]
414 2221 533 2250 Vicinia
544 2230 610 2250 non
625 2227 691 2251 tam
707 2219 865 2257 homines,

124 2263 180 2304 qui
208 2265 346 2295 eundem
375 2262 522 2294 incolunt
550 2262 666 2300 vicum,
697 2262 866 2304 significat,

126 2317 221 2347 quam
241 2307 296 2348 qui
316 2317 418 2349 prope
440 2306 571 2337 domum
598 2313 686 2337 tuam
710 2306 866 2337 habitant.

131 2351 278 2381 Vicinitas
290 2356 397 2381 autem
412 2360 478 2380 non
494 2349 650 2387 homines,
664 2349 721 2381 sed
732 2349 866 2391 propin-

126 2393 280 2433 quitatem
291 2393 422 2434 proprie
436 2392 625 2424 vicinorum.
648 2393 791 2424 C.—Vel
804 2395 867 2423 vir-

128 2441 176 2466 tus
198 2441 251 2467 tua
270 2435 332 2477 me]
357 2436 463 2471 Quam
484 2436 621 2467 honesto
642 2436 740 2467 verbo
766 2446 864 2467 usus:

127 2478 267 2510 laborem
288 2485 322 2510 et
342 2479 555 2510 calamitatem
581 2479 733 2511 virtutem
759 2479 867 2521 potius

128 2521 307 2552 nominavit
314 2523 334 2542 ⁸
345 2520 452 2561 (adde,
460 2534 547 2563 quam
557 2524 707 2554 miseriam
715 2528 745 2554 et
754 2525 866 2554 sordes.

130 2565 194 2604 Ζ.).
219 2565 364 2639 Ε.-ί7ει
375 2565 533 2606 vicinitas]
554 2566 643 2597 Serv.
652 2566 743 2608 Virg.
755 2566 866 2607 Eclog.

129 2608 176 2639 iii.
194 2609 246 2639 53.
305 2630 314 2638 .

171 2653 200 2682 5.
224 2652 263 2682 In
280 2653 450 2692 propinqua
467 2650 575 2692 parte]
594 2651 754 2683 vicinitas
775 2662 867 2693 agro-

127 2705 199 2726 rum
230 2702 263 2725 et
290 2694 468 2731 domorum,
498 2694 589 2734 quasi
618 2695 763 2735 quaedam
794 2705 870 2736 pars

128 2737 278 2769 amicitiae
301 2743 358 2769 est.
391 2736 551 2768 E—Sive
567 2739 711 2769 amicitia
728 2737 764 2768 in
778 2739 869 2779 geni-

128 2781 195 2812 tivo
208 2781 357 2823 accipias,
370 2780 438 2811 sive
450 2779 568 2817 dativo,
580 2781 782 2811 commodum
793 2791 867 2812 sen-

129 2835 200 2856 sum
235 2835 300 2855 non
330 2823 458 2855 efficies.
506 2823 610 2864 Igitur
645 2823 869 2865 corrigendum

129 2874 208 2910 puto
229 2868 334 2899 locum
357 2867 423 2898 ita:
463 2866 550 2901 Quod
570 2878 624 2907 ego
643 2877 706 2898 esse
721 2868 754 2898 in
767 2869 871 2908 aliqua

125 2917 216 2951 porte
231 2923 261 2942 α.
272 2923 305 2951 ρ.
329 2910 425 2941 Certe
442 2909 648 2952 Eugraphius
671 2909 796 2941 videtur
810 2913 869 2942 oli-

130 2965 189 2994 quo
203 2954 329 2995 legisse.
354 2953 513 2985 B.-—Non
526 2952 706 2995 putaverim
720 2954 869 2985 emenda-

902 1052 990 1083 tione
1005 1062 1095 1094 opus,
1109 1062 1183 1083 cum
1198 1052 1385 1083 commodus
1401 1051 1557 1083 efficiatur
1571 1063 1644 1084 sen-

902 1106 967 1133 sus,
988 1095 1016 1127 si
1038 1097 1117 1136 quod
1134 1096 1175 1126 ad
1195 1102 1366 1136 utrumque
1386 1102 1420 1126 et
1438 1095 1590 1127 virtutem
1612 1102 1646 1127 et

903 1138 1101 1170 vicinitatem
1123 1139 1282 1177 retuleris,
1305 1139 1386 1170 adeo
1407 1145 1444 1170 ut
1465 1138 1517 1170 hic
1539 1139 1642 1170 conti--

904 1188 1019 1213 neatur
1033 1192 1140 1220 causa,
1155 1193 1213 1214 cur
1228 1183 1268 1214 ob
1285 1182 1437 1214 virtutem
1458 1181 1643 1213 Menedemi

903 1232 936 1257 et
958 1225 1156 1257 vicinitatem
1182 1225 1342 1257 sustineat
1366 1226 1470 1257 facere
1494 1225 1538 1263 id,
1560 1226 1645 1266 quod

903 1268 982 1300 alias
996 1279 1114 1300 munus
1129 1268 1279 1301 amicitiae
1294 1279 1331 1300 ac
1348 1268 1573 1300 familiaritatis
1593 1279 1645 1300 so-

902 1311 969 1343 leat
983 1322 1063 1343 esse.
1103 1312 1217 1352 Itaque
1229 1315 1399 1353 propinqua
1410 1323 1487 1352 pars
1503 1314 1647 1343 anticitiae

905 1355 1031 1386 videtur
1042 1365 1112 1386 esse
1124 1365 1186 1392 res,
1197 1365 1255 1386 seu
1267 1365 1393 1393 munus,
1406 1355 1490 1396 quod
1499 1355 1647 1397 proxime

904 1398 1029 1429 accedit
1043 1398 1083 1429 ad
1097 1398 1173 1436 vim,
1189 1405 1347 1436 naturam,
1364 1406 1396 1429 et
1411 1398 1551 1430 officium
1565 1398 1646 1429 ami-

904 1441 1012 1477 citiae;
1046 1451 1108 1478 res,
1131 1452 1202 1482 quae
1223 1441 1327 1473 vicem
1349 1452 1406 1473 seu
1429 1441 1536 1473 locum
1559 1448 1648 1473 tenet

905 1484 1064 1516 amicitiae.
1094 1484 1148 1516 Sic
1163 1491 1250 1516 certe
1266 1485 1371 1516 Graeci
1387 1484 1499 1517 dicunt
1515 1485 1549 1516 ἐν
1562 1484 1648 1526 μέρει

905 1526 1031 1560 τιθέναι.
1065 1528 1101 1559 Ζ.

948 1572 978 1602 6.
1001 1573 1158 1603 Audacter
1169 1583 1299 1603 moneam
1310 1577 1340 1603 et
1345 1570 1566 1613 familiariter]
1579 1573 1645 1602 Au-

905 1616 1019 1652 dacter,
1035 1615 1121 1656 quod
1140 1615 1285 1656 quaedam
1307 1614 1451 1646 dicturus
1470 1624 1529 1652 est,
1547 1614 1648 1645 veluti

905 1668 1082 1690 accusans:
1105 1657 1319 1698 familiariter,
1342 1658 1428 1700 quod
1446 1658 1493 1689 ita
1513 1657 1647 1695 accedit,

906 1701 997 1742 quasi
1013 1711 1055 1732 ex
1070 1701 1185 1733 notitia
1199 1701 1372 1743 praeterita.
1403 1701 1442 1732 E.

950 1745 979 1778 7.
1006 1746 1094 1778 Quod
1105 1747 1180 1776 mihi
1193 1747 1303 1782 videre,
1316 1744 1390 1786 eta]
1408 1745 1484 1787 Ipse
1499 1744 1647 1786 partitio-

906 1798 982 1819 nem
992 1798 1083 1819 suam
1095 1788 1317 1829 persequitur:
1341 1798 1416 1819 nam
1429 1795 1562 1830 propter
1572 1794 1650 1819 aeta·

907 1838 973 1862 tem
988 1830 1034 1862 sic
1049 1831 1214 1872 subjungit
1227 1844 1235 1862 :
1267 1833 1372 1862 Annos
1386 1834 1546 1872 sexaginta
1559 1835 1651 1862 natus

906 1884 947 1911 es,
963 1879 1018 1905 aut
1035 1876 1104 1914 plus
1125 1885 1167 1911 eo,
1183 1879 1217 1905 ut
1239 1874 1365 1915 conjicio
1376 1887 1389 1910 ,·
1420 1885 1527 1915 agrum
1547 1876 1581 1905 in
1602 1876 1651 1905 his

907 1919 1079 1957 regionibus
1099 1919 1257 1955 meliorem,
1280 1928 1373 1958 neque
1394 1919 1491 1957 pretii
1515 1916 1652 1958 majoris,

907 1971 990 1991 nemo
1018 1962 1117 1991 habet.
1161 1962 1317 1992 Meliorem
1339 1961 1381 1992 ad
1404 1971 1499 1992 usum
1528 1960 1649 1992 refert:

903 2005 1000 2044 pretii
1009 2004 1143 2044 majoris,
1155 2004 1197 2035 ad
1207 2003 1394 2046 opinionem
1404 2003 1517 2046 populi
1527 2004 1568 2035 de
1578 2003 1651 2046 ipso

908 2057 995 2088 agro.
1027 2047 1066 2078 E.

952 2090 981 2121 9.
1005 2091 1087 2121 Nam
1095 2101 1153 2130 pro
1166 2092 1252 2122 deum
1265 2095 1355 2131 atque
1363 2091 1609 2130 hominumfidem
1618 2089 1651 2131 l]

910 2133 1112 2164 Exclamatio
1134 2133 1307 2165 vehemens
1327 2140 1376 2164 est
1394 2133 1429 2164 in
1447 2143 1531 2171 eum,
1547 2133 1603 2174 qui
1618 2139 1652 2164 et

909 2187 1009 2208 senex
1025 2184 1058 2208 et
1073 2176 1163 2208 dives
1178 2176 1331 2208 continuo
1351 2187 1386 2207 se
1408 2176 1517 2208 labore
1535 2175 1650 2207 defati-

909 2227 974 2261 get,
990 2226 1023 2251 et
1038 2231 1076 2251 eo
1092 2219 1194 2261 magis
1215 2220 1370 2251 Chremes
1392 2219 1569 2251 admiratur
1589 2219 1650 2250 hu-

907 2265 961 2304 jus
974 2263 1124 2300 laborem,
1142 2263 1284 2295 nondum
1299 2262 1463 2295 intellecta
1477 2273 1582 2294 causa.
1613 2263 1652 2294 C.

910 2306 1149 2347 ——Conjunctio
1163 2312 1227 2343 aut,
1243 2313 1318 2349 post
1325 2308 1428 2346 fidem,
1444 2307 1535 2338 abest
1549 2316 1569 2338 a
1582 2315 1651 2337 me-

910 2349 1045 2381 lioribus
1060 2349 1159 2381 libris.
1192 2350 1229 2381 B.

957 2394 1006 2424 11.
1037 2395 1078 2425 Ut
1107 2392 1248 2435 conjicio]
1282 2393 1321 2424 Id
1349 2398 1407 2431 est,
1434 2394 1654 2433 conjecturam

910 2436 1012 2478 capio.
1036 2436 1124 2468 Hinc
1134 2438 1318 2477 conjectura
1326 2437 1412 2468 dicta
1422 2443 1471 2468 est
1479 2447 1499 2467 a
1508 2436 1653 2477 conjectu,

910 2480 945 2511 id
967 2486 1025 2518 est,
1049 2491 1068 2511 a
1089 2479 1266 2511 directione
1288 2480 1424 2520 quadam
1451 2479 1586 2511 rationis
1611 2479 1654 2511 ad

910 2523 1089 2554 veritatem.
1126 2523 1221 2554 Unde
1236 2523 1333 2554 etiam
1346 2523 1542 2554 somniorum
1558 2530 1654 2564 atque

911 2566 1055 2598 omnium
1074 2567 1277 2608 interpretes,
1293 2566 1471 2606 conjectores
1491 2575 1654 2598 vocamus.

912 2610 1112 2651 c.—Agrum
1125 2612 1158 2640 in
1169 2612 1216 2641 his
1228 2609 1416 2650 regionibus]
1431 2609 1564 2642 Servius
1575 2609 1653 2641 AEn.

911 2653 945 2684 ii.
985 2652 1181 2691 L.—Deleo,
1203 2664 1245 2691 eo,
1273 2659 1306 2684 et
1331 2652 1412 2695 lege,
1435 2652 1499 2684 Ant
1518 2654 1599 2694 pius,
1619 2657 1655 2684 ut

912 2696 1046 2736 conjicio.
1078 2696 1115 2727 B.
1616 2699 1618 2701 ’

960 2741 1008 2770 12.
1026 2738 1137 2779 Nemo]
1155 2738 1219 2770 Pro
1234 2739 1410 2780 quisquam.
1433 2739 1470 2771 C.

958 2785 1007 2814 13.
1029 2783 1117 2823 Lege
1141 2782 1190 2813 vel
1212 2792 1286 2813 cum
1308 2782 1445 2824 Guyeto,
1467 2783 1553 2815 Servi
1574 2794 1653 2814 com—

911 2829 1022 2867 plures,
1037 2825 1087 2856 vel
1103 2827 1208 2857 Servos
1216 2828 1391 2867 nonpheres,
1406 2831 1444 2857 ut
1457 2826 1537 2858 adeo
1551 2827 1654 2869 parti-

914 2869 987 2900 cula
1008 2881 1064 2899 non
1086 2869 1199 2900 eodem
1220 2869 1347 2901 dieamr
1366 2868 1471 2906 modo,
1493 2880 1557 2911 quo
1577 2876 1655 2902 ante

914 2923 1017 2953 neque.
1059 2912 1155 2943 Certe
1177 2911 1318 2954 vulgaris
1342 2911 1439 2944 lectio
1459 2913 1565 2945 locum
1587 2923 1654 2944 non

915 2956 1020 2993 habet,
1035 2954 1110 2996 quia
1125 2957 1289 2996 complures
1303 2955 1370 2988 vim
1388 2956 1506 2998 gradus
1523 2966 1652 2998 compa-

1065 3007 1091 3029 M
1108 3009 1139 3030 m
