1852 3216
134 190 274 218 SCENA
297 175 347 230 ι.]

687 174 1105 217 EUNUCHUS.

1593 181 1667 221 151

189 265 277 306 Sed
299 264 395 318 quis
416 263 486 305 hic
506 269 588 313 est,
603 264 677 317 qui
697 263 784 305 huc
804 264 978 318 pergit?
1010 269 1118 304 attat
1136 264 1145 304 Ε
1179 262 1247 304 hic
1269 263 1442 317 quidem
1464 273 1530 307 est
1550 281 1673 321 para-

272 329 379 369 situs
401 327 581 369 Gnatho

183 391 361 434 Militis:
394 393 513 434 ducit
536 407 681 434 secum
701 406 786 434 una
806 392 1012 447 virginem
1034 393 1150 434 dono
1169 392 1298 434 huic:
1331 395 1481 448 papae!

189 457 317 499 Facie
338 457 521 499 honesta
538 473 548 498 :
579 458 745 507 mirum,
767 458 811 498 ni
831 472 913 512 ego
933 472 1000 498 me
1021 458 1205 512 turpiter
1224 457 1354 498 hodie
1372 457 1442 500 hic
1463 458 1578 499 dabo

132 530 171 559 25
190 522 299 563 Cum
307 537 402 564 meo
415 523 638 577 decrepito
651 521 735 564 hoc
748 521 949 563 eunucho
963 537 972 563 :
994 521 1089 564 haec
1105 529 1282 577 superat
1295 523 1432 578 ipsam
1441 522 1672 564 Thaidem.

364 698 618 753 ACTUS
665 704 1017 752 SECUNDI
1067 704 1322 752 SCENA
1368 705 1437 752 ΙΙ.

652 829 863 860 GNATHO.
900 829 1146 860 PARMENO.

189 914 252 955 D1
274 911 553 955 immortales!
587 911 749 953 homini
760 910 890 952 homo
912 911 1016 966 quid
1038 913 1241 965 praestat!
1275 910 1407 953 stulto
1426 911 1668 968 intelligens

128 1071 226 1100 quam,
250 1071 303 1090 nec
324 1060 421 1100 magis
442 1057 612 1098 continens]
643 1056 877 1088 Animadverte

128 1110 164 1133 ut
179 1109 264 1133 amet
280 1101 452 1133 Terentius
469 1103 565 1142 magis
586 1100 704 1131 addere
726 1100 876 1142 positivo,

127 1145 235 1186 potius
250 1155 345 1185 quam
362 1143 616 1186 comparativum
633 1143 748 1174 facere.
791 1143 877 1174 Nam

126 1197 232 1228 neque
247 1190 386 1224 severior,
399 1197 503 1227 neque
518 1188 726 1223 continentior,
740 1192 806 1216 tam
819 1196 875 1216 va-

126 1229 188 1261 luit
204 1230 291 1269 (edd.
309 1236 386 1261 vett.
403 1237 501 1266 recte,
518 1229 629 1280 voluit)
646 1209 763 1266 dicere,
779 1239 876 1269 quam

126 1275 224 1314 magis
253 1284 381 1310 severus,
405 1279 438 1303 et
459 1274 557 1313 magis
587 1273 749 1305 continens.
790 1272 830 1302 D.
833 1288 878 1293 —-

126 1317 232 1346 Minus
262 1318 391 1355 ineptus,
420 1317 517 1355 magis
546 1313 682 1354 severus]
718 1313 875 1345 Priscian.

126 1357 180 1389 lib.
198 1357 243 1389 iii.
278 1359 313 1389 L.

171 1402 309 1432 22111'0
337 1402 456 1441 quidem
482 1405 528 1431 est
546 1401 705 1448 parasitus
739 1398 874 1439 Gnatho]

129 1443 211 1474 Haec
227 1443 313 1485 apud
335 1442 554 1474 Menandrum
574 1442 608 1472 in
628 1440 789 1472 Eunucho
811 1451 874 1472 non

127 1493 212 1522 sunt,
229 1493 264 1516 ut
283 1486 353 1527 ipse
376 1485 539 1526 professus
562 1491 621 1521 est,
643 1483 778 1525 parasiti
801 1494 874 1525 per-

122 1539 206 1577 ,sona
222 1535 254 1559 et
267 1528 379 1559 militis
395 1530 482 1567 (cum
498 1527 608 1558 laudet
621 1527 718 1557 verba
735 1526 874 1567 Prologi,

126 1571 191 1612 legi
204 1571 316 1602 debet:
342 1571 482 1601 Parasiti
491 1581 650 1610 personam
659 1570 728 1600 ιπάε
741 1571 876 1600 ablatam

126 1619 156 1645 et
171 1614 313 1654 militis).
309 1627 316 1633 ·
340 1613 396 1644 sed
412 1612 452 1644 de
468 1612 586 1643 Colace
604 1611 768 1643 translatae
789 1618 874 1643 sunt.

124 1655 166 1687 D.
168 1656 289 1687 —Non
312 1655 456 1697 quidem'
448 1666 482 1686 ιιι
500 1665 598 1686 unam
619 1654 774 1695 syllabam
796 1664 874 1685 con—

126 1698 275 1737 trahitur,
289 1699 345 1739 qui
360 1705 410 1729 est
424 1708 514 1729 error
530 1697 659 1735 Faerni,
672 1697 729 1728 sed
741 1698 791 1728 hic
803 1707 875 1728 cor-

127 1741 255 1782 ripitur.
289 1742 326 1772 B.

171 1786 223 1815 24.
247 1786 340 1815 Facie
365 1782 504 1823 honesta]
536 1781 715 1821 Οἷκονομία,
739 1792 802 1823 qua
824 1793 875 1814 os-

126 1827 270 1858 tenditur
279 1832 445 1857 amaturus
454 1826 603 1856 Chaerea:
624 1825 783 1865 siquidem
793 1825 876 1856 hanc

127 1869 288 1900 Parmeno
317 1869 388 1910 ipse
417 1868 562 1899 miratur.
608 1869 700 1898 Facie
735 1866 876 1908 honesta]

127 1912 181 1943 Sic
198 1912 289 1953 Virg.
308 1911 383 1942 AEn.
401 1911 422 1942 i.
441 1912 513 1942 591.
528 1912 572 1941 Et
583 1912 666 1941 laetos
681 1912 775 1941 oculis
789 1912 875 1949 affla-

126 1960 179 1985 rat
208 1957 340 1986 honores.
387 1954 432 1985 Et
454 1964 531 1984 mox
553 1953 657 1984 idem:
691 1954 743 1984 Ita
765 1964 810 1983 me
832 1954 877 1983 Di

126 2003 235 2034 ament,
251 2000 402 2028 honestus.
440 1998 486 2027 Ni
501 2007 554 2037 ego
569 2007 614 2026 me
636 1998 767 2035 turpiter
790 1997 875 2026 hodie

126 2042 176 2072 hic
188 2040 282 2081 dabo]
301 2042 345 2071 Ni
360 2042 447 2076 dabo,
460 2049 520 2081 pro
535 2039 665 2069 dedero.
690 2038 780 2079 Virg.
798 2038 874 2069 AEn.

126 2093 155 2113 v.
180 2084 253 2114 542.
295 2085 438 2116 Quamvis
459 2084 539 2113 solus
561 2092 644 2112 avem
670 2082 744 2112 coelo
766 2080 877 2120 dejecit

126 2128 165 2156 ab
181 2128 252 2157 alto.
292 2126 505 2161 D.—Mirum,
523 2127 555 2154 ni
575 2123 646 2164 ego]
672 2123 795 2154 Mirum
817 2130 875 2161 est,

125 2168 241 2209 inquit,
280 2168 315 2199 ni
355 2168 494 2210 turpiter
532 2177 592 2208 ego
629 2166 682 2197 hic
723 2166 872 2207 accipiar.

170 2255 221 2285 25.
255 2255 329 2285 Cum
362 2265 425 2285 meo
454 2255 606 2292 decrepito
642 2254 696 2283 hoc
725 2251 874 2293 eunucho]

123 2295 246 2328 Facete
258 2308 320 2328 meo
334 2297 375 2328 ad
390 2296 567 2338 parasitum
579 2295 700 2331 retulit,
713 2305 786 2325 cum
803 2294 876 2336 pul-

127 2339 205 2370 chro
224 2349 359 2371 munere
380 2339 575 2370 venientem.
616 2337 662 2368 Et
681 2337 874 2379 praeparatio

127 2388 178 2413 est
191 2382 231 2413 ad
251 2382 435 2413 ducendum
455 2382 622 2413 chaeream
642 2380 761 2422 potius,
778 2390 875 2421 quam

128 2424 303 2456 deformem
330 2425 524 2456 eunuchum.
559 2426 723 2463 Decrepito
743 2425 797 2454 hoc
821 2435 874 2454 eu-

128 2466 239 2507 nacho]
263 2469 419 2507 Decrepiti
439 2473 516 2499 sunt
535 2466 623 2502 dicti,
645 2476 782 2507 quorum
804 2476 874 2497 cre-

128 2509 790 2592 {lsstssffllfflz‘fifim20⁵3&ssssssssss
793 2519 875 2582 1²:⁰3¹..

130 2595 159 2624 3.
177 2595 224 2625 ll.
230 2594 242 2634 )
265 2596 343 2626 Haee
356 2600 480 2634 superat
493 2596 590 2634 ipsam
615 2562 790 2634 Thaidem]
802 2594 876 2624 Hoc

129 2636 176 2667 sic
191 2636 341 2677 accipias,
357 2647 422 2668 non
440 2636 618 2679 vituperari
633 2637 801 2673 Thmdem,
819 2637 876 2668 sed

129 2685 281 2719 tanquam
306 2680 519 2728 §reponentes-'vs
539 2679 613 2710 dici.
654 2679 734 2710 Ideo
751 2679 877 2711 addidit

129 2723 235 2761 ipsam,
266 2721 358 2762 quasi
387 2721 496 2753 nimiae
524 2721 786 2763 pulchritudinis.
831 2722 876 2753 Et

128 2764 212 2795 bene
242 2767 348 2804 ipsam,
370 2770 504 2805 propter
526 2774 623 2804 quam
645 2764 749 2795 datur.
789 2765 876 2796 D.—

131 2808 204 2838 Cum
215 2809 367 2847 decrepito
381 2805 528 2847 eunucho]
552 2808 710 2846 Decrepiti
723 2806 876 2839 dicuntur

128 2850 231 2891 magis
253 2860 368 2884 senesz
403 2849 563 2889 siquidem
585 2849 683 2890 longa
708 2855 875 2881 senectute

127 2892 184 2923 vix
205 2892 291 2933 loqui
313 2898 458 2934 possunt,
475 2898 508 2923 et
526 2891 748 2923 tantummodo
765 2892 874 2924 fractis

128 2934 259 2967 vocibus
274 2935 460 2976 loquuntur,
475 2945 512 2966 ac
527 2941 605 2966 sunt
618 2933 711 2975 quasi
727 2935 874 2975 quaedam

128 2977 331 3019 crepitacula.
355 2978 392 3009 E.
396 2979 517 3008 —Haec
524 2982 648 3017 superae
659 2977 773 3018 ipsam]
786 2977 872 3010 Pris-

921 1056 1003 1088 cian.
1018 1056 1072 1088 lib.
1084 1068 1136 1088 xv.
1156 1056 1270 1098 Papae.
1267 1063 1276 1081 Ι
1292 1060 1355 1089 leaec
1370 1065 1495 1099 superat
1506 1061 1611 1099 ipsam.
1634 1060 1671 1091 1..

967 1101 994 1130 l.
1006 1102 1050 1131 Da·
1064 1103 1268 1131 immortales!
1284 1103 1396 1132 homini
1409 1104 1491 1132 homo
1502 1105 1578 1142 quid
1588 1113 1671 1142 prae-

919 1141 1000 1183 stat]
1028 1143 1067 1174 In
1091 1143 1150 1174 hac
1166 1154 1264 1174 scena
1287 1154 1351 1174 non
1375 1150 1474 1181 stans,
1498 1145 1556 1175 sed
1578 1146 1671 1185 quasi

920 1185 1088 1216 ambulans
1119 1196 1258 1227 persona
1289 1186 1463 1217 inducitur.
1516 1187 1673 1219 Constitit

920 1234 1029 1259 tamen
1052 1228 1299 1269 aliquantulum,
1314 1228 1446 1260 intuens
1462 1237 1671 1271 spectatores,

920 1270 998 1302 dum
1028 1281 1138 1302 secum
1168 1271 1320 1312 loquitur.
1369 1272 1535 1314 Exprimit
1562 1279 1672 1304 autem

919 1313 1108 1355 parasitum,
1131 1320 1163 1344 et
1186 1315 1246 1345 sub
1274 1316 1343 1355 ejus
1366 1315 1472 1346 verbis
1502 1322 1672 1356 corruptos

920 1366 1026 1387 mores
1039 1356 1072 1386 in
1086 1356 1338 1388 assentationem
1351 1357 1513 1388 ostendit:
1538 1368 1672 1399 prorsus

919 1398 956 1429 ut
971 1399 1116 1429 honestae
1131 1409 1257 1439 quoque
1272 1410 1420 1440 personae
1435 1399 1469 1430 in
1485 1399 1671 1440 hujusmodi

919 1441 970 1472 cul
974 1451 1015 1492 pa
1037 1441 1179 1472 inventae
1201 1442 1284 1478 sint;
1317 1448 1354 1473 ut
1376 1442 1463 1479 alibi,
1489 1444 1671 1484 Obsequium

920 1487 1039 1521 amicos,
1047 1487 1160 1515 veritas
1170 1486 1269 1515 odium
1278 1487 1375 1524 parit.
1393 1486 1437 1516 Di
1449 1487 1631 1517 immortales
1636 1485 1668 1527 !]

922 1526 1020 1557 Hoc'
1007 1537 1075 1566 Jam
1091 1527 1182 1563 mire,
1196 1533 1229 1557 et
1243 1537 1303 1568 pro
1318 1527 1419 1559 seculi
1435 1538 1472 1558 ac
1486 1535 1669 1569 temporum

918 1569 1171 1610 reprehensione
1201 1570 1339 1610 satyrice
1370 1570 1553 1608 Terentius,
1584 1571 1670 1611 quod

918 1612 1005 1653 apud
1021 1622 1095 1643 eum
1111 1613 1238 1643 stultum
1258 1619 1351 1644 vocat
1369 1612 1551 1654 simplicem
1574 1624 1669 1654 para-

918 1655 1010 1691 situs,
1028 1661 1060 1685 et
1077 1654 1123 1694 (se
1138 1654 1337 1686 interserunt
1353 1655 1424 1686 edd.
1441 1655 1536 1694 vett.)
1553 1658 1669 1687 intelli-

916 1703 1036 1738 gentem
1047 1697 1175 1728 malum.
1183 1699 1228 1728 Di
1238 1700 1420 1729 immortales
1427 1697 1458 1739 !]
1467 1698 1671 1730 Admirantis

919 1739 1111 1771 exclamatio
1120 1746 1179 1777 est,
1186 1751 1261 1771 cum
1270 1741 1404 1782 parasiti
1412 1741 1670 1782 gesticulatione.

920 1783 965 1813 Dt'
975 1785 1176 1815 immortales!
1185 1785 1297 1814 homini
1308 1785 1391 1814 homo
1406 1786 1482 1823 quid
1491 1789 1623 1823 praeetat
1634 1784 1668 1825 ?]

922 1825 1051 1856 Morata
1073 1826 1215 1856 narratio
1235 1836 1254 1856 a
1269 1826 1433 1856 sententia
1453 1826 1555 1867 incipi
1577 1826 1669 1864 solet,

920 1878 992 1908 quae
1007 1868 1126 1899 dicitur
1140 1867 1317 1908 προμύθιον.
1355 1870 1481 1899 Homini
1498 1871 1582 1899 homo
1596 1872 1672 1910 quid

916 1915 1048 1949 praestat
1059 1910 1092 1950 Ρ]
1136 1910 1204 1941 Alii
1234 1910 1426 1951 distingunt,
1449 1913 1524 1951 quid
1539 1917 1671 1951 praestat

919 1954 1012 1983 stulto
1041 1954 1242 1993 intelligens?
1283 1953 1361 1991 Alii,
1384 1955 1477 1984 stulto
1498 1956 1671 1995 intelligens

919 1997 995 2035 quid
1009 1997 1134 2026 interest
1145 1998 1161 2026 ?
1192 1996 1267 2036 quia
1282 1996 1328 2027 sic
1343 2002 1469 2027 veteres
1491 1996 1666 2037 loqueban-

920 2045 982 2068 tur.
1013 2038 1145 2069 D.—D¹'
1160 2041 1342 2070 immortales
1351 2038 1382 2079 Ι]
1401 2039 1482 2070 Haec
1497 2049 1595 2071 scena
1610 2050 1668 2071 ex-

919 2080 1127 2112 sultationem
1144 2081 1299 2118 continet,
1314 2081 1349 2112 in
1372 2092 1436 2122 qua
1455 2081 1669 2114 nihilominus

918 2123 1079 2164 parasitus
1106 2123 1258 2164 loquitur,
1281 2126 1373 2164 cujus
1399 2124 1440 2155 de
1462 2124 1606 2156 moribus
1636 2131 1670 2157 et

918 2176 1058 2207 persona
1079 2189 1088 2196 .
1112 2189 1120 2197 .
1144 2189 1152 2197 .
1177 2190 1184 2198 .
1211 2166 1293 2206 (Ma.
1316 2167 1398 2198 alter
1420 2166 1570 2198 lacunam
1602 2178 1669 2199 ιιοιι

919 2209 1026 2240 habet.
1062 2209 1157 2240 Alter
1178 2209 1278 2245 addit,
1296 2212 1459 2240 collocavit.
1483 2210 1535 2240 W.
1569 2210 1668 2241 Forte

918 2251 980 2292 leg.
998 2251 1086 2292 cujus
1095 2254 1133 2282 de
1147 2254 1279 2283 moribus
1289 2257 1321 2283 et
1325 2263 1454 2292 persona
1465 2263 1568 2292 supra,
1578 2263 1668 2293 quan

918 2306 1022 2325 novam
1051 2297 1101 2325 hic
1130 2296 1284 2326 collocavit
1312 2306 1349 2326 ex
1379 2296 1558 2332 Menandro,
1585 2298 1670 2336 apud

918 2348 1004 2378 quem
1032 2339 1148 2368 dicitnr
1169 2348 1195 2368 c.
1222 2337 1276 2377 Z.)
1299 2348 1373 2368 cum
1395 2337 1480 2368 dixit
1508 2337 1611 2375 colax,
1634 2337 1670 2369 id

919 2387 977 2417 est,
994 2380 1150 2411 adulator.
1174 2380 1261 2411 Nam
1277 2390 1350 2411 eum
1366 2379 1582 2421 parasitorum
1593 2390 1669 2422 per-

918 2432 1007 2454 sonae
1022 2429 1118 2454 antea
1133 2422 1184 2453 his
1204 2423 1347 2454 moribus
1368 2429 1485 2458 essent,
1499 2422 1549 2453 uti
1564 2422 1670 2464 plagis

919 2471 1015 2506 atque
1031 2465 1219 2497 verberibus
1240 2465 1342 2496 risum
1365 2464 1505 2496 dominis
1526 2465 1669 2497 concita-

919 2514 1001 2545 rent,
1018 2508 1071 2539 hic
1086 2518 1171 2538 novo
1186 2518 1276 2539 more
1292 2514 1394 2539 artem
1414 2507 1559 2538 exerceri
1574 2517 1669 2539 mon·-

919 2557 1058 2586 stratur;
1081 2557 1118 2582 ut
1133 2550 1241 2582 omnia
1256 2551 1406 2581 omnibus
1425 2550 1669 2588 consentiendo,

919 2593 980 2624 hoc
995 2603 1098 2634 genus
1113 2593 1192 2624 artis
1208 2600 1367 2624 exerceat.
1406 2593 1457 2624 Ita
1471 2592 1559 2624 enim
1574 2593 1669 2631 dixit,

919 2636 1003 2670 hanc
1033 2645 1150 2667 novam
1179 2646 1352 2677 personam
1382 2636 1423 2666 de
1453 2636 1569 2667 Graeco
1597 2646 1669 2668 esne

920 2678 1118 2710 translatam.
1144 2679 1232 2719 Ergo
1243 2678 1296 2709 hic
1306 2688 1413 2710 mores
1419 2677 1574 2719 exprimit
1581 2688 1668 2710 suos.

919 2722 964 2752 Et
993 2722 1030 2752 fit
1059 2720 1257 2763 comparatio
1287 2731 1347 2762 per
1372 2720 1569 2761 qualitatem,
1595 2731 1668 2762 quae

918 2764 1034 2795 melior
1064 2774 1116 2794 ars
1147 2764 1181 2794 in
1212 2763 1354 2805 parasito
1388 2773 1459 2795 esse
1496 2762 1666 2796 videatur:

919 2813 1026 2838 utrum
1043 2806 1099 2837 illa
1115 2816 1186 2847 quae
1201 2806 1305 2847 plagis
1317 2816 1353 2837 ac
1367 2806 1556 2838 verberibus
1566 2806 1668 2838 vitam

919 2849 1058 2891 turpiter
1086 2848 1273 2880 continebat
1295 2849 1392 2891 (lege,
1420 2851 1572 2880 contineat
1600 2849 1667 2889 Ζ.,)

917 2903 958 2923 an
975 2893 1043 2923 haec
1058 2902 1130 2932 quae
1147 2892 1341 2924 assentando
1355 2899 1389 2923 et
1402 2891 1605 2923 arridendo
1595 2902 1668 2934 ipsa

916 2935 1026 2976 potius
1040 2934 1159 2965 habere
1174 2933 1346 2966 videatur
1336 2945 1371 2966 ιιι
1386 2940 1546 2976 potestate
1562 2934 1665 2966 domi-

918 2988 985 3009 nos.
1010 2978 1135 3008 Homini
1153 2979 1236 3009 homo
1256 2979 1332 3018 qnid
1349 2982 1478 3018 praestat
1487 2976 1521 3018 .⁷]
1545 2977 1666 3008 Sensus
