1852 3216
118 148 259 178 senua
280 134 332 190 1.]

702 134 1047 179 ADELPHI.

230 225 317 276 Do,
338 226 644 281 praetermitto:
674 239 760 268 non
779 240 955 269 necesse
973 226 1115 270 habeo
1133 228 1272 270 omnia

231 290 318 333 Pro
336 306 431 333 meo
445 292 545 347 jure
564 306 718 347 agere:
748 298 967 347 postremo
985 292 1054 334 alii
1074 292 1311 336 clanculum

230 356 383 399 Patres
403 372 500 412 quae
520 357 696 408 faciunt,
716 373 815 413 quae
831 356 915 400 fert
934 357 1236 410 adolescentia,

231 422 301 464 Ea
319 437 374 464 ne
393 437 460 464 me
479 422 604 474 celet,
626 422 868 466 consuefeci
886 423 1035 466 filium.

174 497 215 527 30
230 488 343 529 Nam
363 489 437 544 qui
457 489 639 540 mentiri,
658 497 733 532 aut
752 488 898 531 fallere
919 489 1097 532 insuerit
1116 498 1308 546 patrem;

228 554 322 595 Aut
342 554 542 596 audebit:
574 562 694 597 tanto
711 555 846 610 magis
866 555 1041 598 audebit
1060 564 1254 598 caeterOS.

229 619 405 662 Pudore
424 627 469 661 et
488 618 741 662 liberalitate
761 619 918 662 liberos

228 684 435 728 Retinere
457 686 590 727 satius
610 701 707 728 esse
726 687 874 737 credo,
894 702 1021 743 quam
1039 695 1170 731 metu.

227 749 338 792 Haec
358 750 480 792 fratri
498 766 663 794 meeum
682 767 767 793 non
786 754 1057 804 conveniunt,
1077 769 1216 810 neque
1237 752 1422 810 placent.

170 824 211 854 35
228 816 360 858 Venit
379 817 435 858 ad
454 831 522 858 me
544 832 674 873 saepe,
695 817 938 860 clamitans:
969 819 1087 867 Quid
1109 820 1216 875 agiS,
1238 819 1405 862 Micio?

226 883 316 925 Cur
334 884 479 939 perdis
500 883 813 927 adolescentem
831 885 983 926 nobis.
969 886 987 913 ⁹
1017 899 1094 926 cur
1113 893 1253 927 amat.
1238 886 1256 914 ⁹

154 984 205 1015 26.
221 985 280 1020 Do,
290 983 505 1026 praeterm’tta]
526 986 575 1016 Do
589 991 748 1016 sumtum:
769 996 850 1037 pree-

109 1029 243 1059 term'tto
256 1027 382 1059 delicta.
411 1029 483 1059 Non
504 1039 620 1059 necesse
640 1030 734 1059 habea
754 1030 852 1059 onnia

105 1081 164 1110 pro
178 1071 319 1111 neojure
328 1071 435 1112 agere]
459 1071 531 1102 Etsi
543 1071 628 1108 licet,
639 1082 704 1103 non
719 1081 851 1103 necesse

108 1120 158 1144 est
178 1120 302 1155 patrem
324 1114 446 1151 saevire,
460 1114 535 1155 quia
556 1121 648 1156 pater
662 1121 720 1146 est.
761 1115 852 1146 Inter

107 1158 165 1188 Jas
185 1162 216 1188 et
319 1160 327 1166 ⁰
374 1169 420 1189 en
442 1158 503 1189 hoc
529 1157 673 1189 interest.
704 1160 763 1190 Jut
786 1164 845 1196 eat,

106 1199 192 1240 quod
215 1200 325 1232 omnia
350 1208 438 1233 recta
462 1207 495 1232 et
518 1201 708 1233 inflexibilia
734 1201 846 1243 exigit.

106 1244 252 1284 AEqanieas
266 1251 325 1281 est,
339 1254 411 1285 quae
424 1244 465 1276 de
482 1246 557 1285 jure
578 1245 715 1276 multum
735 1244 847 1276 remit-

107 1286 156 1317 tit.
188 1287 277 1336 Ergo
299 1287 352 1319 hic
378 1298 502 1325 sensus,
526 1288 603 1319 Non
634 1298 764 1319 neeesse
787 1295 848 1326 est,

106 1329 204 1361 etiam
225 1330 253 1362 si
274 1330 378 1368 liceat,
395 1341 517 1362 saevum
536 1341 607 1362 esse
629 1339 764 1372 patrem.
803 1331 847 1363 Et

105 1372 187 1404 mire
209 1373 350 1405 ostendit
370 1375 425 1414 Jus
439 1384 544 1411 suum,
559 1373 624 1405 nisi
644 1373 845 1413 necessitate,

105 1426 171 1447 non
187 1427 258 1448 esse
273 1417 474 1448 servandum.
505 1417 547 1448 D.

150 1459 200 1492 27.
216 1461 368 1491 Postremo
392 1462 449 1491 alii
473 1459 657 1501 clanculam]
689 1460 765 1491 Non
791 1459 846 1491 alii

105 1509 232 1543 pau-est
256 1503 313 1534 sed
334 1502 389 1534 alii
412 1503 640 1554 adolescentes,
667 1503 848 1535 clanculum

105 1553 213 1587 patres
228 1557 312 1577 suos.
343 1547 384 1577 D.
386 1548 493 1578 —Pro
504 1558 566 1578 meo
572 1547 648 1587 jure
662 1546 771 1588 agere]
787 1547 807 1578 J
810 1557 848 1578 us

103 1589 192 1663 51:23¹?
212 1590 847 1674 Ρέἱῖἰέἷςὲιΐέῗηῗὲἶηῖιὶὶὲἕξι,ἧὲἒᾷ

103 1676 285 1708 necessario
298 1676 361 1708 sibi
382 1676 442 1708 hoc
465 1676 661 1714 incumbere,
682 1684 720 1708 ut
739 1676 847 1708 omnia

102 1726 235 1760 peccata
247 1720 396 1761 corrigat,
411 1720 469 1751 sed
490 1719 610 1760 aliquid
630 1719 755 1759 dejure
769 1730 844 1762 pro-

103 1762 175 1804 prio
190 1762 407 1794 obliviscatur.
446 1762 574 1794 Deinde
590 1764 658 1803 jam
677 1763 777 1794 thesis
791 1763 847 1794 illa

102 1806 305 1881 {Zfflssffi
322 1806 658 1887 ῗὲῃὲἶᾌῗεῗωῖἶ,
669 1805 793 1890 ’3ῗέιῖ
805 1806 845 1881 ¹2}

101 1894 286 1924 liberalitate
301 1895 410 1924 liberos
424 1895 553 1924 retinere
566 1895 673 1924 satius.
699 1893 764 1924 Hic
775 1903 842 1924 ser-

101 1946 155 1966 mo
171 1937 273 1977 magis
295 1947 314 1968 a
330 1947 467 1978 persona
483 1936 616 1967 Demeae
637 1935 844 1978 accipiendus

102 1986 160 2016 est,
176 1979 231 2020 qui
250 1979 425 2011 Micionem
441 1979 527 2010 dicat
539 1979 655 2011 durum
671 1986 788 2021 praeter
798 1989 842 2010 ae-

100 2032 199 2071 quum
210 2029 243 2054 et
255 2023 383 2059 bonum,
393 2023 470 2054 dum
482 2022 686 2054 clementiam
701 2022 842 2053 custodit

100 2065 235 2098 nimiam
255 2066 341 2098 circa
363 2066 475 2103 filium,
491 2066 537 2097 sic
560 2076 634 2097 eum
653 2065 688 2097 in
710 2072 842 2107 peccata

99 2115 270 2150 provocet:
295 2110 380 2151 quod
402 2117 452 2141 est
470 2109 561 2150 quasi
577 2109 735 2150 quoddam
750 2108 839 2140 duri·

100 2151 158 2183 tiei
178 2163 291 2194 genus,
307 2163 373 2184 non
395 2153 515 2184 sentire
530 2153 607 2194 quid
622 2151 767 2184 criminis
788 2151 840 2190 sit,

99 2196 184 2235 quod
198 2196 240 2227 ad
253 2196 392 2228 dedecus
407 2196 584 2238 perveniat.
616 2196 655 2227 E.

103 2265 107 2267 .
143 2239 194 2270 28.
214 2241 288 2274 Quae
301 2239 370 2281 fert
388 2239 605 2280 adolescentia]
629 2238 767 2270 Veniam
781 2238 839 2270 ad-

99 2280 182 2313 didit
195 2283 313 2320 statim,
329 2291 460 2324 peccata
475 2284 515 2314 ab
529 2282 784 2314 adolescentibus
798 2281 840 2313 ad

100 2323 152 2364 (ob
166 2333 252 2358 recte
262 2326 296 2358 in
310 2327 374 2358 Ma.
387 2327 509 2358 Boend.
522 2333 556 2357 et
570 2327 641 2358 edd.
654 2325 750 2365 vett.)
763 2332 839 2356 aeta-

100 2373 167 2398 tem
182 2370 386 2401 removendo.
418 2370 463 2401 Et
482 2369 555 2401 vide
570 2380 666 2411 quam
689 2368 839 2406 breviter,

100 2412 343 2485 ςιιειιιομιιιὶοε,
364 2424 460 2454 quam
484 2413 689 2455 ignoscenter
713 2412 839 2443 locutus

100 2462 136 2484 ee
222 2477 232 2486 .

145 2496 195 2527 29.
218 2499 268 2529 Ea
291 2510 329 2530 ne
352 2510 397 2531 ne
426 2501 511 2537 celet,
536 2498 701 2540 emundet-i
718 2497 837 2539 filiunt]

100 2538 219 2571 Tribus
239 2541 326 2573 enim
349 2542 469 2574 vivitur
487 2542 600 2580 modis,
621 2549 745 2579 natura,
760 2552 837 2573 con-

100 2583 280 2621 suetudine,
295 2591 328 2615 et
341 2585 475 2616 ratione.
506 2585 549 2617 D.

143 2627 195 2657 30.
211 2628 294 2658 Nan
307 2630 360 2667 qni
372 2630 504 2666 ιιοιιείνί,
517 2627 691 2668 antsallere
710 2630 839 2660 insuerit

94 2669 232 2711 patrem]
255 2670 436 2712 Separatim
449 2671 704 2703 subaudiendum
718 2678 776 2709 est,
789 2683 837 2702 m·

97 2716 203 2751 uerit,
218 2713 295 2754 πρὸς
313 2712 352 2744 τὸ
374 2716 504 2745 mentiri.
534 2714 686 2746 D.—Pro
706 2716 835 2746 insuerit

98 2756 154 2788 alii
169 2757 261 2788 codd.
273 2758 451 2788 insueverit.-
464 2757 550 2798 apud
563 2756 761 2788 Mattianum
770 2757 833 2788 Ca-

97 2799 227 2842 pellam,
251 2810 283 2851 p.
302 2800 372 2831 160.
396 2802 573 2831 instinct-it.
617 2799 683 2830 Sed
704 2809 764 2841 pro
783 2802 832 2831 in·

96 2846 203 2882 uerit,
215 2845 307 2884 cujus
320 2843 423 2874 forma
438 2848 622 2917 repugnat
615 2842 760 2883 sequenti
775 2854 831 2874 αι-

98 2888 191 2925 debit,
216 2896 337 2929 repone
359 2889 406 2918 ita
426 2888 474 2917 ati
492 2888 554 2926 μ,-
645 2896 673 2917 e.
695 2892 733 2917 ut
764 2896 834 2918 nme

99 2936 157 2962 eet.
190 2930 369 2962 vid.Aud.
395 2929 417 2961 i.
443 2930 470 2960 1.
490 2930 542 2961 53.
581 2928 731 2960 Emiv.
756 2930 832 2960 22.

102 2973 221 3007 licant.
237 2985 267 3007 v.
284 2976 313 3006 2.
330 2975 360 3006 4.
384 2973 491 3015 Atque
505 2972 586 3005 illud
594 2975 660 3005 Aut
671 2971 834 3013 sequentis

894 984 1097 1058 versusBdele
1111 995 1185 1016 cum
1206 984 1467 1028 interpunctione
1483 991 1557 1029 post
1573 998 1634 1029 pa·

894 1033 969 1059 trem

937 1072 987 1101 31.
1017 1070 1164 1112 Caeteros]
1190 1071 1275 1108 Quia
1292 1072 1362 1113 jam
1387 1067 1563 1115 deceperit
1576 1083 1635 1116 pa-

894 1120 985 1146 trem.
1018 1115 1060 1145 D.

933 1159 983 1188 32.
1000 1159 1120 1189 Pudore
1131 1163 1162 1189 et
1174 1157 1375 1199 liberalitate]
1391 1160 1521 1197 Pudore,
1537 1159 1577 1190 ad
1593 1159 1630 1191 fi-

889 1200 951 1233 lios
965 1200 1094 1233 retulit:
1119 1203 1313 1239 liberalitate,
1328 1201 1370 1232 ad
1384 1209 1543 1243 parentes.
1566 1202 1631 1234 Ar·

889 1252 1079 1285 gumentum
1101 1255 1120 1275 a
1140 1244 1338 1286 conjugatis:
1362 1247 1557 1283 liberalitate,
1579 1245 1630 1278 in·

890 1287 969 1327 quit,
993 1287 1126 1328 regendi
1151 1295 1244 1319 sunt:
1275 1298 1357 1330 prop
1337 1295 1408 1329 pter
1431 1289 1517 1330 quod
1538 1289 1631 1320 liberi

889 1330 1049 1362 dicuntur.
1076 1332 1307 1362 Liberalitatem
1321 1338 1439 1369 autem,
1456 1332 1633 1364 bonitatem

888 1373 976 1405 dicit.
1006 1374 1046 1405 D.
1047 1375 1211 1404 —Pudm
1225 1379 1257 1405 et
1270 1373 1474 1416 liberalitate]
1491 1375 1631 1407 Menan-

889 1417 963 1448 der:
988 1417 1035 1448 Ον
1056 1417 1107 1447 δεῖ
1119 1415 1272 1448 Madv-ra
1284 1417 1323 1448 τὸ
1510 1417 1630 1459 ὀρθοῦν,

888 1459 993 1491 Ἀλλὰ
1016 1460 1183 1491 πειθοῦννα
1207 1472 1248 1491 τι.
1276 1460 1431 1492 Themist.
1457 1461 1632 1516 Euphrada

891 1504 982 1534 Orat.
994 1512 1023 1534 V.
1036 1502 1117 1534 ωδοῖ
1131 1502 1298 1541 μᾶλλον*
1273 1515 1371 1544 porro
1384 1505 1450 1535 δεῖν
1462 1504 1515 1536 καὶ
1527 1503 1632 1548 εὐνοίᾳ

890 1545 1000 1584 πλέον,
1023 1546 1044 1584 ἦ
1067 1545 1159 1595 φόβῳ
1183 1545 1335 1586 κατέχειν
1362 1546 1436 1579 τοὺς
1466 1546 1630 1585 ὑπηκόους.

893 1589 984 1621 Idem
995 1590 1083 1621 Orat.
1094 1589 1137 1620 xi.
1148 1600 1180 1631 p.
1193 1591 1265 1620 254.
1278 1588 1360 1621 aizoi·
1369 1592 1497 1629 μᾶλλον
1508 1591 1529 1629 ἢ
1538 1590 1630 1632 φόβῃ

889 1632 1059 1674 χρώμενον.
1077 1632 1282 1675 Afraniusap
1283 1632 1372 1664 udA.
1380 1633 1522 1666 Gellium
1533 1634 1628 1667 boet.

889 1677 963 1707 Act.
977 1686 1030 1707 xv.
1056 1677 1104 1707 13.
1126 1677 1207 1707 Hem
1232 1678 1290 1708 isto
1310 1682 1470 1717 parentum
1493 1682 1540 1709 est
1564 1679 1630 1710 vita

888 1722 958 1751 v'la's
973 1721 1096 1755 liberi-u
1125 1721 1185 1751 Ubi
1206 1721 1323 1751 malunt
1342 1722 1444 1759 metui,
1466 1732 1557 1762 qum
1576 1732 1628 1753 ve·

888 1765 951 1794 reri
965 1764 1005 1794 ab
1018 1765 1091 1794 suis.
1123 1762 1159 1793 L.

931 1807 982 1837 33.
995 1807 1136 1837 Retinere
1150 1807 1248 1837 satias
1267 1816 1331 1837 esse
1344 1804 1449 1847 eredo]
1472 1806 1563 1838 Bene
1576 1818 1627 1838 re-

888 1851 993 1887 tinere,
1015 1859 1035 1880 a
1058 1848 1144 1880 vitiis
1165 1848 1306 1880 scilicet:
1342 1858 1418 1880 nam
1442 1848 1520 1880 vitia
1543 1849 1628 1882 filios

887 1899 1016 1927 tenent3
1039 1902 1119 1932 quos
1133 1891 1275 1923 retinent
1292 1898 1411 1934 patres,
1426 1902 1446 1923 a
1461 1891 1549 1924 vitiis
1562 1892 1626 1924 sci-

885 1934 970 1967 licet.
997 1935 1085 1966 Nam
1098 1937 1217 1972 retinet,
1232 1934 1288 1976 qui
1302 1934 1473 1966 adversum
1487 1934 1627 1978 aliquem

887 1985 984 2010 tenet.
1016 1978 1059 2009 D.

926 2023 978 2053 84.
994 2022 1072 2053 Haee
1092 2019 1194 2062 fratri
1217 2031 1328 2052 meeum
1351 2032 1409 2052 nen
1430 2021 1623 2066 conveniant]

885 2065 979 2096 Nova
998 2064 1136 2096 locutio:
1154 2070 1187 2095 et
1201 2062 1306 2105 (Nova
1318 2066 1426 2095 locutio
1435 2070 1482 2096 est
1495 2065 1551 2106 Z.)
1566 2077 1625 2098 non

883 2110 1069 2146 conveniunt,
1094 2117 1154 2149 pro
1178 2117 1244 2138 non
1270 2114 1468 2148 cong-ruunt:
1501 2118 1539 2140 ac
1563 2119 1625 2151 per

884 2151 1008 2188 hoc,1n
1022 2153 1069 2182 hu
1083 2162 1137 2192 ego
1150 2155 1181 2181 et
1183 2149 1290 2190 frater
1302 2151 1503 2189 dissentimus,
1514 2151 1548 2183 id
1563 2159 1623 2192 est,

881 2194 1054 2226 dissimiles
1067 2204 1188 2225 sumus.
1219 2193 1261 2224 D.

925 2239 977 2269 35.
998 2238 1295 2277 Venitadnesaepe,
1310 2235 1486 2278 clamitans]
1502 2236 1620 2270 Etim-

882 2280 1113 2323 pommitatem
1128 2279 1269 2311 odiosam
1285 2279 1435 2317 ostendit,
1451 2282 1493 2312 ad
1509 2291 1555 2313 ne
1569 2281 1621 2313 di-

883 2325 1005 2356 cendo:
1029 2330 1062 2355 et
1086 2322 1283 2355 inconditam
1306 2322 1538 2363 assiduitatem,
1560 2325 1619 2357 ad-

882 2367 988 2399 dendo
1009 2378 1097 2407 saepe.
1135 2367 1180 2398 Et
1193 2376 1344 2407 congrue,
1359 2373 1526 2408 postquam
1540 2378 1620 2409 sepe

881 2411 974 2449 dixit,
996 2409 1113 2451 adjecit
1133 2409 1241 2452 aptius
1262 2410 1406 2447 verbum,
1420 2419 1486 2441 ιιοιι
1507 2409 1619 2444 dicem

880 2456 1022 2491 clamans,
1032 2453 1089 2485 sed
1103 2455 1270 2484 clamitans.
1296 2454 1379 2487 Quid
1391 2453 1616 2503 ᾳςίῃΜῐαἹιὲ]

882 2497 1102 2530 Reminiscere
1126 2495 1308 2534 lectionem,
1335 2502 1369 2527 et
1393 2495 1542 2528 mvenie·
1562 2497 1616 2530 in·

880 2540 1129 2582 terrogationem
1146 2519 1338 2588 buJusmodi,
1353 2538 1406 2570 vel
1425 2538 1619 2575 invectionis

879 2583 1040 2625 principio
1053 2582 1226 2615 convenire
1241 2581 1292 2613 vel
1302 2581 1542 2623 objurgationis.
1570 2583 1615 2617 D.

878 2627 987 2659 —Pro
996 2629 1154 2658 clamitans
1165 2635 1276 2656 versus
1289 2635 1387 2656 eausa
1399 2625 1538 2659 rescribe
1550 2629 1615 2660 cla-

878 2682 972 2708 -ans,
987 2669 1036 2701 uti
1049 2668 1166 2705 infra,
1157 2679 1200 2700 iv.
1216 2668 1245 2701 7.
1262 2668 1293 2699 9.
1320 2668 1359 2699 Β.

918 2714 970 2745 36.
981 2714 1043 2744 Gur
1046 2710 1615 2763 perdisadolesoentae-nobmjllecoe

875 2755 1112 2788 nobisadditum
1124 2762 1182 2792 est,
1195 2761 1229 2785 et
1238 2754 1366 2792 Mimas.
1382 2754 1612 2796 matinen-az·
1654 2790 1655 2793 ,

876 2802 967 2832 triam
988 2800 1082 2835 nobis,
1105 2799 1133 2829 εἰ
1155 2799 1228 2829 Du’s
1248 2799 1360 2838 placet,
1379 2801 1511 2839 pena-it.
1549 2801 1613 2833 Otr

874 2845 982 2874 auat?
1003 2852 1058 2873 eur
1074 2839 1204 2882 potatl]
1226 2840 1311 2872 Vide
1333 2840 1611 2884 quemadmodum,

874 2892 913 2918 ut
927 2884 1014 2926 (dele
1027 2889 1072 2922 nt,
1093 2891 1150 2916 aut
1163 2894 1301 2926 sequens
1314 2895 1404 2926 qua
1419 2884 1473 2927 Z.)
1494 2886 1612 2919 durum

875 2929 1110 2976 objurgatorem
1125 2927 1272 2959 ostendat
1281 2927 1447 2967 Deme-m,
1459 2939 1557 2971 quum
1569 2930 1612 2962 ab

877 2982 915 3003 eo
930 2970 1100 3003 dicanmr'
1091 2981 1125 3002 ιιι
1144 2970 1267 3003 crimen
1280 2971 1397 3010 voe-ri,
1410 2982 1482 3014 quae
1495 2980 1551 3006 aut
1565 2984 1607 3005 a·
