1852 3216
89 158 227 188 scam
247 144 328 200 ιι]

676 142 1010 186 HECYRA.

1526 145 1612 187 509

147 235 352 277 Redisset
371 249 574 290 unquam,
594 240 642 276 ut
661 248 729 276 me
749 233 1006 276 ambulando
1026 241 1258 290 rumperet.

146 300 263 342 PAM.
297 299 418 348 Quid
447 301 624 342 cessas?
684 298 798 342 PAR.
832 299 952 347 Quid
982 300 1044 343 vis
1075 300 1242 343 dicam?
1277 315 1332 343 an
1362 302 1610 353 conveniam

229 366 386 407 modo?

145 432 262 473 ΡΑΜ.
286 431 434 480 Immo,
457 431 574 486 quod
595 431 796 474 constitui
813 446 880 473 me
903 431 1035 473 hodie
1056 440 1363 476 conventurum
1383 448 1495 484 eum,

143 498 247 539 Non
267 512 395 553 posse
413 514 422 538 ε
455 501 508 539 n'e
529 512 596 539 me
617 496 776 539 frustra
794 496 877 540 illic
899 506 1145 553 exspectet:
1177 497 1286 540 vola.

87 572 126 601 25
146 563 258 605 PAR.
281 563 344 605 At
357 578 443 605 non
460 564 559 604 novi
574 563 755 604 hominis
768 562 931 605 faciem.
976 562 1093 604 ΡΑΜ.
1116 564 1180 605 At
1196 564 1347 606 faciam
1363 572 1410 607 ut
1423 565 1609 608 noveris:

144 629 349 684 MagnuS,
371 629 652 679 rubicundus,
676 629 858 683 crispus,
879 643 1066 680 crassus,
1089 630 1256 680 caesius,

145 695 418 736 Cadaverosa
439 694 561 736 facie.
616 694 724 736 PAR.
748 694 823 736 Dii
843 693 958 736 illum
979 695 1195 749 perduint.

143 760 277 810 Quid,
301 762 335 801 si
356 775 440 801 non
462 760 630 802 veniet?
661 775 908 802 maneamne
928 775 1066 814 usque
1087 761 1142 802 ad
1163 763 1418 816 vesperum?

144 825 261 867 PAM.
285 825 487 867 Maneto:
520 840 658 867 curre.
712 825 824 867 PAR.
849 826 953 867 Non
974 841 1111 881 queo:
1144 827 1203 868 ita
1225 826 1423 869 defessus
1445 842 1551 870 sum.

87 900 128 929 30
146 890 263 932 PAM.
285 890 361 932 llle
381 892 507 932 abiit:
539 891 643 946 quid
664 905 787 945 agam
806 891 981 933 infelix?
1012 906 1190 947 prorsus
1209 893 1353 934 nescio

145 957 247 1004 Quo
267 964 393 1012 pacto
414 956 496 998 hoc
514 956 661 1007 celem,
683 957 800 1012 quod
821 971 887 998 me
908 957 1043 998 oravit
1064 956 1305 1012 Myrrhina,

84 1050 212 1079 redisset
224 1047 368 1088 unquam]
383 1048 499 1078 Facete
512 1046 603 1077 dixit.
637 1047 730 1078 More
740 1046 826 1078 enim

86 1091 146 1122 hoc
161 1092 197 1122 fit
209 1101 328 1128 eorum,
345 1090 409 1131 qui,
426 1090 530 1131 longis
544 1089 714 1121 itineribus
730 1090 827 1121 maris

85 1134 268 1175 periclitati,
285 1140 401 1165 vovent
417 1134 548 1174 aliquid,
566 1133 592 1164 si
608 1133 825 1175 pervenerint.

88 1178 131 1208 Et
154 1177 304 1208 convenit
327 1177 386 1208 hoc
410 1177 588 1219 Pamphilo,
612 1187 706 1217 quem
730 1187 827 1218 supra

85 1220 169 1251 male
185 1221 352 1261 navigasse
375 1220 528 1251 audierat.
562 1220 759 1251 D.--Perii!
776 1231 824 1251 vo-

84 1266 161 1295 visse
183 1266 260 1294 hunc
281 1266 388 1299 dicam,
405 1267 432 1294 si
453 1266 549 1294 salvos
563 1265 678 1294 domum
700 1265 827 1294 redisset

85 1318 224 1347 uuquam,
241 1313 275 1338 ut
296 1319 341 1337 me
363 1309 542 1338 ambulando
563 1305 729 1347 rumperet]
746 1307 827 1342 Quae

87 1351 285 1381 consuetudo
308 1357 356 1381 est
378 1351 412 1381 in
436 1350 536 1381 mari:
568 1360 642 1380 nam
669 1360 743 1380 cum
765 1360 822 1391 pe-

85 1393 277 1430 riclitantur,
316 1400 353 1424 ut
389 1393 562 1434 plurimum
601 1392 729 1433 aliquod
766 1403 822 1424 vo-

88 1445 156 1467 tum
179 1437 355 1479 proferunt,
380 1436 407 1467 si
430 1436 510 1467 salvi
535 1444 651 1467 terram
675 1436 823 1467 viderint.

131 1525 180 1554 22.
196 1523 328 1558 Quidvis
338 1525 435 1553 dicam
443 1526 459 1553 ‚⁷
481 1535 519 1553 an
529 1525 696 1554 conveniam
705 1524 788 1553 modo
795 1522 827 1563 ?]

89 1567 163 1597 Non
176 1567 262 1597 enim
278 1566 485 1597 mandaverat
496 1566 675 1607 quicquam,
692 1565 746 1606 qui
759 1565 829 1596 sine

86 1621 182 1641 causa
204 1610 360 1646 mittebat,
385 1609 502 1640 oblitus
523 1610 604 1640 bene
627 1609 828 1640 dissimulare

88 1654 212 1692 (oblitus
225 1664 309 1693 paene
323 1664 354 1683 se
369 1655 510 1683 simulare
531 1652 593 1692 Ζ.),
611 1659 647 1683 ut
661 1652 716 1693 qui
735 1662 825 1682 men-

87 1697 221 1727 tiuntur.
269 1697 311 1727 Et
332 1695 378 1726 sic
401 1695 678 1737 pronunciandum
701 1707 740 1726 (m
756 1707 824 1726 con-

86 1742 201 1771 veniam
216 1742 299 1770 modo
311 1742 326 1770 ?
350 1746 386 1770 ut
401 1739 636 1781 reprehendere
660 1739 825 1770 dominum

89 1783 247 1813 Parmeno
257 1782 411 1813 videatur.
451 1785 499 1813 An
515 1785 685 1814 conveniam
699 1784 783 1813 modo
792 1781 824 1822 ?]

88 1825 256 1866 Εἶρωνικῶς
273 1826 364 1856 dixit.
411 1826 495 1856 Nam
518 1836 582 1856 uon
605 1825 665 1856 hoc
687 1825 824 1856 interro-

87 1869 194 1911 gantis
210 1868 407 1910 simpliciter.
442 1869 482 1899 D.

131 1914 182 1943 23.
199 1914 262 1943 Imo
277 1914 356 1953 quod
370 1915 510 1943 constitui
529 1923 574 1943 me
591 1910 694 1952 hodie]
714 1912 826 1949 Deest,

87 1958 197 1986 nuncia
209 1969 221 1991 ,·
244 1962 280 1986 ut
294 1955 346 1992 sit,
365 1956 436 1986 Imo
451 1955 578 1986 nuncia.
624 1955 669 1986 Et
689 1955 826 1986 sumitur

87 2010 106 2030 a
130 1998 288 2041 superiori
312 1998 481 2035 sententia,
498 2009 560 2038 qua
575 1997 667 2036 dixit,
686 1998 769 2033 Quid
782 2000 827 2029 vis

87 2045 185 2074 dicam
198 2045 213 2073 ?
237 2044 300 2073 Imo
315 2044 393 2083 quod
407 2044 549 2072 constitui
568 2053 612 2072 me
632 2041 734 2083 hodie]
755 2042 824 2083 Ap-

87 2093 180 2127 paret
199 2096 272 2116 eum
294 2085 376 2116 hanc
391 2085 615 2125 conquisitam,
631 2091 664 2116 et
685 2085 739 2116 vix
755 2095 824 2116 cor-

87 2139 190 2160 rasam
206 2129 369 2159 invenisse
385 2138 523 2159 causam.
557 2129 597 2159 D.

131 2174 181 2203 24.
199 2171 288 2212 Vola]
305 2171 415 2213 Ἠθικῇ
430 2171 591 2212 ὑπερβολῇ
605 2182 681 2202 usus
693 2178 750 2203 est.
777 2172 828 2203 Ita

86 2226 205 2252 curras,
222 2222 259 2246 ut
275 2216 380 2246 volare
401 2215 511 2255 magis,
525 2225 619 2255 quam
634 2225 762 2246 currere
778 2215 826 2245 vi-

87 2259 202 2290 dearis.
248 2259 291 2289 Et
313 2265 406 2289 antea
431 2265 649 2289 transcurrere
668 2260 825 2298 jusserat:

86 2312 172 2333 nunc
196 2302 314 2341 adjecit
332 2301 477 2343 imperio.
523 2302 608 2332 Nam
625 2301 755 2342 (adjecit
771 2312 828 2341 pro

86 2348 211 2385 imperio
225 2344 352 2386 domini)
369 2355 432 2375 non
449 2356 545 2381 curre,
562 2344 618 2376 sed
633 2347 707 2375 vola.
742 2345 821 2375 D.—

89 2389 152 2419 Pro
169 2390 242 2426 illic,
259 2389 343 2429 quod
366 2388 471 2419 versui
495 2394 664 2429 repugnat,
682 2388 826 2419 Faernus

87 2438 174 2462 recte
187 2431 327 2462 correxit
341 2433 397 2462 illi.
430 2432 464 2462 B.

132 2475 182 2504 25.
200 2477 243 2504 Ae
258 2486 314 2504 non
329 2477 396 2505 novi
411 2476 535 2505 hominis
542 2472 673 2514 faciem]
692 2473 827 2505 Moralis

89 2517 253 2558 expressio
278 2517 415 2558 pigritiae
440 2517 475 2548 in
497 2524 546 2548 tot
567 2517 826 2548 excusationibus

88 2560 193 2601 posita
209 2568 264 2591 est.
310 2562 354 2590 At
368 2559 484 2600 faciam
501 2566 536 2591 ut
550 2560 681 2601 noveris]
700 2561 825 2591 Stoma-

88 2604 184 2634 chose
200 2603 477 2644 pronunciandum
492 2606 537 2634 At
548 2616 560 2638 ,·
582 2604 667 2644 quod
683 2610 716 2634 et
732 2604 824 2634 Pam-

88 2646 196 2688 philus
220 2645 338 2687 repetit
359 2645 479 2683 dicens,
501 2648 545 2677 At
559 2645 677 2686 faciam
692 2652 725 2677 ut
740 2658 826 2678 nove-

88 2693 142 2721 ris.
177 2690 216 2720 D.

133 2733 182 2763 26.
201 2734 343 2772 Magnus,
360 2733 552 2768 rubicundus,
569 2734 694 2771 crispus,
710 2734 826 2769 casius,

87 2775 223 2816 crassus]
263 2774 459 2816 Properatio‚
498 2773 720 2814 συναθροισμός
741 2786 749 2804 2
795 2781 828 2805 et

87 2830 203 2851 acervo
217 2818 287 2850 siue
297 2817 500 2858 conjunctivo
514 2824 562 2848 est
575 2827 660 2848 usus.
684 2819 827 2857 Magnus,

86 2861 290 2902 rubicundus]
317 2861 470 2902 Imperite
492 2860 680 2891 Terentium
695 2860 735 2891 de
753 2860 826 2902 My-

86 2906 181 2938 conio
195 2906 336 2946 crispum
350 2903 470 2935 dixisse
482 2903 582 2940 aiunt,
598 2914 670 2934 cum
693 2903 825 2945 Apollo-

87 2949 184 2982 dorus
213 2949 338 2979 calvum
368 2946 507 2978 dixerit:
546 2946 630 2987 quod
659 2946 826 2988 proprium

90 2991 238 3034 Mycenis
259 2999 324 3023 est:
349 2997 384 3022 ut
410 2989 563 3028 Lucilius,
591 2991 714 3031 Myconi
740 2991 826 3021 calva

869 1049 962 1078 omnis
968 1047 1123 1087 juventus.
1169 1047 1264 1079 Unde
1287 1048 1382 1079 etiam
1406 1050 1612 1090 proverbium

869 1091 1018 1122 Graecum
1046 1090 1207 1123 Μυκώνιος
1236 1091 1406 1132 φαλακρός.
1453 1093 1517 1124 Sed
1551 1104 1612 1135 ego

870 1133 1057 1164 Terentium
1085 1141 1162 1175 puto
1193 1135 1348 1167 scientem
1374 1135 1508 1167 facetius
1536 1137 1610 1179 My-

869 1177 996 1208 conium
1022 1177 1162 1218 crispum
1187 1177 1316 1209 dixisse.
1364 1179 1492 1220 Caesius]
1510 1180 1611 1211 Glau-

869 1220 916 1251 cis
946 1220 1055 1254 oculis.
1080 1221 1169 1261 quasi
1199 1221 1270 1252 felis
1293 1221 1401 1252 oculos
1430 1222 1551 1254 habens
1579 1229 1613 1255 et

869 1263 1006 1304 glaucos.
1047 1264 1265 1305 D.-Caesius]
1283 1265 1394 1296 Oculis
1417 1266 1509 1297 tortis
1531 1277 1611 1308 pau-

873 1306 948 1337 lum.
979 1307 1016 1337 E.

910 1350 960 1382 27.
980 1352 1166 1381 Cadaverosa
1173 1349 1276 1391 facie]
1295 1351 1470 1390 Sublivida,
1483 1362 1520 1383 ac
1535 1363 1610 1394 per-

867 1399 979 1424 sonata
994 1394 1108 1424 rubore
1124 1401 1155 1424 et
1172 1394 1282 1425 livore.
1323 1395 1509 1426 Rubicundi
1524 1396 1612 1428 enim

869 1442 901 1467 et
916 1437 1103 1467 crassiorem
1124 1437 1237 1468 faciem
1259 1447 1343 1478 saepe
1366 1438 1502 1469 liabent:
1526 1439 1614 1479 quod

875 1487 924 1510 est
944 1479 1108 1521 proprium
1132 1480 1305 1511 cadaveris.
1351 1481 1463 1512 Potest
1485 1489 1518 1513 et
1539 1482 1612 1524 pul-

872 1533 950 1564 posa
965 1523 1102 1563 intelligi
1119 1530 1151 1554 et
1169 1534 1284 1561 crassa,
1301 1523 1391 1565 quasi
1409 1525 1612 1564 cadaverosa,

872 1577 941 1597 caro
955 1566 1042 1597 enim
1058 1567 1143 1597 dicta
1156 1573 1213 1604 est,
1228 1577 1267 1597 eo
1276 1567 1360 1608 quod
1373 1575 1481 1599 careat
1494 1568 1612 1600 anima.

874 1609 917 1639 Et
926 1621 997 1640 caro
1011 1609 1141 1651 proprie
1154 1609 1272 1641 dicitur
1288 1617 1496 1642 mortuorum.
1521 1612 1611 1654 Virg.

870 1653 929 1683 Ge.
946 1652 988 1683 iv.
1007 1654 1078 1683 255.
1121 1654 1196 1684 Tum
1218 1664 1342 1693 corpora
1369 1656 1433 1685 luce
1449 1660 1611 1687 carentum.

871 1695 966 1726 Unde
981 1698 1135 1736 carnifices
1156 1695 1244 1733 dicti,
1261 1697 1345 1737 quod
1361 1707 1474 1728 carnes
1492 1708 1534 1729 ex
1553 1699 1612 1730 ho·

870 1738 956 1770 mine
972 1738 1099 1770 faciant.
1138 1741 1238 1780 Pulpa
1253 1750 1328 1771 vero
1343 1740 1474 1782 proprie
1488 1751 1527 1773 ea
1541 1752 1613 1783 quae

869 1782 1090 1819 manducatur,
1107 1793 1145 1814 eo
1158 1783 1242 1824 quod
1255 1783 1402 1824 pulsetur
1417 1791 1450 1815 et
1464 1785 1612 1816 conscin-

869 1825 971 1856 datur.
1019 1826 1129 1857 Potest
1145 1833 1177 1857 et
1192 1828 1222 1857 R
1241 1837 1300 1868 pro
1322 1828 1352 1858 D
1368 1827 1465 1868 poni:
1490 1835 1527 1859 ut
1541 1839 1612 1860 caro

869 1869 912 1900 sit
937 1869 1024 1900 dicta
1045 1869 1135 1910 quasi
1158 1871 1253 1900 cado.-
1284 1876 1320 1900 ut
1347 1870 1436 1911 Virg.
1463 1870 1540 1902 AEn.
1567 1871 1611 1904 vi.

870 1913 942 1943 481.
983 1914 1113 1953 belloque
1143 1914 1250 1943 caduci
1282 1914 1490 1945 Dardanides:
1524 1914 1610 1956 quod

865 1957 933 1996 jam
956 1955 1079 1986 scilicet
1094 1955 1164 1986 sine
1179 1955 1287 1986 anima
1303 1955 1345 1986 sit
1361 1962 1392 1987 et
1407 1956 1508 1988 cadat.
1554 1959 1612 1990 Dis·

869 2001 954 2030 illum
966 1998 1127 2039 perduint]
1147 1999 1240 2029 More
1254 1998 1417 2040 pigrorum
1429 2000 1512 2031 male
1521 2007 1613 2042 optat

869 2041 908 2077 ei.
933 2049 1066 2084 propter
1088 2052 1182 2083 quem
1205 2042 1353 2073 mittitur.
1386 2043 1611 2076 D.—Cadave-

869 2097 939 2116 rosa
954 2084 1056 2126 facie]
1082 2085 1191 2116 Sidon.
1213 2085 1319 2126 Apoll.
1339 2085 1393 2116 lib.
1410 2085 1478 2117 xiii.
1503 2087 1609 2129 Epist.

871 2130 899 2159 3.
946 2131 1102 2159 Sordidior
1116 2134 1161 2160 est
1177 2133 1267 2169 atque
1282 2127 1442 2170 deformior
1467 2132 1611 2163 cadavere

869 2174 976 2212 rogali.
1009 2172 1194 2203 L.—Recte
1213 2172 1323 2203 Bemb.
1341 2178 1374 2203 et
1392 2173 1538 2205 Donatus
1551 2184 1612 2216 pro

870 2214 994 2256 vulgari
1006 2214 1108 2254 facies
1123 2215 1243 2246 habent
1253 2214 1340 2255 facie
1349 2228 1360 2250 ,-
1384 2222 1416 2247 et
1431 2215 1499 2247 haec
1514 2217 1612 2249 verba

870 2268 935 2289 non
959 2258 1163 2295 Parmenoni‚
1186 2257 1242 2288 sed
1265 2258 1434 2300 Pamphilo
1457 2259 1619 2292 tribuunt..

871 2302 917 2332 At
931 2303 1118 2332 Cadaverosa
1131 2301 1289 2343 displicet,
1300 2302 1374 2342 quia
1390 2312 1408 2332 a
1421 2303 1612 2336 cadaverum

869 2344 980 2382 forma,
997 2355 1067 2385 quae
1082 2345 1171 2376 varia
1186 2352 1219 2375 et
1233 2344 1356 2375 incerta
1370 2352 1428 2382 est,
1443 2345 1540 2378 facies
1555 2347 1611 2379 de·

870 2387 956 2419 finiri
973 2387 1093 2428 nequit.
1142 2387 1247 2429 Igitur
1268 2398 1389 2429 repone
1403 2389 1609 2430 Lentiginosa.

871 2431 924 2462 Sic
940 2431 1025 2472 apud
1042 2431 1112 2462 Val.
1132 2431 1220 2462 Max.
1237 2430 1257 2461 i.
1277 2431 1305 2463 7.
1330 2431 1405 2462 Ext.
1423 2432 1452 2463 6.
1474 2443 1506 2463 os
1520 2434 1611 2466 tenu·-

867 2477 1003 2514 ginosum
1020 2474 1167 2505 occurrit.
1200 2474 1248 2505 Cf.
1270 2474 1388 2505 Donat.
1405 2475 1446 2506 ad
1468 2475 1552 2508 Eun.
1567 2477 1610 2510 iv.

914 2562 964 2591 28.
984 2560 1067 2595 Quid
1080 2562 1107 2591 si
1129 2571 1186 2591 non
1201 2559 1315 2601 veniet]
1333 2561 1450 2592 Omnia
1465 2561 1553 2601 dicit,
1569 2574 1611 2597 ne

871 2611 931 2634 eat.
969 2605 1094 2634 Maneto
1106 2615 1116 2633 :
1146 2603 1250 2644 curre]
1283 2603 1391 2635 Etiam
1423 2604 1612 2648 Pamphilus

871 2654 1022 2688 tanquam
1050 2646 1090 2677 de
1113 2646 1272 2677 industria
1298 2655 1492 2688 perseverat.
1539 2651 1612 2684 Non

871 2701 964 2730 queo:
987 2692 1032 2720 ita
1054 2689 1186 2729 defessus
1207 2688 1287 2730 sum]
1314 2690 1386 2721 Hoc
1409 2690 1443 2722 in
1465 2699 1558 2733 gestu
1577 2701 1618 2727 et.

870 2732 1053 2774 spectaculo
1067 2732 1140 2775 plus
1153 2739 1219 2768 est;
1243 2742 1317 2763 nam
1332 2733 1476 2766 incessus
1486 2742 1520 2767 et
1533 2747 1609 2770 auc-

871 2782 921 2806 tor
943 2774 1049 2816 (t'orte,
1080 2778 1196 2806 incessu
1219 2780 1249 2806 et
1277 2776 1430 2819 anhelitu)
1457 2780 1610 2822 exprimit

869 2818 1101 2850 lassitudinem.
1137 2818 1330 2860 D.-Usque
1350 2822 1393 2851 ad
1412 2831 1563 2863 vesperum
1572 2825 1607 2868 Ρ]

872 2861 981 2902 Usque
995 2861 1035 2892 ad
1051 2867 1186 2893 noctem.
1226 2862 1264 2893 E.

913 2906 963 2935 30.
990 2906 1046 2935 Ille
1069 2903 1162 2945 abiit]
1187 2905 1289 2940 Quasi
1316 2905 1411 2945 dicat,
1437 2907 1527 2941 licet·
1537 2912 1607 2952 jam

868 2947 965 2988 loqui.
1003 2949 1061 2979 Ille
1082 2947 1177 2989 abiit]
1200 2948 1301 2984 Quasi
1321 2959 1396 2981 cum
1419 2950 1606 2988 difficultate

868 2990 1059 3032 completam
1071 3001 1139 3023 rem
1155 2991 1294 3025 ostendit
1313 2993 1374 3025 hoc
1388 2993 1483 3028 dicto.
1519 2997 1561 3030 D.
