1852 3216
107 177 243 206 sceNA
265 163 344 218 1v.]

658 161 1071 206 EUNUCHUS.

1531 173 1536 178 “
1547 167 1631 209 237

164 254 207 296 O
240 253 465 296 scelestum
498 254 835 296 Parmenonem!
878 253 951 308 qui
982 253 1110 294 istum
1139 252 1225 296 huc
1255 254 1451 296 adduxit.
1496 235 1631 299 *PAR.

244 318 363 367 Quid
385 327 452 361 est
470 321 487 361 ’ἐ

161 384 243 426 ΡΥ.
259 383 442 426 Miseret
454 399 520 427 me
536 402 544 426 :
577 385 721 441 itaque
740 391 786 426 ut
798 399 851 426 ne
867 384 1070 432 viderem,
1085 385 1239 427 misera
1252 385 1338 428 huc
1354 385 1489 442 effugi
1501 386 1630 430 foras.

162 449 275 498 Quae
291 449 435 491 futura
449 449 645 506 exempla
657 451 806 493 dicunt
818 450 966 492 ineum
981 450 1156 505 indigna
1171 452 1188 492 2
1223 450 1336 493 PAR.
1352 451 1395 493 O
1411 451 1631 508 «Iuppiter,

106 523 146 553 25
164 515 276 564 Quae
306 515 413 558 illaec
433 517 647 559 turba’st?
677 530 877 558 numnam
896 530 979 570 ego
1008 515 1146 570 perii?
1177 515 1329 558 adibo:
1371 517 1475 572 quid
1504 517 1631 569 istuc,

247 580 425 636 Pythias
442 583 459 623 2

162 646 281 694 Quid
296 647 356 688 ais
369 649 386 689 ’ἒ
417 648 460 689 in
476 662 603 703 quem
619 647 815 703 exempla
828 646 962 688 fient?
1004 646 1088 688 ΡΥ.
1107 646 1307 702 Rogitas,
1321 648 1632 692 audacissime?

162 711 397 754 Perdidisti
415 713 556 763 istum,
579 728 706 768 quem
727 713 909 755 adduxti
928 727 1008 768 pro
1029 712 1228 754 eunucho
1247 712 1631 765 adolescentulum,

163 777 282 819 Dum
313 778 461 820 studes
489 778 592 820 dare
623 779 755 820 verba
785 778 922 820 nobis.

246 843 460 886 factum'st
477 846 494 885 2
525 844 648 886 cedo·

989 777 1102 820 PAR.
1138 777 1258 826 Quid
1288 779 1381 821 ita?
1423 787 1498 822 aut
1528 780 1634 836 quid

162 909 245 952 ΡΥ.
269 910 422 952 Dicam
441 927 451 952 ε
483 910 688 966 virginem
707 911 845 960 istam,
866 908 1028 950 Thaidi
1049 925 1146 964 quae
1175 910 1305 953 hodie
1326 912 1441 953 dono
1462 911 1632 962 data’st,

105 975 256 1018 auseis
296 991 389 1018 eam
426 975 525 1018 binc
566 976 699 1018 civem
730 973 842 1025 esse,
878 982 923 1016 et
962 975 1139 1016 fratrem
1175 977 1269 1031 ejus
1309 991 1404 1019 esse
1440 977 1633 1032 apprime

245 1040 431 1083 nobilem
443 1043 460 1083 ’ἐ

161 1105 273 1148 PAR.
289 1106 463 1148 Nescio.
508 1106 592 1148 ΡΥ.
605 1105 744 1162 Atqui
757 1106 817 1148 sic
829 1106 1078 1148 inventa’st:
1111 1121 1205 1148 eam
1219 1106 1301 1148 iste
1314 1107 1477 1149 vitiavit
1488 1108 1631 1150 miser.

160 1170 235 1214 Ille
256 1172 331 1214 ubi
350 1172 521 1215 rescivit
540 1171 699 1214 factum
720 1171 853 1214 frater
870 1170 1214 1214 violentissimus.

102 1328 196 1358 quam
222 1317 318 1349 irasci
344 1317 384 1349 ei.
427 1318 576 1349 D.—Pro
601 1319 687 1348 deum
707 1316 841 1357 fideml]

103 1361 191 1393 Dum
213 1361 418 1403 progreditur
439 1360 582 1402 Pythias,
605 1360 700 1401 fingit
719 1359 843 1391 adoles-

102 1411 229 1435 centem
255 1404 419 1435 chaeream
444 1404 532 1435 intus
558 1410 698 1445 captum,
725 1410 761 1434 et
784 1413 844 1445 pro

103 1447 228 1478 moeeho
254 1447 499 1488 deprehensum,
527 1457 589 1487 quo
613 1446 737 1478 facilius
764 1446 842 1477 Par-

103 1501 198 1521 meno
207 1496 373 1521 terreatur.
399 1490 606 1522 E.—Omnes
614 1489 698 1527 libri,
710 1497 845 1531 excepto

106 1533 271 1570 Bembino,
302 1533 468 1570 collocant,
502 1535 583 1564 Proh
614 1535 700 1564 deum
729 1535 822 1572 fidem
834 1546 844 1564 .-

103 1583 198 1608 recte.
224 1576 355 1607 Servius
370 1576 410 1608 ad
424 1577 498 1607 AEn.
516 1576 549 1607 ii.
567 1578 638 1607 502.
656 1576 702 1608 sic
717 1576 843 1607 laudat:

104 1621 184 1651 Proh
199 1621 285 1651 deum
300 1626 390 1661 atque
406 1622 553 1651 hominum
567 1622 669 1660 fldem.
709 1619 845 1650 B.—Ab

103 1663 163 1694 hoc
179 1673 275 1694 versu
292 1673 407 1694 novam
423 1673 538 1694 exorsa
552 1670 602 1694 est
623 1673 752 1695 scenam
776 1663 843 1693 Da-

105 1706 200 1737 ceria.
234 1706 269 1737 Z.

147 1750 197 1780 22.
216 1751 403 1781 Oecelestum
419 1751 632 1780 Parmenonem
642 1748 673 1790 l]
692 1749 738 1780 Ut
748 1749 846 1780 verba

105 1799 190 1829 sunt,
218 1792 315 1834 periit
351 1792 493 1834 profecto
523 1792 621 1823 miser
650 1792 844 1830 adolescens,

104 1846 201 1876 quum
217 1836 251 1866 in
267 1835 379 1866 eodem
395 1842 526 1877 peccato
547 1835 696 1866 irascitur
712 1836 842 1866 Parme-

105 1879 182 1909 noni
200 1878 341 1920 Pythias,
358 1889 421 1909 non
438 1878 588 1910 Chaereae.
621 1879 662 1909 D.

147 1924 198 1953 23.
221 1923 350 1953 Miseret
370 1921 431 1963 me]
459 1922 538 1952 Haec
556 1921 664 1952 omnia
678 1921 770 1962 quasi
792 1931 843 1952 se-

103 1976 177 1996 cum
198 1965 359 2006 loquitur:
385 1973 418 1996 et
438 1965 531 2006 fingit
553 1975 588 1996 se
610 1965 744 2002 nescire,
761 1964 845 2005 quod

104 2009 233 2039 assistat
248 2009 416 2039 Parmeno.
449 2009 490 2039 D.

147 2053 196 2082 24.
224 2053 298 2085 Quae
310 2050 424 2091 sutura
445 2054 579 2092 exempla
599 2054 704 2082 dicunt
725 2053 757 2082 in
779 2062 844 2082 eum

102 2097 229 2136 indigna
241 2094 273 2136 ?]
287 2096 411 2126 Graves
427 2105 539 2136 poenae,
553 2106 624 2135 quae
636 2100 771 2136 possunt
782 2105 843 2125 cae-

103 2138 181 2169 teris
208 2139 401 2169 documento
424 2149 503 2175 esse,
527 2140 661 2178 exempla
682 2138 842 2169 dicuntur.

103 2183 142 2212 In
156 2193 221 2212 eum
233 2184 358 2222 indIgna
368 2181 400 2222 ?]
417 2181 517 2212 Modo
532 2192 590 2223 per
603 2183 738 2221 indigna,
752 2181 844 2218 foeda,

103 2225 307 2266 crudeliaque
322 2225 491 2265 significat.
538 2224 584 2255 Ut
604 2224 694 2265 Virg.
712 2224 754 2255 vi.
774 2225 844 2254 162.

104 2273 236 2308 —atque
260 2270 308 2299 illi
331 2270 482 2299 Misenum
507 2270 540 2298 in
565 2270 665 2299 littore
686 2270 773 2305 sicco,
805 2269 847 2298 Ut

103 2322 216 2348 venere,
232 2314 335 2342 vident
353 2314 480 2352 indigna
494 2316 586 2342 morte
598 2317 772 2351 peremtum.
804 2311 844 2342 D.

103 2354 267 2395 Exempla]
281 2356 456 2395 Exemplum
467 2354 546 2386 dicit
557 2365 687 2396 gravem
703 2364 843 2396 poenam,

105 2396 226 2428 scilicet
242 2408 312 2438 quae
327 2398 451 2429 caeteris
466 2408 536 2429 esse
558 2397 660 2440 possit
673 2398 714 2428 ad
733 2408 842 2428 exem-

105 2439 194 2481 plum
207 2452 215 2471 ε
238 2451 312 2472 nam
328 2441 406 2472 alias
421 2441 508 2479 dicit,
525 2446 648 2482 uterque
661 2444 693 2472 in
708 2447 736 2472 te
745 2452 842 2472 exem-

103 2485 157 2522 pla
168 2485 265 2514 edent.
294 2484 333 2515 E.

150 2527 200 2557 25.
226 2525 300 2560 Qua
314 2529 378 2558 illic
393 2530 482 2558 turba
494 2527 578 2568 εκεῖ]
591 2527 672 2563 Quae
684 2526 843 2567 loquitur:

105 2576 162 2599 aut
176 2579 270 2609 quam
285 2576 425 2601 ostentat
439 2581 481 2601 ex
495 2570 587 2602 vultu
601 2581 638 2601 ac
658 2570 752 2601 dictis
768 2571 843 2609 (An,

105 2623 193 2651 quam
209 2614 340 2652 loquitur
349 2615 365 2643 ,⁹
387 2624 436 2651 an,
449 2625 537 2654 quam
548 2619 679 2645 ostentat
687 2625 724 2645 ez·
734 2615 818 2644 vultu
828 2617 844 2645 ?

107 2655 170 2686 Ms.
197 2655 268 2695 H.),
291 2655 348 2687 sed
369 2663 511 2698 apparet,
534 2657 657 2688 vultum
676 2657 727 2697 (ex
748 2659 842 2694 vultu,

106 2698 170 2729 Ms.
204 2698 258 2738 B.)
288 2698 411 2740 Pythiae
437 2700 562 2730 turbam
588 2699 714 2735 dicere;
747 2706 784 2731 ut
808 2700 844 2731 in

105 2741 238 2778 Andria,
263 2743 324 2772 Sed
337 2743 411 2782 quid
431 2744 622 2781 Pamphilum
643 2745 844 2774 exanimatum

104 2787 188 2815 video
200 2788 216 2815 ?
244 2786 352 2815 Vereor
367 2786 441 2826 quid
454 2787 512 2816 siet
525 2797 536 2815 .·
558 2787 686 2825 operiar,
703 2791 737 2816 ut
751 2788 844 2817 sciam

102 2839 190 2866 nunc,
220 2830 363 2869 quidnam
391 2830 454 2859 haec
469 2830 560 2859 turba
591 2830 726 2859 tristitia·
755 2828 842 2870 adse·

103 2877 162 2902 rat.
196 2871 236 2902 D.

146 2915 197 2945 26.
223 2916 358 2955 Rogitas,
380 2916 578 2945 audacissime
588 2913 621 2955 .⁹]
645 2914 761 2945 Totum
783 2915 844 2946 hoc

105 2957 246 2989 terribile
261 2965 310 2989 est
331 2958 366 2988 in
388 2966 480 2998 gestu
495 2968 531 2988 ac
548 2957 638 2989 vultu
662 2957 795 2999 Pythiae,
810 2965 843 2989 et

105 3001 200 3033 nimis
215 3001 367 3033 usitatum
384 3009 417 3032 et
430 3001 612 3032 femineum.
645 3001 686 3032 D.

931 1318 981 1349 27.
1005 1319 1175 1349 Perdidisti
1190 1320 1290 1355 istum,
1306 1330 1391 1359 quem
1403 1321 1544 1356 adduxti,
1556 1319 1632 1361 eta]

887 1360 1073 1391 Artificiose
1100 1371 1165 1391 non
1186 1367 1325 1398 accusat,
1349 1361 1426 1402 quid
1451 1363 1635 1404 peccaverit

887 1403 1041 1434 adversus
1063 1403 1229 1441 Thaidem,
1253 1404 1345 1445 quasi
1368 1415 1410 1436 ex
1437 1416 1534 1447 poena
1555 1406 1632 1437 ado-

887 1445 1038 1478 lescentis
1053 1447 1126 1488 plus
1141 1447 1257 1485 doleat,
1270 1458 1365 1488 quam
1381 1448 1538 1480 irascatur
1553 1449 1632 1481 Par-

888 1490 1028 1520 menoni.
1062 1491 1103 1521 D.

932 1534 983 1564 28.
1007 1535 1088 1564 Dum
1102 1536 1205 1566 studes
1219 1537 1292 1565 dare
1308 1536 1398 1565 verba
1412 1534 1514 1576 nobiS]
1533 1535 1635 1573 Bene,

887 1578 989 1607 studes
1014 1578 1088 1608 dare
1103 1590 1113 1608 .·
1136 1588 1241 1618 neque
1264 1577 1351 1608 enim
1375 1577 1503 1609 dedisti.
1552 1581 1635 1613 Quid

888 1621 933 1650 ita
943 1619 976 1660 ἒ]
1003 1620 1105 1651 Deest
1128 1624 1226 1653 dicis:
1261 1626 1297 1652 ut
1325 1620 1377 1659 sit,
1408 1621 1492 1656 Quid
1514 1624 1560 1653 ita
1583 1624 1632 1653 di-

888 1665 957 1693 cis?
988 1663 1029 1694 D.

931 1707 982 1737 29.
1021 1706 1207 1743 Collocatio,
1242 1709 1328 1738 hodie
1363 1719 1439 1748 quae,
1470 1707 1634 1740 codicibus

886 1750 1051 1790 probatur,
1068 1756 1102 1781 et
1122 1750 1296 1791 gratiorem
1313 1750 1411 1782 efficit
1426 1761 1563 1782 versum.
1593 1751 1633 1783 B.

932 1794 982 1823 30.
1021 1795 1087 1824 Scis
1116 1805 1181 1824 eam
1210 1795 1280 1824 hinc
1309 1796 1401 1825 civem
1430 1793 1511 1834 esse]
1543 1797 1633 1833 Eam,

888 1836 1049 1867 abundat:
1074 1836 1342 1876 quemadmodum
1357 1847 1464 1878 supra,
1485 1839 1582 1870 Quam
1596 1837 1632 1869 a-

888 1881 991 1909 mabat
1011 1881 1165 1919 virginem,
1188 1890 1253 1910 eam
1273 1878 1386 1919 confeci
1402 1882 1466 1911 sine
1486 1882 1632 1912 molestia.

888 1923 932 1952 Et
948 1921 1014 1962 ejus
1020 1921 1154 1962 fratrem
1169 1924 1304 1961 apprime
1317 1924 1443 1954 nobilem
1453 1922 1485 1964 ?]
1502 1923 1583 1955 Haec
1592 1924 1634 1956 ad

889 1971 1044 1995 terrorem
1071 1972 1104 1996 et
1130 1965 1267 2006 gratiam
1292 1973 1386 1996 aucta
1415 1973 1500 1997 sunt.
1546 1967 1633 1999 Nam

887 2007 993 2049 primo
1015 2010 1161 2048 virginem
1183 2008 1300 2050 posuit,
1322 2015 1395 2050 post
1407 2012 1509 2047 civem,
1524 2010 1566 2041 ad
1581 2010 1631 2042 ul-

887 2051 1002 2081 timum
1018 2053 1125 2082 nobilis
1139 2063 1275 2083 sororem.
1314 2052 1467 2084 D.—Scis
1481 2056 1572 2084 istam
1586 2056 1631 2085 ei-

887 2093 966 2134 vem]
991 2093 1036 2125 Ut
1058 2094 1201 2125 vitiatori
1222 2095 1344 2126 crimen
1367 2095 1535 2134 increscat,
1554 2097 1634 2128 dicit

887 2139 1032 2178 virginem
1054 2149 1117 2169 esse
1138 2140 1239 2175 civem,
1263 2145 1295 2169 et
1318 2139 1387 2178 ejus
1409 2139 1540 2171 fratrem
1558 2143 1632 2172 ado-

891 2182 1045 2212 leecentem
1060 2182 1194 2218 nobilem,
1206 2181 1260 2222 qui
1277 2181 1369 2212 facile
1385 2182 1487 2223 possit
1499 2193 1632 2215 consur-

888 2234 974 2264 gere.
1021 2224 1181 2255 Praeterea
1197 2224 1279 2255 dixit
1295 2235 1365 2256 esse
1379 2227 1632 2258 violentissimum.

891 2267 1098 2298 E.—-Versus
1111 2267 1215 2308 gratia
1233 2278 1364 2309 repone,
1383 2270 1450 2300 Scis
1463 2280 1529 2300 eam
1542 2272 1634 2301 einen

890 2312 959 2342 hinc
973 2322 1035 2341 esee
1047 2314 1063 2341 ,⁹
1101 2312 1209 2351 Atque
1221 2322 1290 2352 pro,
1303 2312 1379 2352 ejus,
1390 2321 1504 2343 sensus
1518 2313 1632 2354 poscit,

888 2356 939 2391 eii,
955 2354 1030 2394 quia
1053 2354 1257 2391 Parmenoni,
1273 2355 1328 2395 qui
1350 2365 1391 2386 ne
1413 2354 1517 2396 ipsam
1539 2356 1632 2398 puel-

887 2397 951 2428 lam
966 2397 1106 2438 quidem,
1122 2408 1193 2438 quae
1212 2405 1305 2435 esset,
1329 2398 1435 2436 sciret,
1451 2398 1550 2430 frater
1565 2401 1635 2441 ejus

887 2447 983 2472 notus
999 2451 1069 2472 esse
1085 2451 1149 2471 non
1165 2441 1279 2482 potuit.
1314 2441 1350 2472 B.

931 2485 982 2514 31.
1005 2483 1133 2524 Nescio]
1158 2484 1367 2516 Perturbatus
1390 2485 1552 2517 Parmeno
1571 2496 1634 2518 nec

888 2537 1006 2568 negare
1027 2527 1142 2569 potuit,
1166 2538 1225 2558 nec
1240 2527 1423 2559 consentire
1448 2527 1559 2568 voluit,
1575 2530 1634 2563 sed

887 2570 978 2611 quasi
994 2570 1190 2602 defensionis
1205 2570 1275 2602 loco
1287 2570 1381 2608 dixit,
1391 2573 1498 2603 nescio.
1537 2574 1634 2614 Atque·

886 2616 931 2645 sic
954 2616 1075 2645 inventa
1096 2613 1158 2654 est]
1182 2613 1289 2645 Facile
1310 2620 1359 2645 est
1378 2621 1415 2645 ut
1437 2614 1555 2653 credat,
1576 2616 1632 2658 qui

886 2656 966 2688 dicit
977 2659 1083 2688 nescio.
1123 2657 1211 2698 Ergo
1225 2657 1357 2698 Pythias
1369 2667 1434 2689 non
1450 2657 1582 2697 laborat,
1595 2666 1633 2691 ut

887 2700 1021 2731 suadeat
1036 2700 1139 2731 civem
1156 2711 1234 2731 esse.
1273 2702 1371 2741 Atqui
1383 2703 1429 2731 stc
1438 2703 1561 2733 inventa
1568 2702 1631 2744 est]

888 2743 1047 2784 Magnum
1069 2743 1234 2774 horrorem
1256 2743 1374 2775 incutit
1388 2743 1542 2783 audienti,
1565 2755 1631 2778 non

886 2786 1075 2823 accusando,
1092 2786 1149 2817 sed
1165 2786 1347 2818 miserando
1362 2787 1539 2820 Chaeream.
1570 2789 1614 2821 D.

930 2831 981 2860 32.
1015 2831 1127 2860 Frater
1147 2829 1393 2871 violentissimus]
1417 2830 1491 2862 Hoc
1513 2830 1629 2864 inven-

886 2877 955 2904 tum
979 2879 1037 2910 est,
1061 2872 1146 2913 quod
1169 2873 1300 2904 daretur
1324 2873 1365 2905 ad
1387 2873 1528 2906 nobilem
1554 2875 1628 2917 (quo

885 2917 1094 2947 declararetur
1108 2915 1188 2947 adeo
1208 2915 1358 2948 nobilem.
1395 2916 1479 2949 Vide
1491 2928 1591 2960 supra
1604 2919 1627 2950 i.

887 2960 916 2989 2.
936 2959 1033 2997 1240.
1063 2959 1273 2991 D.-—Omnes
1280 2959 1371 2991 codd.
1386 2969 1504 3002 praeter
1514 2962 1626 2994 Bemb.

886 3008 917 3032 et
936 3012 1034 3034 unum
1050 3012 1067 3033 e
1083 3001 1205 3043 Regiis,
1222 3004 1279 3034 lue
1296 3005 1346 3035 ubi
1363 3003 1396 3035 id
1411 3007 1540 3036 rescivit.
1573 3006 1612 3037 B.
