1852 3216
128 149 273 180 scam
295 136 394 192 vm]

741 137 1099 182 PHORMIO.

1580 142 1660 184 641

244 226 330 269 ΡΗ.
354 227 513 286 Itaque.
527 229 593 275 ad
601 243 680 273 ros
697 228 822 271 venio
841 229 1103 280 nunciatum,
1124 228 1359 286 Demipho,

243 291 450 337 Paratum
467 309 535 338 me
555 310 674 338 esse:
704 295 781 338 ubi
798 294 941 346 voltis,
960 309 1138 338 uxorem
1158 295 1274 339 date.

189 365 228 395 15
245 358 371 401 Nam'
381 362 515 403 omnis
534 360 768 417 posthabui
786 359 889 402 mihi
908 375 993 411 res,
1014 361 1074 403 ita
1093 361 1157 403 uti
1173 376 1253 417 par
1271 360 1367 413 fuit,

242 423 481 481 Postquam
500 434 725 483 tantopere
745 427 790 469 id
811 441 887 469 vos
908 425 1015 469 velle
1035 427 1432 470 animadverteram.

241 488 331 532 DE.
354 491 418 534 At
438 491 507 535 hic
526 492 779 535 dehortatus
800 499 867 534 est
886 507 968 543 me,
988 507 1043 534 ne
1062 491 1174 534 illam
1194 493 1272 535 tibi
1293 493 1453 536 darem.

240 554 356 599 Nam
376 559 450 614 qui
469 559 550 600 erit
568 573 714 600 rumor
733 556 897 614 populi,
918 558 1071 614 inquit,
1092 558 1128 600 si
1146 559 1191 600 id
1211 558 1364 602 feceris
1377 561 1397 602 ἵ

241 621 357 664 Olim
378 638 510 678 quum
525 623 706 666 honeste
725 623 881 679 potuit,
902 631 993 666 tum
1011 639 1097 666 non
1114 632 1182 666 est
1202 624 1327 667 data:

181 689 225 720 20
240 686 372 731 Nunc
392 689 563 732 viduam
582 689 757 731 extrudi
776 688 984 744 turpe’st:
1014 688 1147 732 ferme
1168 690 1320 732 eadem
1339 691 1494 743 omnia,

241 755 354 803 Quae
373 762 466 797 tute
487 755 651 797 dudum
671 769 814 797 coram
832 769 899 797 me
919 755 1207 797 incusaveras.

239 821 326 863 ΡΗ.
350 820 483 862 Satin‘
506 821 692 876 superbe
711 819 887 862 illuditis
907 835 1002 862 me.
988 822 1005 850 ⁹
1055 820 1144 862 DE.
1168 821 1287 869 Qui.
1272 823 1291 851 ‘²
1340 821 1427 864 ΡΗ.
1448 822 1624 904 Rogas.
1609 825 1628 854 ⁹

239 887 356 935 Quia
374 901 428 928 ne
448 885 624 928 alteram
643 885 816 941 quidem
834 884 947 927 illam
963 892 1117 940 potero
1137 885 1323 928 ducere.

236 951 354 994 Nam
373 966 459 1007 quo
478 951 631 993 redibo
651 965 724 993 ore
745 951 801 993 ad
820 965 928 1001 eam,
948 965 1077 1006 quam
1096 951 1424 994 contemserim‘!

179 1026 220 1056 25
238 1017 322 1059 Cn.
346 1016 463 1058 Tum
482 1023 625 1058 autem
643 1014 939 1072 Antiphonem
954 1016 1079 1058 video
1099 1017 1155 1058 ab
1176 1031 1270 1059 sese
1290 1018 1484 1061 amittere

235 1082 422 1124 Invitum
441 1096 558 1124 eam:
589 1081 733 1136 inque.
785 1081 875 1123 DE.
896 1080 1012 1124 Tum
1032 1089 1176 1124 autem
1195 1082 1321 1126 video
1339 1083 1474 1126 filium

234 1147 420 1189 Invitum
440 1161 542 1189 sane
561 1146 780 1189 mulierem
799 1147 855 1189 ab
876 1162 922 1189 se
943 1148 1153 1190 amittere.

235 1213 328 1255 Sed
347 1213 480 1255 transi
500 1213 629 1254 sodes
649 1213 706 1254 ad
724 1212 878 1263 forum,
900 1219 1030 1268 atque
1048 1212 1155 1255 illud
1173 1212 1277 1255 mihi

234 1279 478 1334 Argentum
498 1293 668 1320 rursum
680 1278 788 1333 jube
808 1279 1000 1329 rescribi,
1022 1278 1241 1321 Phormio.

175 1351 217 1382 3ο
235 1343 321 1386 ΡΗ.
344 1343 534 1391 Quodne
555 1358 638 1398 ego
657 1343 891 1398 perscripsi
909 1358 1039 1399 porro
1058 1343 1155 1394 illis,
1177 1344 1334 1399 quibus
1353 1344 1517 1387 debui?

231 1409 323 1451 De.
346 1409 468 1457 Quid
485 1409 617 1464 igitur
634 1408 744 1452 fiet?
798 1409 884 1451 ΡΗ.
907 1409 955 1451 Si
973 1410 1036 1451 vis
1055 1409 1160 1451 mihi
1178 1424 1358 1452 uxorem
1376 1409 1480 1452 dare

163 1511 212 1541 13.
233 1510 298 1541 Pro
323 1511 431 1551 Itaque
454 1508 548 1541 multi
575 1508 694 1541 Faerni
720 1508 805 1547 libri,
829 1515 863 1540 et

116 1553 182 1584 duo
198 1563 239 1584 ex
255 1560 374 1584 nosms
395 1553 516 1584 habent
535 1554 640 1593 quue.
685 1551 862 1584 Bembinus

117 1598 213 1638 quue
237 1598 321 1628 adeo.
362 1596 469 1637 Igitur
491 1606 551 1627 nos
573 1595 747 1637 legendum
766 1603 861 1637 puta-

115 1650 198 1677 mus,
209 1647 246 1671 ut
260 1639 369 1671 versui
383 1639 597 1676 consulamus,
611 1640 707 1680 quue
715 1641 790 1670 adeo
803 1641 860 1670 ad-

116 1685 209 1714 venio.
243 1683 280 1714 Β.

162 1727 211 1757 18.
231 1728 291 1760 Qui
306 1728 366 1758 erit
386 1725 503 1767 rumor]
520 1725 659 1757 Causam
677 1724 784 1756 reddit
806 1735 857 1756 se-

115 1779 180 1800 nex
197 1780 254 1800 cur
275 1780 342 1800 non
363 1776 458 1811 pacta
479 1775 596 1806 servet,
612 1768 698 1810 quod
718 1768 857 1800 rumoris

114 1812 280 1843 infamiam
303 1819 460 1849 metuens,
476 1811 617 1854 puellam
632 1811 672 1842 de
688 1811 784 1843 domo
798 1822 857 1843 no·

112 1855 174 1886 luit
190 1856 281 1896 (nolit
305 1855 342 1886 Z.
346 1855 499 1897 )eJ'icere.
537 1855 727 1896 E.—1uquse
746 1861 855 1896 poste-

114 1898 232 1930 riorem
263 1898 369 1934 acuit;
409 1898 484 1939 quia
515 1897 671 1940 praeteriti
697 1898 856 1946 temporis

114 1948 181 1973 est:
205 1949 242 1973 ut
257 1942 371 1973 Cicero
387 1943 523 1983 inquisti.
552 1941 635 1972 Vide
652 1940 805 1972 Priscian.
821 1951 854 1983 p.

156 2029 207 2059 20.
225 2027 403 2060 Bembinus
417 2027 504 2060 solus
518 2027 616 2059 habet
629 2038 695 2059 eam
708 2038 786 2058 manc
800 2038 852 2059 e:-

111 2074 198 2102 trudi
213 2073 351 2112 turpem,
366 2071 485 2102 omisso
505 2070 636 2102 nomine
650 2072 751 2108 vidua,
769 2071 855 2111 quod

109 2122 273 2147 corrector
294 2114 446 2146 Bembini
460 2114 542 2146 forte
557 2113 719 2155 ignoravit
733 2113 798 2144 dici
817 2113 853 2145 in

110 2158 256 2196 muliere,
273 2169 292 2189 a
307 2158 376 2189 viro
391 2157 493 2200 priori
507 2156 685 2199 repudiata.
719 2157 756 2188 B.

154 2202 206 2232 21.
226 2203 300 2235 Quae
326 2207 390 2232 tute
412 2203 525 2232 dudum
546 2211 645 2231 comm
666 2211 711 2231 me
732 2202 852 2231 measa-

109 2244 213 2285 vems]
231 2245 324 2276 Nova
338 2244 458 2275 locutio
468 2255 568 2275 coram
582 2254 626 2274 me
642 2245 833 2274 incusaveras
842 2255 852 2274 .-

109 2297 185 2325 non,
201 2299 268 2329 quae
289 2290 338 2319 hic
362 2290 561 2318 incmaveras.
610 2288 718 2318 Coram
738 2297 783 2317 me
805 2288 852 2317 in-

109 2330 284 2372 evitaveras]
302 2330 411 2363 Belle:
435 2338 471 2362 ut
486 2330 515 2362 si
529 2329 607 2371 quid
622 2335 728 2371 neget,
741 2336 853 2361 contra

109 2372 252 2414 seipsum
267 2374 389 2405 sentire
403 2373 559 2405 videatur.
591 2373 632 2404 D.

152 2417 203 2448 22
220 2418 318 2448 Satin’
334 2419 460 2457 superbe
475 2418 606 2447 illuditis
620 2427 665 2447 me
675 2414 708 2456 ?]
732 2415 776 2446 Et
791 2415 848 2447 da-

107 2458 210 2491 tivum
226 2467 260 2491 et
280 2460 498 2491 accusativum
513 2470 623 2491 casum
645 2458 729 2500 regit
744 2460 846 2490 illudo.

108 2502 308 2544 D.-A1iqui
323 2503 398 2535 libri
411 2503 538 2540 Faerni,
550 2502 585 2534 in
596 2502 648 2533 his
661 2502 847 2540 Bembinus,

106 2546 141 2576 it.
159 2545 240 2576 alter
255 2556 297 2577 ex
311 2546 430 2578 nostris
447 2545 628 2577 Meadianis
643 2545 755 2587 legunt
766 2547 850 2576 Satis

106 2588 305 2620 affirmative.
336 2589 415 2630 Legi
428 2589 533 2626 debet,
543 2591 627 2620 Satis
639 2591 692 2629 pol
704 2591 847 2628 superbe.-

107 2638 143 2662 ut
162 2632 280 2662 Heaut.
298 2631 339 2662 iv.
357 2634 387 2663 4.
407 2633 434 2663 1.
458 2634 542 2664 Satis
554 2634 606 2673 pol
617 2638 762 2671 proterve.
787 2632 824 2663 Β.

149 2675 200 2705 26.
217 2676 350 2706 Invitum
371 2686 457 2710 emm
480 2675 587 2716 inque]
612 2675 765 2706 Priscian.
790 2674 845 2706 lib.

104 2728 136 2749 x.
161 2717 224 2749 Sed
240 2724 314 2759 post
326 2729 393 2749 eam
406 2718 441 2749 in
455 2717 494 2749 V.
511 2719 547 2749 C.
563 2718 692 2750 additur
705 2720 847 2748 silentes.-

104 2761 250 2792 fortassis
273 2761 315 2792 ad
337 2761 585 2802 significandum
606 2760 764 2792 submisse
778 2760 846 2792 haec

102 2804 176 2836 dici.
227 2804 267 2836 ld
294 2803 380 2845 quod
404 2814 424 2835 a
455 2804 592 2842 Pithoeo,
617 2804 688 2835 viro
710 2813 846 2841 summo,

103 2854 200 2888 atque
214 2847 318 2879 amico
333 2853 443 2878 nostro
457 2853 646 2878 annotatum
660 2846 776 2888 reperi.
808 2846 845 2878 1..

148 2891 199 2922 29.
215 2892 293 2922 Jube
315 2902 435 2922 rursum
456 2891 594 2928 rescribi,
608 2888 766 2931 Phormio]
782 2890 845 2921 Re-

102 2935 207 2972 scribi,
230 2933 331 2971 reddi,
354 2944 412 2965 seu
476 2944 492 2964 r
513 2943 633 2965 mensae
652 2932 847 2975 scripturam

102 2976 183 3008 dari.
216 2979 296 3009 Iube
309 2978 436 3010 rescribi
467 2976 628 3013 Quonim
640 2975 683 3008 ad
695 2985 846 3009 numera-

906 1508 1028 1540 tionem
1042 1510 1190 1551 pecuniae
1203 1510 1366 1542 antecedit
1380 1509 1548 1552 scriptura.
1585 1513 1648 1544 Re-

905 1554 1037 1584 seribere
1048 1552 1208 1591 dicebant,
1223 1564 1283 1605 pro
1294 1563 1511 1585 renumerare.
1543 1554 1589 1586 Et
1600 1555 1647 1587 sic

904 1595 1013 1634 infert,
1027 1607 1074 1627 nae
1088 1608 1143 1638 ego
1161 1599 1324 1637 perscripsi
1341 1608 1433 1637 porro
1453 1599 1517 1629 iuis
1538 1600 1647 1639 quibas

905 1641 1004 1670 debui.
1050 1639 1132 1670 Haec
1154 1646 1205 1671 est
1225 1650 1302 1681 ergo
1427 1640 1484 1677 ,in
1507 1651 1571 1682 qua
1592 1652 1644 1673 se·
1660 1679 1666 1682 q

901 1682 1040 1714 cundam
1054 1682 1095 1713 de
1110 1682 1225 1724 primis
1239 1663 1488 1724 significantiam
1502 1691 1644 1716 sumunt.

901 1726 979 1756 Jube
1000 1725 1144 1766 rescribi]
1168 1726 1231 1757 Per
1252 1726 1454 1768 scripturam,
1471 1726 1505 1758 id
1523 1734 1581 1765 est,
1602 1728 1644 1759 de

901 1778 1021 1800 mensae
1032 1768 1192 1810 scriptura
1203 1769 1290 1805 dari5
1314 1770 1400 1801 unde
1408 1769 1504 1801 hodie
1513 1770 1644 1803 additur

900 1811 1133 1854 chirographis,
1156 1813 1241 1844 dono
1266 1823 1303 1843 ex
1328 1823 1402 1844 arca
1430 1824 1496 1850 sua,
1523 1813 1577 1844 vel
1605 1825 1643 1846 σε

899 1865 1007 1886 mensa
1018 1857 1180 1896 scriptura.
1211 1855 1252 1886 D.
1255 1857 1376 1886 -Jube
1390 1855 1534 1898 rescribi]
1550 1857 1640 1893 Quo-

899 1897 986 1929 niam
998 1898 1123 1939 argenti
1133 1898 1258 1939 accepti
1269 1908 1367 1940 opera
1380 1909 1440 1941 per
1450 1899 1643 1941 scripturam

898 1940 1005 1978 fiebat,
1020 1951 1091 1981 quae
1107 1942 1280 1973 vocabatur
1293 1941 1551 1984 οῑιιιοψρὶιιιιιι,
1565 1942 1641 1975 ideo

897 1983 944 2015 ait
971 1986 1107 2022 rescribi,
1133 1984 1219 2025 quod
1242 1990 1292 2016 est
1315 1985 1524 2016 renumerari.
1556 1986 1641 2018 E.—

898 2029 1067 2068 Argentum
1095 2039 1215 2059 rursum
1239 2027 1319 2068 jube
1347 2027 1491 2070 rescribi]
1523 2028 1639 2062 Horat.

898 2070 1001 2112 Satyr-
1017 2070 1051 2102 ii.
1069 2071 1098 2102 3.
1116 2070 1166 2103 75.
1203 2072 1350 2102 putidius
1373 2073 1466 2102 muno
1484 2073 1639 2106 cerebrum

895 2119 950 2151 est,
973 2115 1048 2144 milax·
1069 2115 1165 2150 crede,
1182 2115 1303 2151 Perilli,
1318 2115 1484 2152 Dicmis,
1506 2117 1587 2155 qnod
1605 2121 1640 2148 tn

894 2168 1044 2197 nunquam
1058 2158 1222 2188 rescribere
1232 2158 1339 2197 possis.
1378 2156 1442 2188 Ubi
1458 2164 1491 2189 et
1505 2157 1558 2189 hic
1572 2157 1637 2190 'fe-⁷

896 2200 994 2231 rentii
1015 2199 1105 2232 locus
1126 2210 1145 2231 a
1166 2199 1336 2231 scholiaste
1358 2199 1516 2232 laudatur.
1554 2200 1638 2233 1..—

898 2243 949 2274 De
964 2242 1086 2285 duplici
1103 2242 1249 2285 pecuniae
1270 2242 1413 2274 locandae
1428 2249 1462 2274 et
1474 2243 1638 2278 solvenda

895 2285 1021 2317 ratione
1047 2286 1121 2317 vide
1148 2285 1364 2327 Lindenbrog.
1390 2286 1426 2317 in
1452 2286 1635 2319 Observatt.

896 2329 937 2360 ad
952 2329 1071 2361 Donat.
1088 2328 1182 2361 Adel.
1198 2328 1231 2360 ii.
1248 2330 1278 2360 4.
1297 2330 1345 2360 13.
1363 2335 1396 2360 et
1416 2329 1548 2362 uberius
1563 2330 1635 2364 811·

892 2382 970 2404 mas.
986 2372 1026 2404 de
1041 2372 1178 2404 Foenore
1192 2371 1404 2414 Trapezitico.
1436 2372 1473 2405 Ζ

934 2417 985 2447 30.
1002 2417 1062 2447 Nae
1073 2426 1127 2456 ego
1138 2417 1303 2456 perscripti
1295 2414 1319 2457 ]
1334 2415 1450 2448 Multis
1458 2425 1518 2459 per
1527 2416 1634 2459 scrip·

891 2465 996 2490 turam
1008 2458 1143 2496 reddidi,
1155 2458 1266 2490 multis
1276 2458 1368 2495 dedi;
1391 2465 1429 2491 ut
1442 2459 1528 2509 apud
1539 2459 1631 2503 Virg.

891 2501 967 2533 AEn.
979 2501 1032 2533 vii.
1044 2502 1114 2533 144.
1131 2503 1261 2533 Diditur
1269 2503 1318 2534 hic
1325 2503 1425 2533 subito
1435 2501 1634 2544 Trq‘mper

891 2548 1015 2586 agmina
1047 2555 1155 2576 rumor.
1203 2545 1245 2576 D.
1247 2544 1410 2576 —Noetri
1442 2548 1631 2587 perscripsi,-

892 2588 1010 2619 Faerni
1032 2587 1107 2620 libri
1121 2589 1289 2628 descripsi5
1311 2587 1368 2619 sed
1391 2594 1479 2620 recte
1500 2589 1633 2631 prefert

892 2631 1036 2663 Faernus
1060 2630 1210 2662 Bembini
1228 2632 1390 2671 ascripsi.-
1416 2631 1491 2672 quia
1517 2631 1630 2665 Dona.

891 2680 952 2711 tus,
969 2674 1016 2705 uti
1033 2684 1073 2705 ex
1090 2673 1271 2715 virgiliano
1284 2675 1414 2705 Diditur
1427 2681 1527 2716 patet,
1541 2674 1630 2710 idem

889 2697 1006 2766 legisse
1022 2717 1159 2748 videtur.
1191 2717 1229 2748 B.
1275 2717 1309 2748 Si
1323 2723 1398 2758 post
1417 2717 1505 2752 Quod
1517 2724 1629 2752 notam

889 2759 1628 2854 hffiwffimiffmummssussfflss‘ffimm

890 2845 970 2878 tioni
997 2845 1202 2878 Phormioni·
1223 2846 1334 2896 magia
1350 2846 1510 2879 convenit.
1554 2848 1627 2880 Ce-

889 2896 996 2921 terum
1004 2900 1095 2930 porro
1103 2889 1232 2921 videtur
1245 2889 1298 2921 hic
1308 2888 1416 2942 signif.
1431 2892 1536 2923 datin
1546 2896 1627 2933 pont,

889 2942 1017 3008 3⁶3¹?
1010 2943 1131 3050 ἔξῖ
1121 2944 1164 3008 13
1174 2934 1257 3009 ’ζ”ἓ
1274 2934 1378 3009 ΜΗ..
1387 2938 1468 3011 23¹1.
1478 2932 1625 3040 {3²2²

1092 3027 1115 3050 κ
