1910 3216
414 127 600 165 INDEX
629 127 959 166 VERBORUM
990 131 1062 167 ET
1091 131 1418 169 PHRASIUM.
1738 139 1783 175 37

47 207 474 292 ω”.ᾚᾝέῖἕωωε
418 212 604 285 ‘'“2‘222‘3'
634 208 846 292 ”equae-⁸⁶⁶¹&
859 209 1037 285 ¹333}ssss
1051 211 1193 286 ’ἓξὲξ
1225 211 1556 292 &ffffsffiq
1555 213 1781 288 ...effa-..1

1535 267 1565 287 is
1658 268 1695 288 os
1731 268 1783 289 me

47 293 212 336 Adelph.
203 294 237 325 1i.
250 296 280 331 2,
297 296 349 326 28.
481 262 506 294 P
636 295 666 331 2,
686 295 735 326 10.
773 297 925 336 Equidem
946 297 1055 329 hercle
1070 298 1190 330 nescio.
1225 300 1328 336 etiam,
1337 298 1441 339 qualis
1450 298 1524 330 sim.
1534 267 1653 330 Aa„
1631 299 1678 331 iii.
1691 301 1782 338 2,23.

89 347 133 373 eo,
155 336 305 385 adverb]
331 339 376 369 Eo
394 337 524 379 rediges
538 347 600 374 me,
636 337 766 369 Phorm-
779 348 808 369 ν.
826 340 857 375 3,
874 340 925 369 24.
1226 341 1273 371 At
1286 343 1379 372 eiiam
1395 342 1508 383 rogas?
1532 342 1641 373 Anax
1632 353 1674 373 iv.
1685 344 1716 379 4,
1730 344 1781 374 23.

47 384 93 416 ut,
112 378 190 419 quid
212 380 347 411 emerim
370 387 508 422 egomet,
530 381 602 422 ipse
677 379 789 421 mus]
814 381 884 412 Aut
904 392 994 422 equos
1015 381 1112 420 alere,
1135 389 1193 414 aut
1226 383 1334 414 Etim-
1345 390 1443 425 atque
1457 386 1549 416 etia-n
1563 384 1679 426 cogita.
1696 386 1782 417 Eun.

46 421 213 452 nesciam?
237 422 355 454 Eum’
346 433 388 454 ιν.
406 425 437 459 4,
454 424 505 454 23.
528 423 603 454 vide
635 432 734 454 canes
760 423 803 455 ad
822 424 1019 456 venandum.
1058 405 1146 457 Arid-
1169 425 1191 457 i.
1225 425 1351 463 i.1,11.
1375 428 1675 459 Aterion-restitas?
1694 428 1781 459 Eun.

47 464 160 495 Notas.
175 464 352 497 lumem?
362 465 601 506 quideoZHee.
640 466 667 503 1,
684 466 735 497 29.
1226 468 1268 499 iv.
1283 470 1315 506 4,
1334 470 1362 500 1.
1406 469 1513 505 Quem
1528 470 1651 519 pariter
1665 471 1714 502 uti
1730 470 1782 502 his

46 506 93 537 iii.
110 508 141 543 4,
158 507 207 538 18.
242 508 338 543 Quod
352 509 381 539 si
395 519 429 540 eo
444 518 525 539 meae
536 509 600 540 sor·
678 508 1074 550 eradam]D1teeradoee=-t
1084 510 1191 542 Heau-
1226 491 1344 548 decuit,
1352 512 1664 554 eutecio-amplius.
1674 513 1782 545 Heau.

47 549 291 581 tunoredennt.
322 551 453 582 Phorm.
469 551 490 582 i.
507 553 601 588 4,23.
635 550 682 581 iii.
700 552 730 589 3,
743 552 795 582 28.
1226 553 1247 584 i.
1274 555 1302 591 1,
1324 556 1375 586 80.
1414 555 1535 596 Haudq
1537 565 1598 596 uaq
1601 559 1784 587 uametimn

48 591 124 622 Non
140 593 248 634 potuit
269 593 385 624 melius
401 594 603 635 pervenirier
677 593 769 635 erga]
792 594 946 636 Spectata
966 606 1041 636 erga
1062 602 1096 627 te
1111 596 1191 627 ami-
1226 604 1364 628 cessant.
1383 597 1504 629 Heaut.
1520 597 1541 628 i.
1559 599 1632 634 2,1.
1657 600 1781 630 Elian·-

46 645 90 671 σο,
111 644 175 675 quo
202 645 262 667 nos
277 636 436 668 volumus.
470 637 600 668 Phorm.
635 635 721 667 citis.
740 637 825 668 And.
842 648 871 669 v.
890 639 918 675 1,
938 639 965 669 l.
997 638 1107 670 Timet
1121 639 1190 670 ani·
1228 650 1270 670 ne
1299 646 1407 671 tecum
1434 640 1488 672 bic
1515 640 1596 672 mihi
1619 651 1673 672 ree
1702 648 1753 673 est
1767 643 1781 672 2

46 676 90 708 iv.
106 678 137 713 3,
154 677 206 708 36.
637 689 725 710 mum
740 680 852 711 amieoe
867 691 902 712 se
916 691 992 721 erga
1006 687 1043 712 ut
1058 681 1102 712 sit
1115 692 1192 713 suae.
1230 682 1350 713 Heaut.
1366 683 1410 714 iv.
1422 684 1453 720 4,
1470 684 1522 714 20.
1557 683 1678 715 Hercle
1689 687 1784 716 etian-

89 731 133 756 eo,
164 719 248 761 ideo]
288 721 365 752 Non
390 721 446 763 pol
471 733 505 753 eo
530 721 601 753 feei.
640 722 785 753 fleant.
777 732 797 753 1.
812 724 907 760 2,15.
934 724 982 754 Te
997 735 1072 764 erga
1084 724 1193 755 animo
1228 725 1288 755 hoc
1305 732 1416 756 restat.
1448 725 1588 767 Adelph.
1617 726 1652 757 ii.
1676 728 1704 763 1,
1730 727 1783 758 36.

47 762 134 793 Ειιιι.
147 762 169 794 i.
188 764 218 799 2,
238 764 286 796 17.
331 766 421 795 Eone
441 775 477 795 es
500 764 601 802 ferox,
637 765 830 797 oeseamico.
839 766 921 797 Hec.
930 766 975 797 iii.
983 768 1013 803 3,
1022 767 1073 798 29.
1111 767 1194 802 Qua!
1228 767 1348 799 Vivere
1363 771 1456 799 eiiam
1471 779 1558 799 nunc
1570 768 1669 800 lubet.
1687 750 1783 801 Adel.

46 805 413 848 quiahabesimperium
425 806 459 838 in
472 807 603 839 beluas?
638 817 812 848 numquam
836 808 1007 849 quicquam
1035 820 1111 850 erga
1140 820 1192 841 me
1226 809 1273 840 iii.
1289 812 1320 846 4,
1336 811 1387 842 91.
1421 811 1468 841 Ut
1484 811 1575 852 virgo
1589 812 1681 843 abse
1696 812 1782 843 inte-

47 847 133 878 Eun.
161 848 207 879 iii.
238 850 266 885 1,
294 849 345 880 26.
399 851 455 880 An
481 860 517 881 eo
541 850 601 881 fit?
637 851 878 882 oommerita’st.
899 851 981 882 Hec-
995 851 1041 882 iii.
1059 853 1089 889 5,
1106 853 1156 882 36.
1225 851 1459 892 graetiantum
1471 853 1542 884 siet.
1559 854 1661 885 nec:
1651 865 1672 885 1.
1689 856 1719 892 2,
1731 855 1784 888 70.

48 890 195 921 Heaut.
185 890 233 922 xii.
252 892 280 927 1,
296 892 348 922 96.
379 892 466 928 Quia
480 892 602 923 dudum
679 891 859 942 agol-Qui
880 894 964 925 scias
987 905 1059 936 ergo
1083 894 1190 926 istuc?
1228 895 1383 926 Nondum
1395 898 1487 927 etiam
1502 896 1580 927 scio.
1605 897 1689 928 Hec.
1708 897 1730 928 i.
1752 899 1784 935 2,

46 939 269 1013 3335*AE
283 945 602 1019 {zzffoeffffiffl
638 934 724 1008 {¹4¹3ss
735 937 1025 1020 2¹¹31.³÷÷1f3³;.3'3.‘¹
1023 937 1190 1016 2325?
1230 938 1361 1011 ¹¹33...
1376 979 1420 1020 ..J
1437 981 1546 1012 aa...
1561 984 1590 1012 ..-
1601 981 1722 1013 dudum
1732 982 1783 1014 s...

47 1018 124 1049 olim
140 1018 219 1050 dixi.
244 1019 374 1051 Phorm.
389 1031 419 1050 v.
439 1021 468 1056 1,
486 1021 535 1051 18.
637 1020 666 1050 9.
688 1020 698 1050 Ι
705 1026 878 1062 taqueergo
886 1028 1045 1052 amantur.
1058 1021 1143 1052 Eun.
1156 1022 1190 1053 ii.
1226 1029 1296 1053 erat
1311 1023 1497 1063 ambiguum
1509 1024 1571 1054 hoe
1584 1024 1675 1062 mihi,
1697 1035 1784 1056 nunc

89 1061 207 1102 eodem]
225 1061 420 1094 Funambuli
434 1064 535 1094 eoden-
547 1073 600 1094 ιω-
636 1063 667 1099 3,
691 1063 743 1093 26.
785 1063 874 1094 lstuc
895 1063 970 1094 volo
990 1075 1063 1104 ergo
1083 1064 1190 1105 ipsum
1227 1074 1292 1095 non
1308 1072 1367 1095 est.
1384 1065 1467 1096 Hec.
1483 1065 1526 1096 iv.
1542 1068 1573 1102 4,
1587 1067 1638 1097 26.

45 1103 165 1135 cedens
190 1105 399 1146 exspectatio.
432 1105 516 1136 Hec-
532 1105 600 1136 Alt.
636 1105 788 1146 experiri.
813 1105 909 1137 Adel.
925 1106 959 1136 ii.
979 1107 1007 1143 1,
1029 1107 1075 1137 18.
1107 1109 1193 1148 Ergo
1268 1106 1344 1148 etsi]
1367 1107 1492 1138 Tamen
1516 1110 1574 1139 etsi
1594 1109 1655 1139 hoc
1671 1119 1784 1140 verum

47 1146 133 1178 Prol.
151 1147 202 1178 26.
218 1147 293 1178 vide
307 1147 419 1179 Notas.
635 1154 809 1189 propterea
831 1156 864 1179 te
885 1149 998 1180 sedulo
1020 1155 1053 1180 et
1075 1159 1192 1180 moneo
1226 1151 1300 1180 est?
1337 1149 1423 1180 And.
1440 1160 1471 1181 v.
1498 1152 1528 1186 2,
1551 1152 1602 1181 23.
1638 1151 1715 1182 Vin’
1731 1162 1786 1183 me

90 1200 133 1226 eo,
164 1189 271 1230 νει-ο]
311 1190 423 1222 Funus
450 1190 600 1222 effertur:
635 1197 670 1221 et
683 1190 804 1222 hortor.
823 1191 907 1222 Hec.
923 1191 944 1222 i.
965 1193 992 1228 1,
1009 1193 1039 1222 6.
1226 1192 1783 1231 istuctibi,eteiincredibi1e'st,cre-

46 1233 134 1262 inns.
157 1232 243 1263 And.
264 1233 286 1265 i.
306 1234 333 1270 l,
350 1234 401 1264 90.
437 1234 486 1264 Εο
504 1233 600 1264 intro.
678 1233 783 1274 erilis]
802 1234 904 1265 Erum
920 1234 1037 1265 fefelli:
1061 1234 1095 1266 in
1105 1245 1190 1276 nup·
1226 1235 1329 1265 dere!
1362 1236 1483 1266 Heaut.
1508 1235 1551 1267 iv.
1580 1237 1608 1274 1,
1635 1238 1684 1267 11.
1712 1239 1786 1268 Etsi

46 1274 134 1305 And.
154 1285 184 1305 v.
200 1277 232 1312 4,
248 1277 299 1306 53.
344 1276 433 1311 Quid
454 1278 600 1307 stamus?
637 1275 699 1307 tias
714 1276 839 1316 conjeci
853 1279 958 1308 erilem
972 1277 1085 1308 filium.
1103 1278 1190 1309 And.
1226 1277 1307 1308 mihi
1317 1277 1399 1309 facta
1407 1277 1587 1318 injuria’st;
1612 1289 1725 1310 verum
1734 1287 1783 1311 ta-

45 1327 105 1348 cur
119 1328 185 1348 non
201 1320 279 1348 inus
291 1317 392 1349 hine?
410 1319 495 1350 Eun.
511 1319 557 1349 iii.
571 1320 601 1356 2,
635 1318 681 1349 iii.
697 1320 728 1355 4,
745 1320 796 1350 24.
836 1319 942 1350 Video
962 1322 1066 1351 erilem
1088 1320 1190 1351 filium
1228 1330 1312 1350 men.
1331 1320 1463 1351 Phorm.
1479 1321 1513 1351 ii.
1531 1323 1561 1357 3,
1579 1322 1630 1352 60.

49 1361 99 1391 12.
143 1361 200 1391 Ibo
219 1361 348 1392 obviam
369 1361 455 1392 huic.
480 1361 601 1392 Heaut.
635 1361 793 1392 minorem
802 1362 866 1393 huc
875 1362 1038 1393 advenire.
1055 1362 1140 1393 Eun.
1157 1363 1191 1393 ii.
1269 1361 1324 1403 eu]
1343 1365 1393 1394 Eu
1405 1370 1527 1400 noster,
1536 1363 1644 1395 laudo.
1662 1364 1747 1395 Eun.
1760 1365 1783 1395 i.

46 1402 80 1433 ii.
103 1403 134 1439 3,
161 1403 212 1434 99.
258 1405 325 1434 Ibit
347 1404 388 1434 ad
409 1404 491 1435 illud
516 1404 601 1441 ilico,
637 1405 667 1441 2,
681 1405 732 1435 58.
780 1404 939 1445 Mihique,
951 1415 1088 1446 eraeque,
1099 1405 1191 1436 filiae-
1228 1406 1257 1441 2,
1269 1404 1320 1436 74.
1344 1407 1405 1442 Eu,
1419 1406 1581 1437 Phormio.
1594 1407 1724 1438 Phorm.
1735 1407 1784 1438 iii.

46 1455 111 1486 quo
124 1455 274 1477 maxume
290 1447 376 1488 apud
393 1453 425 1478 te
444 1457 480 1477 se
494 1446 604 1478 valere
636 1457 699 1487 que
713 1449 793 1478 erili.
811 1447 976 1488 Adelph.
967 1447 1013 1478 iii.
1032 1449 1061 1486 2,
1075 1449 1104 1479 3.
1230 1448 1256 1484 1,
1284 1448 1333 1478 14.
1382 1449 1447 1486 Bu,
1474 1449 1568 1479 Geta.
1596 1449 1727 1481 Phorm.
1752 1461 1783 1482 v.

46 1488 176 1519 sentiet.
202 1489 322 1520 Heaut.
338 1489 384 1520 iii.
405 1490 432 1525 l,
450 1490 502 1522 78.
542 1489 603 1521 Ille
678 1488 791 1530 eripio]
800 1458 918 1520 lEdesp
911 1491 1114 1531 expugnabo,
1125 1490 1190 1521 vir-
1227 1490 1257 1527 6,
1274 1491 1327 1521 29.

46 1530 174 1562 inficias
186 1533 255 1562 ibit.
286 1532 425 1573 Adelph.
442 1532 488 1563 iii.
506 1533 601 1569 2,41.
635 1532 750 1581 ginem
772 1535 910 1572 eripiam.
937 1533 1023 1563 Eun.
1051 1533 1094 1564 iv.
1113 1534 1143 1570 7,
1161 1534 1190 1563 3.
1269 1533 1378 1574 evado]
1389 1534 1495 1568 Quam
1510 1533 1784 1575 timeo,quorsum

46 1574 79 1603 le
96 1573 199 1605 visere
214 1574 255 1605 ad
265 1584 346 1605 eam.
356 1575 439 1605 Heo.
452 1574 473 1605 i.
487 1576 517 1611 2,
531 1576 603 1605 114.
638 1576 683 1605 At
698 1574 785 1607 enim
807 1585 899 1616 spem
914 1575 996 1606 istoc
1009 1583 1105 1617 pacto
1119 1586 1192 1607 rur-
1225 1577 1344 1606 evadas.
1359 1575 1479 1607 And-i.
1496 1578 1523 1613 l,
1543 1578 1613 1608 100.
1638 1578 1787 1609 Verebar

46 1616 170 1647 Nostra
183 1627 281 1648 causa
290 1617 458 1648 scilieetin
470 1628 603 1648 nervom
637 1628 708 1648 sum
725 1617 912 1666 nuptiarum
932 1628 1061 1649 omnem
1085 1621 1190 1658 eripis.
1226 1628 1379 1658 quorsum
1394 1620 1544 1650 evaderet.
1561 1620 1648 1651 And.
1664 1620 1685 1651 i.
1703 1621 1733 1656 2,
1751 1622 1783 1652 5.

46 1660 156 1700 potius
182 1662 249 1690 ibit.
274 1660 404 1691 Phorm.
429 1660 471 1691 iv.
495 1662 527 1697 4,
554 1661 602 1691 15.
640 1660 777 1691 Heaut.
767 1670 811 1691 iv.
822 1661 852 1697 3,
863 1662 915 1690 35.
938 1661 1191 1692 Cruciorbolum
1227 1661 1418 1692 Sermonem
1426 1672 1581 1702 quaerere.
1601 1662 1665 1693 Ubi
1675 1662 1783 1704 friget,

47 1702 324 1743 Suspensogradu
336 1703 463 1744 placide
472 1706 518 1734 ire
526 1713 602 1744 per-
636 1702 718 1734 mibi
733 1709 859 1734 tantum
874 1708 1008 1743 ereptum
1019 1710 1084 1734 tam
1094 1703 1190 1735 desu-
1226 1703 1289 1734 huc
1304 1706 1409 1734 evasit.
1426 1704 1510 1735 Eun.
1528 1704 1574 1736 iii.
1591 1707 1622 1742 3,
1642 1707 1690 1736 11.
1721 1706 1782 1736 Ni

45 1744 127 1775 rexi.
151 1745 283 1776 Phorm.
299 1755 328 1775 v.
346 1746 376 1782 6,
393 1747 444 1778 27.
488 1747 541 1777 Ire
563 1745 604 1776 ad
637 1745 705 1776 bito
720 1755 738 1776 e
753 1745 910 1776 faucibus.
927 1746 1048 1777 Heaut.
1060 1746 1103 1777 iv.
1115 1748 1145 1783 2,
1162 1747 1191 1777 6.
1227 1745 1292 1776 mia
1302 1746 1385 1777 illaec
1400 1746 1532 1778 lieentia
1552 1747 1698 1788 profecto
1711 1759 1782 1779 eva-

47 1794 236 1818 mercatum.
277 1787 408 1819 Phorm.
437 1798 467 1818 v.
496 1789 527 1825 6,
550 1789 602 1819 53.
638 1787 850 1819 Adulescenti
868 1788 932 1829 ipsi
946 1791 1093 1828 eriperem
1115 1799 1189 1820 ocu·
1226 1788 1303 1819 det
1293 1799 1328 1819 ιιι
1346 1789 1410 1829 aliq
1412 1789 1476 1820 uod
1487 1800 1640 1830 magnum
1650 1790 1782 1822 malum.

49 1829 100 1859 In’
116 1829 192 1861 hinc
214 1829 331 1861 malam
346 1841 415 1861 rem
431 1841 505 1862 cum
523 1831 605 1862 istac
636 1831 694 1862 los.
711 1830 852 1872 Adelph.
866 1830 912 1862 iii.
930 1832 959 1868 2,
976 1832 1028 1862 20.
1059 1831 1113 1862 Ex
1128 1831 1191 1863 cri·
1227 1830 1321 1862 Adel.
1330 1830 1377 1862 iii.
1388 1834 1419 1869 4,
1432 1832 1483 1862 64.
1522 1832 1611 1868 Quid
1625 1833 1678 1864 hic
1692 1844 1783 1875 coep-

46 1872 298 1912 magnificentia.
323 1873 453 1904 Phorm.
466 1884 496 1904 v.
510 1873 540 1910 7,
551 1875 603 1906 37.
637 1873 725 1904 mine
740 1873 802 1904 hoc
814 1873 1039 1915 Antiphonem
1054 1877 1191 1915 eripiam.
1227 1880 1285 1910 tat,
1319 1880 1377 1904 aut
1412 1885 1476 1914 quo
1508 1877 1616 1906 evadet
1652 1875 1751 1907 hodie
1767 1878 1782 1907 ἲ

48 1914 230 1956 Exsequias
245 1916 411 1947 Chremeti
422 1916 540 1957 quibus
555 1922 605 1947 est
639 1917 769 1947 Phorm.
783 1916 817 1946 ii.
835 1917 865 1953 2,
882 1917 912 1948 9.
1227 1916 1357 1947 Phorm.
1370 1916 1413 1954 iv,
1424 1918 1454 1953 3,
1472 1918 1523 1948 21.

46 1957 251 1989 commodum
267 1961 322 1995 ire,
333 1969 385 1990 em
401 1966 530 2001 tempus
544 1965 603 1990 est.
680 1958 812 1999 erratio]
829 1959 915 1989 Sane
930 1959 990 1990 hac
1002 1959 1104 1990 multo
1116 1970 1191 2001 pro-
1269 1958 1428 2000 evanesce]
1436 1959 1566 1991 Necum
1574 1962 1671 2002 poSta
1678 1961 1782 2003 scrip·

48 2000 179 2031 Phorm.
198 2011 227 2031 v.
245 2002 275 2037 8,
292 2002 344 2034 37.
637 2001 712 2043 pius
726 2001 800 2038 ibis,
822 2007 856 2032 et
870 2001 977 2032 minor
998 2008 1048 2033 est
1068 2005 1192 2033 erratio.
1228 2007 1301 2032 tura
1343 2008 1544 2034 evanesceret.
1590 2003 1674 2035 Hee.
1714 2004 1783 2035 Alt.

90 2042 236 2084 ephebus]
264 2044 439 2085 Postquam
465 2044 605 2076 excessit
639 2043 779 2085 Adelph.
796 2043 839 2074 iv.
856 2045 887 2080 2,
903 2045 956 2075 41.
1230 2043 1314 2075 Prol.
1339 2045 1369 2075 5.

47 2095 89 2116 ex
104 2088 236 2125 ephebis.
255 2087 341 2117 And.
354 2087 374 2117 i.
395 2088 422 2121 1.
438 2088 489 2118 24.
537 2088 605 2118 Iste
681 2086 766 2127 erro]
785 2087 906 2123 Teneo,
916 2086 994 2127 quid
1004 2092 1096 2118 erret.
1107 2087 1192 2119 And.
1271 2086 1389 2128 evenio]
1413 2087 1472 2118 Sin
1483 2090 1611 2125 eveniat,
1627 2089 1712 2128 quod
1725 2099 1783 2120 vo-

47 2130 177 2168 ephebus
197 2129 298 2160 frater
319 2129 486 2162 Phaedriae.
517 2130 603 2161 Eun.
638 2129 685 2160 iii.
699 2131 728 2166 2,
750 2131 798 2160 18.
837 2129 920 2160 'rota
934 2141 1021 2160 erras
1033 2129 1094 2161 via.
1110 2131 1193 2161 Eun.
1229 2129 1270 2159 lo.
1288 2129 1373 2160 And.
1390 2129 1412 2160 i.
1431 2131 1459 2167 1,
1479 2131 1550 2161 138.
1588 2130 1697 2162 Aliter
1716 2143 1784 2163 eve-

47 2181 78 2203 v.
99 2172 126 2207 1,
144 2173 173 2202 8.
640 2172 672 2203 ii.
690 2173 721 2208 2,
740 2173 789 2202 14.
834 2173 956 2203 Errant
972 2172 1078 2213 patria
1090 2183 1194 2204 careo.
1228 2174 1295 2203 nire
1310 2172 1413 2203 multo
1427 2172 1591 2214 intellig-it.
1609 2173 1685 2204 And
1698 2174 1787 2205 Prol.

91 2213 360 2254 Epidicumne]
374 2216 604 2254 Epidicazome-
642 2215 762 2246 Heaut.
778 2214 811 2245 ii.
829 2216 859 2251 3,
879 2215 927 2245 16.
972 2216 1075 2245 Errat
1088 2215 1194 2257 longe.
1229 2215 1260 2245 4.
1284 2214 1408 2246 Praeter
1422 2225 1514 2256 spem
1527 2218 1634 2247 evenit.
1652 2217 1738 2248 And.
1748 2216 1783 2248 ii.

47 2267 105 2287 nen
136 2267 232 2297 quam
258 2264 375 2288 vocant
404 2258 604 2289 comoediam.
640 2258 781 2298 Adelph.
798 2257 818 2288 i.
840 2259 866 2294 l,
883 2258 935 2287 40.
1230 2257 1260 2294 6,
1277 2258 1307 2287 5.
1344 2257 1440 2293 Quod
1461 2258 1489 2288 si
1512 2259 1683 2298 quiessem,
1702 2259 1785 2291 nihil

49 2299 180 2330 Phorm.
198 2299 284 2331 Ptol.
298 2300 349 2331 26.
364 2299 438 2330 vide
456 2300 567 2331 Notas.
683 2299 786 2340 error]
812 2299 890 2330 Illas
912 2309 1031 2337 errore,
1048 2306 1081 2331 et
1103 2306 1135 2331 te
1150 2300 1194 2332 si-
1228 2302 1375 2332 evenisset
1396 2300 1483 2331 mali.
1506 2301 1593 2332 And.
1613 2300 1660 2332 iii.
1683 2303 1714 2338 4,
1732 2303 1784 2333 25.

90 2341 236 2383 epistola]
257 2342 376 2373 Senem
391 2353 451 2384 per
464 2345 607 2382 epistolas
640 2342 707 2374 mul
729 2341 914 2384 suspicione
936 2342 1093 2374 exsolves.
1112 2343 1194 2374 Hec.
1231 2342 1326 2373 More
1355 2343 1523 2374 hominum
1551 2346 1659 2375 evenit.
1708 2344 1785 2376 Tibi

48 2383 193 2426 pellexit.
212 2385 342 2416 Phorm.
359 2385 381 2416 i.
399 2387 429 2422 2,
446 2385 494 2417 17.
512 2387 605 2426 Epis·
641 2396 670 2416 v.
685 2387 715 2421 2,
734 2386 784 2416 26.
1229 2385 1315 2425 quod
1325 2387 1424 2417 evenit
1434 2386 1521 2417 boni.
1537 2386 1624 2417 And.
1636 2397 1665 2418 v.
1678 2387 1709 2424 6,
1721 2389 1786 2418 3et

50 2429 140 2457 totam
162 2428 203 2458 ab
223 2437 262 2458 eo
283 2427 424 2458 adlatam
454 2438 525 2459 esse
547 2438 604 2459 au·
682 2427 838 2468 erubesco]
861 2429 1021 2458 Er-ulmit:
1043 2427 1196 2459 salvam
1230 2429 1261 2457 4.
1290 2427 1476 2468 Numquam
1488 2428 1604 2470 edepol
1612 2429 1785 2470 quicqum

49 2469 127 2500 divi.
153 2469 282 2500 Phorm.
299 2470 320 2500 i.
339 2471 368 2507 2,
385 2471 437 2501 99.
640 2479 699 2501 est.
718 2470 800 2501 Adel
825 2471 857 2501 h.
874 2471 917 2501 iv.
931 2471 960 2506 5,
977 2471 1007 2501 9.
1230 2470 1317 2510 quod
1338 2470 1442 2512 magis
1456 2470 1519 2502 vell
1509 2471 1573 2502 lem
1594 2474 1723 2510 evenire,
1738 2471 1784 2503 mi

92 2511 244 2552 equidem]
270 2513 365 2543 Dabo
379 2514 515 2553 equidem
528 2523 605 2554 ope-
683 2524 805 2553 erumpo
833 2513 966 2549 Vereor,
979 2523 1021 2543 ne
1031 2512 1121 2544 istaec
1130 2513 1195 2544 for·
1229 2515 1337 2543 evenit.
1349 2513 1472 2544 Euam.
1485 2514 1516 2551 6,
1529 2515 1543 2544 1
1556 2515 1629 2545 etz
1659 2514 1694 2546 Si
1705 2515 1786 2556 quid

49 2565 128 2585 ram.
149 2555 235 2586 And.
252 2554 285 2585 ii.
305 2557 332 2591 l,
349 2556 400 2587 27.
433 2555 508 2586 Scio
520 2557 605 2595 equi·
640 2555 746 2586 titudo
760 2556 794 2586 in
808 2565 940 2586 nervom
949 2561 1088 2596 mapa!
1103 2555 1194 2587 deni·
1230 2555 1324 2587 nobis
1361 2555 1446 2587 forte
1477 2537 1606 2588 adversi
1641 2560 1783 2589 evenerit.

50 2600 117 2628 dem
128 2598 300 2632 ducturum
315 2607 386 2628 esse
398 2604 439 2628 te.
466 2597 551 2629 And.
563 2597 605 2629 iv.
640 2608 712 2639 que.
727 2598 857 2629 Phorm.
873 2597 907 2628 ii.
924 2599 955 2634 2,
974 2599 1023 2628 11.
1233 2597 1450 2635 Heautii.3,
1469 2600 1540 2629 114.
1567 2599 1727 2648 Cuiquam
1739 2610 1785 2631 e-

52 2642 80 2676 1,
98 2635 161 2670 35)
194 2641 213 2671 J
217 2640 333 2671 ocabar
347 2642 493 2681 equidm.
531 2640 607 2671 Tibi
682 2639 823 2680 escendo]
833 2641 974 2671 Bne-ndo
986 2640 1020 2671 in
1036 2640 1195 2681 quendam
1230 2650 1293 2680 que
1304 2640 1424 2672 audisti
1435 2641 1633 2683 eommodeq
1613 2642 1784 2684 quicquam

50 2685 186 2722 equidem
208 2682 290 2713 dico.
315 2682 401 2713 Eun.
417 2682 451 2713 ii.
469 2684 500 2720 3,
517 2682 559 2713 86
574 2689 607 2714 et
640 2682 685 2714 ibi
692 2682 1051 2714 excelsumlocumAn.
1061 2683 1095 2714 ii.
1106 2684 1195 2720 2,l9.
1229 2685 1360 2714 evenisse
1371 2685 1389 2714 2
1412 2683 1553 2715 Heaut-
1542 2694 1586 2715 ιν.
1603 2685 1633 2722 3,
1650 2684 1680 2718 7.
1703 2685 1784 2716 Glo-

51 2726 103 2758 87.
152 2725 260 2756 Credo
277 2726 414 2765 equidem
429 2725 521 2756 illum
538 2726 606 2765 jam
682 2724 799 2766 esur-io]
814 2725 898 2766 Spes
912 2730 972 2761 est,
988 2735 1047 2756 noa
1062 2728 1195 2757 ennrua-
1229 2724 1315 2757 rim-e
1350 2728 1483 2758 evenisse
1514 2736 1557 2758 ex
1584 2727 1747 2759 sententia
1769 2729 1784 2759 2

49 2767 246 2799 adfuturum.
270 2767 355 2798 Eun.
369 2767 413 2798 iv.
430 2768 460 2804 6,
478 2769 506 2798 1.
542 2767 604 2798 Fa·
640 2779 689 2799 ros
704 2767 793 2799 satis.
819 2767 940 2799 Heaut.
955 2777 985 2798 v.
1002 2769 1032 2804 2,
1048 2769 1100 2798 28.
1232 2767 1377 2800 fleant.
1367 2769 1712 2812 iv.6,17.Hagnum
1724 2781 1783 2802 ne-

50 2811 113 2841 cile
147 2811 284 2850 equidem
320 2810 427 2841 facere
462 2820 605 2851 possum.
683 2809 810 2851 etenim]
820 2809 1195 2851 Ele-inipsmeamrem
1230 2810 1298 2842 scio
1320 2810 1399 2852 quid
1419 2821 1552 2843 neeesse
1571 2819 1623 2844 ent
1641 2816 1784 2845 euenisse.

52 2853 174 2884 Heaut.
191 2852 238 2883 iii.
253 2854 283 2889 2,
294 2853 346 2883 36.
374 2852 607 2893 Huieequ'den
639 2859 730 2884 recta
741 2852 906 2893 reputavit
920 2852 984 2884 via.
1007 2852 1093 2884 And.
1110 2853 1144 2884 ii.
1163 2853 1194 2890 6,
1231 2822 1340 2885 11qu
1328 2853 1375 2885 iii.
1390 2855 1418 2890 1,
1435 2855 1487 2886 24.
1520 2854 1600 2887 Ain'
1612 2855 1740 2887 tutibi
1730 2866 1783 2886 m-

50 2895 187 2926 consilio
200 2895 342 2936 palmam
354 2895 404 2926 do.
431 2895 551 2926 Heaut.
563 2895 606 2926 ἰν.
643 2896 692 2925 11.
739 2896 864 2926 Etenim
884 2905 949 2936 quo
963 2901 1065 2944 paeto
1073 2895 1108 2926 id
1124 2876 1196 2927 fieri
1229 2896 1434 2928 commodum
1456 2897 1518 2928 hoe
1538 2900 1671 2930 euenisse
1691 2898 1755 2929 iter
1770 2900 1783 2929 2

52 2940 82 2975 3,
95 2939 146 2969 31.
170 2940 320 2978 Equidem
331 2937 441 2968 miror.
457 2937 563 2968 Heau-
577 2947 605 2968 v.
640 2937 753 2974 soleat,
769 2937 879 2968 calleo.
907 2937 1053 2969 Heaut-
1043 2937 1090 2969 iii.
1101 2939 1131 2976 2,
1143 2938 1194 2971 37.
1231 2937 1339 2970 Hec.
1328 2939 1376 2971 lii.
1389 2940 1420 2976 4,
1437 2940 1466 2971 1.
1497 2940 1707 2972 Incommode
1721 2940 1784 2971 mi-

54 2982 82 3016 1,
99 2982 150 3012 24.
175 2980 249 3011 vide
265 2981 378 3011 Notas.
416 2980 508 3011 Scire
521 2982 607 3020 eqni-
623 2988 626 3021 ᾖ
683 2979 793 3020 etiam]
810 2979 902 3012 Nihil
918 2990 936 3011 s
998 2979 1088 3012 ieans
1102 2983 1195 3012 eliani
1228 2980 1263 3012 hi
1279 2981 1521 3024 nuptiiuevenie.
1540 2983 1623 3015 Hee.
1636 2994 1666 3014 v.
1683 2984 1714 3021 3,
1730 2985 1783 3014 40.

51 3025 118 3055 den
134 3023 217 3060 volo,
231 3029 310 3063 quot
328 3022 407 3054 mihi
422 3022 488 3054 sint
502 3021 607 3054 domi-
623 3022 728 3054 mali.
752 2979 837 3054 A]nd.
860 3022 882 3054 i.
902 3023 930 3061 1,
937 2990 997 3054 ι1889).
1042 3025 1097 3054 An
1110 3033 1193 3055 uon-
1229 3023 1336 3059 Quam
1361 3035 1448 3067 sape
1462 3025 1546 3057 forte
1570 3032 1693 3057 temere
1716 3036 1783 3058 eve-
