1852 3216
174 132 313 162 scam
334 119 386 172 1.]

229 208 386 260 Credo.

485 115 1401 160 HEAUTONTIMORUMENOS.

437 207 516 252 SY-
538 207 706 251 Nescio·
719 207 824 264 quid
842 207 1008 263 peccati
1026 214 1169 263 portet
1187 206 1282 250 haec
1298 207 1513 264 purgatio.

1601 118 1687 162 315

226 275 302 316 So.
312 273 586 317 Meministin‘
592 289 658 317 me
667 288 763 317 esse
770 274 1001 330 gravidam,
1009 282 1053 317 et
1060 275 1162 317 mihi
1170 283 1212 318 te
1219 289 1521 331 maxumopere
1530 274 1689 328 dicere,

225 340 272 382 Si
293 339 476 397 puellam
496 355 705 396 parerem,
726 340 837 383 nolle
858 340 977 383 tolli?
1027 341 1112 383 Cu.
1136 342 1235 384 Scio
1256 341 1361 397 quid
1380 340 1546 384 feceris.

170 415 208 445 15
225 405 459 448 Sustulisti.
506 406 585 448 Sr.
608 406 679 449 Sic
707 414 774 449 est
803 406 963 450 factum
994 408 1187 450 domina:
1232 422 1337 463 ergo
1366 406 1499 450 herus
1531 406 1686 450 damno

309 480 462 515 auctus
481 470 562 515 est.

222 538 298 581 So.
314 538 512 581 Minime:
545 539 621 582 sed
636 546 728 582 erat
739 538 809 581 hic
822 539 1045 582 Corinthia
1055 555 1178 590 anus,
1191 538 1309 581 haud
1321 540 1507 595 impura:
1527 538 1568 581 ei
1579 539 1683 582 dedi

222 605 553 661 Exponendam.
617 605 702 648 CH.
737 605 780 647 O
815 604 1042 661 Juppiter!
1096 613 1310 648 tantamne
1341 619 1438 648 esse
1467 605 1513 647 in
1544 605 1685 648 animo

307 672 515 714 inscitiam
527 673 545 714 ἲ

223 737 298 780 So.
323 737 463 780 Perii!
495 737 599 793 quid
618 751 701 792 ego
720 736 831 779 feci?
877 736 962 780 Cn.
985 736 1197 792 Rogitas?
1248 736 1323 780 So.
1346 736 1395 779 Si
1418 738 1608 794 peccavi,
1627 739 1684 782 mi

308 802 531 853 Chremes,

222 868 414 911 Insciens
433 868 528 910 feci.
579 868 665 910 CH.
686 868 738 910 Id
757 868 956 923 equidem
975 883 1073 924 ego,
1096 869 1132 910 si
1152 876 1198 910 tu
1219 883 1366 924 negeS,
1387 877 1507 912 certo
1524 869 1628 921 scio,

165 942 207 972 20
222 933 292 976 Te
312 934 575 984 inscientem,
595 940 725 989 atque
745 934 1071 989 imprudentem,
1092 933 1236 976 dicere
1256 949 1307 976 ac
1326 933 1468 976 facere
1488 936 1651 978 omnia:

220 998 310 1042 Tot
328 1006 505 1055 peccata
523 999 567 1040 in
585 998 667 1041 hac
682 1013 728 1040 re
748 999 963 1041 ostendis:
994 1014 1106 1049 nam,
1122 999 1211 1054 jam
1230 999 1426 1054 primum,
1448 1000 1483 1042 si
1501 1015 1642 1043 meum

219 1064 450 1121 Imperium
469 1064 649 1120 exsequi
667 1063 890 1115 voluisses,
911 1065 1177 1107 interemtam
1198 1065 1411 1120 oportuit:

214 1130 320 1174 Non
341 1130 538 1174 simulare
554 1138 734 1174 mortem
752 1131 910 1182 verbis,
930 1146 978 1174 re
998 1131 1093 1187 ipsa
1113 1145 1234 1187 spem
1252 1130 1350 1173 vitae
1370 1130 1489 1173 dare.

207 1238 257 1269 12.
290 1239 368 1269 Hae
393 1235 554 1278 purgatio]
579 1236 669 1268 Serv.
695 1236 826 1268 AEneid.
856 1236 902 1268 iii.
946 1236 1020 1268 dem
1044 1236 1085 1268 ad
1112 1236 1316 1268 Paterculum
1339 1236 1536 1278 corrigebat:
1563 1239 1616 1269 Sic
1640 1243 1687 1270 est

162 1282 236 1313 595.
274 1280 477 1312 L—-Faerni
501 1286 535 1312 et
556 1279 658 1311 nostri
684 1279 759 1311 libri
784 1280 905 1311 habent
937 1279 1080 1320 sactum.-
1105 1281 1237 1312 Domina
1256 1291 1319 1322 ego,
1341 1282 1431 1312 heras
1451 1282 1559 1312 dano
1578 1287 1686 1313 auctu

158 1329 274 1364 portat.
306 1325 344 1355 Β.

208 1369 258 1399 13.
281 1367 395 1407 Ejecto
409 1378 482 1405 esse,
496 1366 568 1407 lege
578 1377 714 1398 mmo
735 1377 822 1407 opere
836 1368 901 1398 edi-

162 1421 237 1447 cere,
254 1420 366 1442 versua
381 1410 493 1452 gratia.
525 1409 564 1440 B.

208 1455 258 1485 14.
280 1455 372 1485 Nolle
393 1452 501 1494 wau]
522 1454 649 1490 Tollere,
671 1452 804 1484 nutrire.
841 1453 901 1484 Ju-

162 1496 296 1534 venalia,
320 1497 387 1527 Sat.
398 1496 441 1527 vi.
458 1497 509 1527 38.
533 1498 635 1527 tollere
649 1497 765 1527 dulcem
781 1498 904 1537 Cogitat

161 1542 317 1572 herede..
348 1540 384 1571 C.

208 1585 257 1615 15.
284 1581 459 1624 Sustulisti]
482 1584 640 1614 Edneasti.
688 1582 761 1614 Hoc
782 1581 817 1613 in
838 1582 902 1614 alia

162 1625 396 1668 significatione
462 1636 693 1666 nonnunquam
758 1625 900 1668 ponitur.

161 1672 281 1701 Danao
294 1668 418 1710 auctus]
435 1669 573 1711 Propter
587 1669 695 1700 dotem
711 1679 782 1710 quae
796 1669 900 1701 datur.

163 1713 207 1744 Et
221 1720 309 1745 recte
323 1715 430 1744 domo
451 1712 543 1743 dixit.
581 1712 666 1744 Nam
688 1714 838 1750 damam,
853 1712 901 1744 rei

162 1763 231 1792 est3
252 1758 363 1788 malim
375 1766 461 1793 vero,
477 1755 626 1787 bominis.
660 1755 817 1793 Dicimus,
833 1758 901 1797 Ego

160 1810 226 1831 m-
240 1805 348 1831 mm
361 1801 477 1836 damno,
493 1805 535 1836 et,
551 1800 701 1830 Damna
714 1804 761 1830 est
779 1805 902 1830 mactum

160 1845 244 1874 nihi.
283 1842 338 1880 Ut,
354 1845 459 1883 Argeo
473 1844 530 1873 tibi
544 1844 678 1879 dividas,
694 1849 737 1879 et,
751 1843 858 1882 Augeo
871 1847 901 1874 te

159 1888 287 1918 divitiis.
325 1886 370 1916 Et
383 1896 442 1927 per
455 1885 629 1927 passivum,
648 1886 694 1916 Tu
708 1887 831 1926 augeri-t
850 1887 900 1916 do·-

159 1931 253 1967 vr'tiis,
269 1935 312 1967 et,
327 1931 455 1960 Divitia
473 1934 625 1970 augentur
638 1930 705 1959 tibi.
736 1929 902 1969 C.——Ergo

160 1974 250 2004 heras
264 1975 371 2004 dano
382 1971 507 2013 auctas]
524 1972 618 2003 Nove
632 1971 773 2014 positum
795 1977 902 2003 auem

159 2017 277 2054 dmum,
303 2015 390 2057 quod
415 2015 446 2046 ei
473 2015 606 2046 coheres
630 2015 739 2057 puella
765 2014 901 2053 venerit,

161 2069 258 2100 quam
286 2059 378 2090 dedit
406 2058 639 2100 exponendam.
690 2058 777 2094 Quia
804 2068 902 2100 supra

159 2102 288 2134 dixerat
307 2112 417 2139 senex,
433 2103 585 2133 sustulisti
594 2115 605 2137 ,·
635 2101 755 2133 idcirco
776 2101 831 2139 ait,
846 2113 899 2133 es-

154 2148 322 2185 ponendam
344 2148 425 2183 dedi,
448 2155 511 2186 quo
534 2145 641 2176 minus
663 2145 808 2176 videatur
829 2155 900 2176 esse

159 2188 322 2220 delictum.
383 2189 449 2220 nie
480 2190 548 2229 jam
583 2189 773 2220 immutatus
803 2188 898 2219 vehe-

159 2238 287 2264 menter
300 2243 410 2269 senex,
424 2232 510 2273 quod
524 2232 671 2274 exposita
684 2231 793 2273 puella
805 2239 898 2269 esset,

160 2282 195 2306 et
218 2276 365 2317 exposita
392 2277 535 2307 adversm
561 2277 701 2307 edictum.
751 2275 802 2306 I‘ta
827 2285 902 2306 cum

159 2317 316 2360 impetum
327 2319 487 2360 generalis
499 2318 711 2350 accusationis
723 2318 900 2356 sumsisset,

160 2361 270 2393 mtim
290 2362 347 2393 illa
371 2362 412 2394 ad
435 2362 644 2403 quaestionem
667 2362 844 2399 descendit,
867 2369 901 2393 et

161 2410 280 2436 atatim
304 2405 505 2447 apertissime
533 2405 701 2437 collocavit
730 2405 898 2442 venialem,

161 2457 236 2478 cum
260 2447 360 2479 dixit:
392 2450 427 2479 Si
446 2451 580 2488 peccavi,
606 2451 648 2480 mn·
676 2451 822 2486 Chremes,
849 2451 897 2480 in-

161 2492 258 2521 sciens
277 2490 353 2531 seei.
401 2491 528 2523 Deinde
556 2492 750 2534 supponitur
773 2492 900 2534 plenior

161 2533 338 2564 accusatio:
372 2536 413 2565 Id
435 2537 554 2575 quidem
577 2547 639 2576 ego,
663 2538 721 2567 etsi
744 2541 777 2567 tu
800 2547 898 2577 neges,

160 2582 275 2607 eertum
288 2579 360 2614 m'o,
376 2582 405 2608 te
419 2580 633 2618 mpudentem
654 2580 753 2610 dicere
774 2585 829 2610 aut
840 2578 897 2619 sa-

160 2630 227 2650 eere
240 2622 348 2650 ornain.
385 2620 514 2652 Deinde
534 2627 608 2663 post
626 2621 822 2664 principium
843 2633 897 2653 ac-

160 2662 336 2694 cusationis
360 2663 598 2713 subjunguntur
621 2665 729 2696 omnia
751 2665 897 2703 crimina,

160 2716 232 2747 quae
254 2716 273 2737 a
294 2716 419 2737 summo
440 2707 482 2738 ad
507 2706 609 2738 imum
635 2707 803 2739 dicuntur.
841 2710 899 2740 Tot

156 2754 284 2789 peccata
307 2751 340 2780 ae'n
362 2751 419 2780 hae
440 2760 474 2780 re
496 2752 636 2781 oeten-dis.
676 2750 722 2782 Et
745 2751 898 2792 proponit

160 2792 221 2824 sibi
242 2792 333 2834 quasi
356 2792 515 2833 quandam
538 2792 747 2842 quaestionem
772 2794 897 2832 mulier,

159 2846 231 2876 quae
245 2842 358 2867 contra
377 2836 548 2877 imperium
570 2835 677 2867 mariti
698 2836 843 2872 fecissen
865 2844 899 2869 et

159 2879 249 2917 dicit,
272 2889 307 2910 se
331 2880 392 2910 hoc
416 2879 537 2920 pietate
559 2886 593 2910 et
621 2886 766 2911 materno
795 2880 899 2921 egisse

160 2922 277 2954 animo.
309 2923 515 2954 E.—Versus
529 2932 658 2954 sensum
680 2933 750 2954 esse
771 2930 897 2964 pertur-

160 2965 279 3004 batum,
292 2976 403 2997 ornnes
418 2966 631 2997 consentiunt.
650 2965 815 2998 Acidalius
827 2967 896 3008 qui—

946 1329 1001 1354 est.
1040 1323 1111 1354 Etsi
1134 1323 1203 1355 haec
1224 1325 1407 1364 conjectura
1427 1330 1478 1356 est
1497 1324 1683 1366 ingeniosa.

946 1365 1111 1408 periclitor
1131 1372 1239 1398 tamen
1261 1377 1378 1398 novam
1398 1366 1511 1405 aleam,
1533 1374 1568 1398 et
1587 1377 1683 1420 repo-

945 1419 1007 1440 no:
1039 1411 1206 1441 Sustulisti.
1235 1411 1267 1441 S.
1294 1411 1347 1441 Sic
1366 1415 1414 1442 est
1424 1409 1566 1451 sactu.-
1588 1414 1686 1460 niv-or

945 1455 1122 1494 ergohenoe
1142 1455 1451 1485 damnatura!-
1488 1454 1601 1485 Herus
1620 1453 1684 1486 mi-

945 1506 1006 1527 nor
1015 1503 1065 1528 eet
1076 1495 1227 1538 Clitipho,
1241 1495 1296 1537 qui
1307 1495 1419 1538 utique
1429 1507 1539 1529 sorore
1552 1496 1686 1530 inventa
1727 1494 1730 1497 ⁴

945 1540 1144 1571 mactabatur
1168 1539 1254 1571 dotis
1279 1541 1349 1580 ejus
1376 1540 1504 1572 damno.
1557 1540 1611 1573 Sic
1633 1540 1684 1573 vi·

944 1582 1039 1614 detur
1052 1582 1169 1624 legisse
1184 1582 1400 1625 Eugraphius.
1428 1583 1467 1614 B.

991 1627 1039 1657 16.
1067 1627 1165 1657 Hand
1184 1625 1320 1667 impura]
1343 1626 1588 1659 Commendatio
1608 1637 1684 1669 per·

944 1679 1031 1700 sonae
1052 1669 1106 1700 cui
1128 1670 1202 1701 data
1223 1670 1432 1711 exponenda.
1463 1680 1506 1702 ne
1527 1670 1684 1703 Chremes

943 1713 984 1744 ab
999 1723 1037 1744 ea
1052 1712 1213 1755 impudice
1229 1713 1329 1744 filiam
1350 1713 1517 1744 educatam
1538 1714 1683 1756 suspico-

943 1762 1005 1787 tur.
1043 1757 1130 1796 lupa
1131 1768 1192 1792 rus,
1208 1763 1258 1787 est
1272 1755 1379 1797 aliquo
1394 1756 1474 1788 vitio
1485 1757 1683 1790 maculatus:

942 1805 976 1830 et
989 1798 1161 1840 aliquando
1175 1799 1320 1830 dicitur
1308 1801 1466 1839 mprobus.
1496 1800 1534 1831 C.

988 1810 1053 1875 17q
1062 1843 1090 1873 Ο
1103 1844 1249 1883 Iuppiter
1256 1841 1289 1883 !]
1304 1842 1472 1874 Terribilis
1492 1842 1684 1875 exclamatio

943 1884 1040 1922 senis,
1052 1892 1220 1926 postquam
1235 1885 1359 1916 audivit
1371 1885 1470 1917 filiam
1485 1885 1561 1917 anui
1576 1885 1685 1918 datam

943 1928 1175 1969 exponendam.
1228 1929 1356 1959 Tantam
1384 1927 1498 1969 fame]
1517 1927 1685 1970 Ἔλλειψις

943 1978 994 2002 est
1022 1982 1093 2012 quae
1122 1971 1217 2003 datur
1243 1970 1345 2009 iratis,
1371 1971 1561 2003 subauditur
1587 1974 1684 2004 decet.

943 2013 1119 2055 lanitia-1]
1137 2016 1263 2046 Insa-itia
1275 2020 1325 2046 est
1338 2014 1520 2056 ignorantia
1537 2016 1683 2056 quaedam

943 2068 1062 2089 rerum.
1102 2057 1177 2095 Hic,
1193 2064 1230 2089 ut
1242 2057 1394 2099 proderet
1407 2068 1442 2089 se
1463 2057 1568 2100 ipsam
1588 2059 1683 2091 alteri

942 2100 978 2132 in
993 2101 1142 2139 facinore,
1158 2101 1244 2142 quod
1256 2100 1484 2133 celatissimum
1499 2111 1570 2134 esse
1584 2102 1682 2134 debe-

942 2151 1003 2176 ret.
1032 2145 1068 2176 C.

988 2189 1036 2219 18.
1060 2188 1124 2219 Cn.
1142 2186 1287 2228 Rogitas]
1305 2187 1368 2219 Ma.
1386 2187 1427 2218 R.
1443 2194 1567 2220 etvett.
1589 2188 1681 2222 codd.

942 2231 1007 2263 Cn.
1033 2234 1079 2262 At
1103 2233 1245 2272 rogitas?
1269 2230 1431 2262 L.-Cod.
1450 2230 1614 2281 plerique,
1636 2234 1683 2265 At

944 2277 1073 2315 rogitas.
1068 2277 1082 2297 ⁹
1102 2275 1187 2315 quod
1197 2273 1401 2314 estmajoris
1525 2274 1631 2307 tionis.
1642 2275 1683 2308 Β.

989 2318 1038 2349 19.
1062 2319 1196 2349 Insciens
1200 2316 1284 2358 sect]
1296 2319 1436 2349 Prudens
1450 2323 1500 2349 est
1513 2317 1570 2358 qui
1582 2317 1682 2351 intel-

942 2360 1076 2402 ligentia
1087 2371 1146 2392 sua
1159 2360 1281 2402 aliquid
1295 2360 1411 2392 sentit:
1433 2362 1539 2398 sciens,
1551 2360 1607 2402 qui
1620 2361 1681 2394 ali·

941 2406 1033 2445 cujus
1061 2404 1182 2436 indicio
1210 2414 1280 2436 rem
1307 2403 1481 2445 cognoscit.
1532 2405 1682 2445 Prudens,

941 2458 1001 2489 per
1022 2458 1111 2479 sese.
1145 2450 1251 2484 sciens,
1273 2457 1333 2489 per
1353 2446 1442 2478 alios.
1479 2447 1581 2487 Cujus
1600 2458 1679 2481 con-

943 2491 1076 2523 trarium
1098 2493 1237 2528 insciens,
1262 2497 1295 2521 et
1317 2496 1366 2522 est
1388 2490 1443 2531 qui
1467 2489 1680 2532 ignoratrm.

942 2534 988 2565 Et
1001 2536 1207 2575 imprudemq
1208 2534 1242 2565 ui
1256 2544 1321 2565 non
1336 2533 1496 2565 delectum
1511 2533 1608 2567 habet
1620 2533 1679 2567 bo-

941 2588 1057 2609 norum
1075 2584 1108 2609 et
1128 2577 1294 2609 malorum.
1329 2578 1465 2608 lmese-s
1475 2576 1561 2618 sed]
1577 2577 1679 2610 Veni-

941 2621 1001 2653 alis
1015 2628 1126 2653 status.
1156 2621 1192 2652 C.
1194 2621 1326 2661 —Lege
1340 2630 1414 2651 cum
1430 2619 1500 2652 solo
1520 2620 1679 2654 Bembina

939 2667 1075 2705 equidem
1088 2675 1151 2705 ego,
1168 2673 1279 2695 versus
1290 2673 1396 2694 causa.
1428 2663 1493 2695 Β.

983 2709 1035 2739 22.
1068 2709 1230 2747 Imperium
1256 2705 1393 2748 exsequi]
1418 2706 1565 2740 Primum
1584 2707 1679 2750 ponit

939 2758 1115 2793 peccatum,
1130 2750 1216 2791 quod
1230 2756 1342 2781 contra
1355 2749 1495 2782 edictum
1514 2760 1609 2783 tum
1628 2751 1677 2784 ἠ-

940 2794 1030 2826 cerit.
1072 2794 1266 2824 Iuteremtan
1276 2791 1435 2842 operm]
1456 2793 1524 2825 Hic
1545 2794 1678 2836 poninu-

939 2835 1431 2911 ξῖὶῗῗιίἳέἕῗᾶᾞῗηὶᾟ·
1420 2879 1455 2912 in
1452 2836 1677 2913 αἱὶοιΞἛῖ

940 2924 1039 2959 sibus,
1054 2922 1235 2954 accusativo
1249 2930 1283 2955 et
1295 2922 1442 2956 ablativo.
1472 2924 1510 2955 C.

984 2967 1034 2997 23.
1070 2968 1154 3007 Spem
1179 2965 1264 3007 vitae]
1288 2966 1418 2998 Scilicet
1443 2977 1508 2999 non
1534 2967 1676 3010 oportuit
