1852 3216
118 198 258 226 semu
280 183 341 239 v.]

677 181 1087 225 EUNUCHUS.

1555 181 1639 223 243

116 283 157 314 30
173 273 288 316 Nam
300 274 392 330 jam
409 273 484 316 diu
503 271 690 328 aliquam
710 287 882 315 causam
903 273 1125 328 quaerebat
1145 287 1290 323 senex,

173 340 464 389 Quamobrem
483 339 648 395 insigne
669 338 829 394 aliquid
851 338 1011 381 faceret
1031 339 1105 380 iis:
1138 353 1250 381 nunc
1271 338 1476 394 repperit.

373 527 625 576 ACTUS
671 525 955 581 QUINTI
1002 525 1252 574 SCENA
1298 525 1383 573 VI.

629 652 843 684 PYTHIAS.
887 651 1131 683 PARMENO.

175 738 414 782 Nomium
424 735 592 791 aedepol
600 734 846 791 quicquamj
852 749 919 776 am
928 734 1017 785 diu,
1028 735 1144 790 quod
1155 735 1290 790 magis
1300 733 1447 776 vellem
1457 734 1643 784 evenire,

176 804 289 846 Mihi
304 803 459 852 evenit,
476 816 602 857 quam
621 801 738 856 quod
758 801 886 842 modo
906 816 1039 843 senex
1055 802 1167 843 intro
1187 801 1241 843 ad
1257 816 1333 842 nos
1351 800 1465 842 venit
1481 814 1641 842 errans,

177 869 290 912 Mihi
312 868 413 911 solae
432 866 611 909 ridiculo
631 865 728 916 fuit,
751 881 863 921 quae,
887 867 991 922 quid
1012 867 1194 916 timeret,
1218 867 1415 908 sciebam.

175 935 290 977 PAR.
319 934 438 982 Quid
462 932 546 974 hoc
575 939 719 973 autem
742 934 837 974 est?
890 931 973 973 ΡΥ.
1002 931 1134 974 Nunc
1159 932 1204 973 id
1224 932 1404 987 prodeo,
1425 938 1474 973 ut
1496 945 1648 973 conve·

260 1001 371 1042 niam
392 999 715 1041 Parmenonem.

143 1075 162 1104 5
179 1066 268 1109 Sed
288 1066 364 1108 ubi
383 1065 563 1107 obsecro
582 1064 679 1105 est?
726 1061 839 1104 PAR.
864 1062 941 1105 Me
962 1063 1116 1118 quaerit
1136 1062 1260 1104 haec?
1307 1061 1391 1104 ΡΥ.
1413 1062 1562 1118 Atque
1583 1078 1651 1105 ec-

259 1146 355 1173 cum
375 1130 500 1171 video
519 1145 528 1170 :
560 1128 703 1170 adibo.

175 1196 288 1239 PAR.
313 1195 433 1244 Quid
450 1200 532 1245 est,
551 1194 724 1249 inepta?
765 1194 868 1249 quid
895 1195 973 1236 tibi
996 1195 1092 1236 vis?
1132 1194 1233 1250 quid
1266 1194 1411 1236 rides?
1450 1194 1647 1250 pergin’2

262 1262 345 1304 ΡΥ.
369 1261 501 1312 Perii,

176 1327 364 1370 Defessa
387 1327 476 1382 jam
508 1341 601 1367 sum
629 1326 783 1367 misera
812 1331 855 1367 te
885 1325 1081 1368 ridendo.

262 1393 446 1449 Rogitas
462 1394 480 1434 ’ξ

1143 1325 1258 1367 PAR.
1281 1325 1402 1374 Quid
1424 1327 1512 1368 ita?
1564 1326 1647 1368 ΡΥ.

175 1459 412 1514 Nunquam
431 1457 504 1514 pol
524 1457 737 1499 hominem
758 1456 996 1499 stultiorem
1016 1456 1116 1506 vidi,
1138 1471 1216 1498 nec
1237 1456 1416 1499 videbo:
1448 1456 1519 1508 ah,

176 1524 281 1567 Non
299 1539 476 1580 possum
498 1524 599 1565 satis
620 1538 811 1573 narrare,
834 1537 941 1578 quos
962 1521 1088 1563 ludos
1109 1522 1346 1577 praebueris
1366 1522 1505 1564 intus:

164 1644 216 1674 30.
243 1643 322 1673 Nam
329 1642 397 1682 jam
410 1643 463 1672 diu
475 1643 607 1681 aliquam
617 1651 738 1671 causam
749 1651 864 1680 quaere-

122 1689 174 1718 bat
184 1685 287 1726 senex]
306 1686 391 1716 Nota
403 1696 533 1721 causam,
546 1694 605 1725 pro
620 1683 796 1714 occasione.
823 1683 864 1714 D.

165 1730 215 1760 31.
242 1730 437 1763 Quamobrem
454 1730 573 1768 insigne
594 1728 713 1767 aliquid
725 1726 863 1768 faceret]

122 1771 331 1804 Manifestius
346 1771 406 1802 hoc
423 1770 605 1802 Menander
618 1770 768 1811 explicat,
778 1771 863 1810 jam-

122 1815 247 1857 pridem
275 1814 427 1845 infestum
455 1812 616 1844 meretrici
646 1823 767 1850 senem,
792 1819 866 1854 post

121 1865 307 1899 corruptum
331 1858 370 1888 ab
397 1867 434 1888 ea
462 1856 659 1887 Phaedriam:
696 1866 781 1886 nunc
807 1856 863 1887 de-

121 1912 209 1933 mum
226 1911 261 1932 se
281 1901 414 1931 inventa
436 1899 602 1930 occasione
618 1898 863 1929 vindicaturum.

124 1943 336 1984 Quamobrem]
353 1943 509 1979 Quamvis
522 1942 657 1973 dixisset
669 1953 799 1977 causam,
813 1941 864 1972 in»

122 1987 197 2019 tulit
223 1988 418 2028 quamobrem.
465 1987 587 2026 Insigne
610 1984 744 2025 aliquid]
772 1985 865 2025 Mag·

121 2041 200 2062 num
215 2037 247 2062 et
263 2030 370 2061 nobile
385 2029 517 2060 facinus.
545 2027 689 2069 Faceret]
702 2029 868 2060 ’Ῑδιοτικῶς

122 2073 215 2105 dixit.
249 2074 417 2105 D.—Cum
443 2073 521 2103 ordo
546 2073 714 2103 verborum
743 2071 776 2102 in
803 2071 867 2102 alio

121 2118 191 2149 cod.
208 2117 290 2148 alius
306 2117 357 2154 sit,
375 2123 416 2153 et,
429 2117 549 2156 aliquid
560 2117 633 2146 mali
648 2117 774 2155 insigne,
788 2114 866 2145 satis

123 2160 240 2192 Latine
257 2160 321 2191 dici
341 2166 496 2200 nequeat;
520 2169 650 2200 repone,
670 2157 866 2192 Quamobrem

123 2206 243 2245 aliquid
263 2215 344 2244 aegre
357 2203 438 2243 sac.-
467 2210 503 2233 ut
526 2212 623 2243 supra
645 2201 686 2232 iv.
707 2202 734 2231 1.
761 2202 808 2231 10.
833 2208 866 2232 et

123 2246 227 2278 Piaut.
245 2247 316 2278 Cas„
334 2246 379 2277 iii.
397 2248 426 2276 4.
447 2247 494 2278 17.
513 2245 567 2276 ubi
582 2256 663 2286 aegre
674 2243 782 2284 facere
804 2245 863 2275 ali-

122 2293 172 2321 em·
187 2290 333 2322 occurrit.
370 2290 407 2320 B.

170 2335 196 2364 l.
219 2335 384 2374 Nunquam
399 2334 513 2373 edepol
528 2334 687 2372 quicquam
700 2331 771 2371 jam
793 2330 864 2371 diu]

125 2376 257 2417 Pythias
276 2376 438 2417 egreditur
456 2375 553 2406 veluti
576 2374 710 2405 irrisura
734 2374 865 2405 Parme·

125 2428 252 2455 nonem,
273 2427 308 2450 ut
329 2419 399 2460 ipsa
421 2425 523 2460 putat.
570 2418 690 2459 Egredi
716 2425 823 2448 autem
847 2428 866 2448 a

125 2470 220 2503 poeta
246 2462 380 2503 cogitur,
404 2470 440 2493 ut
461 2462 575 2493 doceat
600 2460 765 2503 populum,
789 2460 866 2501 quid

125 2505 214 2536 intus
225 2505 326 2546 egerit
338 2515 445 2536 senex.
485 2505 572 2546 Ergo
584 2514 722 2546 persona
733 2503 863 2534 cachin-

126 2557 208 2579 nans
233 2547 404 2584 inducitur,
432 2558 578 2588 quaerens
609 2548 862 2578 Parmenonem:

126 2598 320 2632 aspectuque
346 2592 424 2631 ejus,
447 2591 488 2622 ob
515 2591 650 2622 nimium
677 2591 787 2627 risum,
811 2590 867 2621 vix

125 2633 214 2674 loqui
243 2644 336 2675 posse
367 2633 505 2675 (potest).
557 2635 720 2675 Nunquam
754 2636 870 2674 aedepol

126 2675 300 2718 quicquam]
318 2676 439 2707 Rarum
457 2683 507 2708 est
522 2677 652 2708 evenire
667 2677 752 2717 quod
767 2677 866 2708 velis:

126 2726 159 2751 et
183 2719 268 2760 quod
293 2719 432 2750 maxime
455 2719 544 2756 velis,
567 2719 601 2750 id
624 2730 732 2751 rarum
756 2720 866 2761 magis.

127 2763 377 2804 D.—Nunquam
406 2762 535 2803 aedepol]
565 2762 646 2793 Haec
669 2773 766 2794 scena
791 2773 867 2794 con-

127 2806 210 2837 tinet
231 2806 483 2843 insultationem,
505 2806 589 2846 quod
610 2816 683 2836 cum
705 2806 869 2846 ingressus

126 2855 212 2881 esset
232 2859 332 2880 senex
347 2848 382 2880 in
404 2849 534 2880 domum
556 2848 699 2886 Thaidis,
715 2848 805 2889 quasi
827 2849 868 2880 ti·

125 2892 233 2924 midus
260 2899 293 2923 et
318 2891 475 2923 sollicitus
502 2892 543 2923 de
570 2891 628 2922 filii
650 2902 755 2933 poena,
779 2891 869 2924 inve·

127 2936 213 2967 neu-it
234 2946 308 2967 eum
331 2935 479 2966 indutum
502 2940 591 2966 veste
613 2935 761 2972 eunuchi,
785 2935 869 2976 quod

128 2989 162 3010 se
188 2979 320 3020 Pythias
347 2989 404 3020 per
424 2978 531 3009 dolum
557 2978 670 3009 fecisse
694 2978 810 3015 iaudat,
834 2985 869 3011 ut

131 3022 287 3054 Parmeno
318 3022 528 3063 deciperetur,
555 3032 590 3052 nc
622 3028 708 3053 metu
740 3021 869 3053 territus

911 1638 1042 1670 domino
1064 1638 1232 1676 indicaret,
1252 1638 1337 1680 quod
1359 1639 1464 1670 celare
1487 1640 1649 1671 debuerat.

910 1682 1049 1713 Pulchre
1070 1688 1178 1713 autem
1199 1680 1328 1719 factum,
1353 1682 1437 1723 quod
1460 1689 1548 1714 metu
1569 1693 1649 1724 quo-

909 1726 982 1756 dam
995 1725 1180 1767 compulsus
1189 1735 1288 1756 senex
1299 1725 1463 1766 ingressus
1479 1733 1528 1758 est
1542 1726 1576 1758 in
1592 1727 1649 1758 do·

909 1779 997 1800 mum
1022 1768 1211 1805 meretricis,
1234 1775 1270 1800 ut
1293 1768 1360 1799 filio
1383 1769 1586 1806 subvenirem
1619 1776 1652 1801 et

908 1812 964 1849 sic,
980 1811 1057 1843 dum
1073 1811 1139 1842 illic
1162 1812 1317 1843 Chremes
1339 1818 1397 1849 est,
1414 1812 1512 1843 frater
1525 1823 1652 1854 quoque

909 1855 1030 1886 vitiatae
1055 1854 1190 1895 virginis
1215 1855 1316 1892 adest,
1345 1862 1377 1886 et
1404 1855 1546 1887 Choereae
1575 1866 1650 1897 pro-

908 1898 1020 1929 missio
1035 1897 1076 1928 ad
1090 1898 1221 1939 nuptias
1235 1897 1422 1939 completur.
1456 1898 1494 1929 E.

953 1942 981 1971 2.
1005 1942 1091 1972 Intro
1103 1943 1145 1971 ad
1155 1952 1207 1972 nos
1218 1943 1299 1972 venit
1309 1940 1432 1982 errans]
1447 1942 1478 1972 N
1482 1952 1523 1972 on
1538 1952 1652 1983 gressu

911 1994 1031 2020 errans,
1042 1994 1102 2014 nec
1114 1983 1183 2020 via;
1202 1984 1258 2015 sed
1270 1984 1378 2014 animo
1387 1990 1419 2015 et
1428 1984 1590 2025 opinione.
1609 1985 1651 2016 D.

954 2028 982 2057 3.
1006 2028 1088 2057 Mina·
1102 2028 1172 2058 ³01ae
1188 2028 1318 2058 ridiculo
1330 2026 1415 2068 fuit]
1440 2030 1502 2059 Sota·
1523 2028 1649 2069 regula-

909 2069 989 2101 riter
1002 2070 1137 2101 dicitur:
1161 2072 1231 2101 ⁸⁶1ae
1247 2080 1311 2101 non
1327 2077 1422 2108 recte,
1437 2071 1493 2103 sed
1505 2072 1652 2112 antique;

909 2120 945 2144 ut
968 2113 1054 2151 alibi,
1078 2115 1145 2144 Hoc
1171 2116 1238 2153 ipsa
1259 2116 1292 2144 t'n
1313 2115 1422 2145 itinere
1447 2116 1553 2146 alteroe
1581 2117 1652 2147 dum

909 2162 1027 2194 narrat,
1041 2155 1126 2196 sorte
1147 2159 1260 2188 audivi.
1300 2156 1460 2188 D.—Etsi
1482 2160 1553 2189 sola
1574 2158 1652 2190 olim

909 2200 1030 2231 dictum
1053 2206 1121 2236 est;
1153 2209 1219 2231 non
1242 2205 1348 2231 tamen
1372 2211 1512 2241 unquam
1535 2203 1596 2232 solo
1617 2201 1652 2233 in

909 2243 1040 2274 mascul.
1056 2253 1115 2284 pro
1130 2245 1195 2274 soti.
1233 2243 1394 2274 Caeterum
1408 2246 1521 2275 ,scibam
1536 2244 1651 2286 placet,

908 2297 967 2328 pro
981 2288 1121 2318 sciebam.
1154 2286 1191 2317 B.

953 2331 984 2360 4.
1010 2329 1092 2364 Quid
1105 2332 1159 2361 hoc
1172 2335 1272 2361 autem
1287 2335 1333 2361 est
1344 2329 1378 2370 ?]
1396 2330 1570 2362 Ridentem
1590 2330 1651 2362 mi·

909 2380 999 2404 ratur
1015 2373 1182 2404 Parmeno.
1221 2374 1313 2404 Nunc
1327 2375 1361 2404 id
1372 2373 1499 2414 prodeo]
1517 2374 1654 2416 Propter

909 2417 951 2448 id.
984 2417 1026 2447 D.

953 2460 982 2490 5.
1009 2459 1047 2490 In
1059 2465 1134 2490 vett.
1147 2459 1238 2491 libris
1252 2459 1368 2491 Faerni
1377 2466 1409 2490 et
1419 2459 1537 2491 nostris
1547 2461 1652 2499 verba,

908 2514 953 2535 me
969 2505 1079 2544 quoerit
1093 2505 1165 2540 haec,
1181 2502 1370 2534 affirmative
1385 2503 1545 2543 leg-untur.
1577 2504 1615 2535 B.

953 2547 981 2577 6.
1011 2548 1093 2580 Quid
1107 2548 1189 2577 rides
1199 2548 1214 2576 ,⁷
1233 2548 1352 2586 pergin’
1364 2545 1397 2587 ?]
1416 2547 1460 2577 Et
1471 2546 1567 2587 hnjus
1580 2557 1650 2579 ver-

910 2589 960 2621 bis
989 2589 1131 2621 ostendit
1161 2589 1372 2629 (ostenditur),
1394 2599 1488 2630 quam
1515 2590 1653 2622 multum

909 2633 1014 2664 rideat
1043 2632 1191 2674 petulans
1220 2632 1336 2673 puella.
1381 2631 1485 2673 Perii]
1518 2633 1653 2676 Proprie

911 2677 963 2707 hic
978 2677 1062 2716 (hoc)
1074 2676 1207 2707 verbum
1219 2682 1269 2707 est
1280 2682 1402 2717 aptum,
1414 2676 1503 2717 quasi
1515 2676 1559 2708 sit
1569 2677 1654 2710 lam

910 2719 1055 2750 ridendo.
1087 2719 1228 2750 D.—Ne
1250 2718 1408 2750 claudicet
1429 2729 1550 2759 versus,
1571 2719 1653 2762 lege,

910 2765 987 2804 quid
1001 2764 1058 2793 tibi
1073 2765 1144 2793 est?
1166 2768 1204 2793 ut
1218 2761 1366 2794 Creticus
1381 2761 1546 2795 efficiatur.
1578 2764 1617 2795 B.

956 2808 984 2837 8.
1010 2807 1172 2846 Nunquam
1191 2807 1305 2845 aedepol
1323 2807 1467 2837 hominem
1486 2808 1654 2839 tenuiorem

912 2848 994 2890 vidi]
1012 2848 1185 2889 Postquam
1204 2859 1293 2889 rogae
1313 2848 1448 2886 dixerat,
1464 2850 1555 2890 quasi
1577 2860 1652 2882 nar-

913 2899 1022 2923 ratura
1036 2891 1224 2922 videbatur:
1248 2898 1282 2924 et
1297 2891 1380 2932 (sed)
1395 2892 1478 2924 redit
1493 2893 1534 2924 ad
1551 2893 1653 2926 insul-

913 2935 1076 2966 tationem.
1109 2935 1150 2965 D.

957 2981 985 3010 9.
1012 2980 1092 3012 Quos
1100 2980 1185 3009 ludos
1192 2980 1359 3018 praebueris
1369 2979 1468 3020 intus]
1483 2980 1533 3011 Ex
1546 2990 1653 3012 errore

914 3028 945 3052 ct
959 3027 1045 3053 metu
1058 3021 1158 3053 nimio
1166 3021 1262 3059 senis,
1275 3022 1433 3054 credentis
1445 3023 1653 3055 constrictum
