1852 3216
380 512 795 570 ELOGIA
860 512 1403 570 VETERUM

502 664 506 666 ·
556 656 647 699 DE
687 656 829 699 PUB.
866 655 1225 700 TERENTIO.

402 897 562 949 Varro,
586 897 879 950 Parmenone;
911 898 1084 941 Nonius
1104 899 1147 940 in
1168 898 1373 941 Poscere.

119 962 171 1006 IN
190 966 427 1019 argumentis
447 965 629 1006 Caecilius
651 967 778 1018 poscit
797 967 991 1019 palmam3
1022 968 1061 1005 in
1079 968 1230 1007 ethesin
1247 967 1484 1014 Terentius;
1514 968 1555 1007 in
1573 982 1658 1007 ser-

119 1022 298 1060 monibus
318 1020 493 1059 Plautus.

463 1084 620 1127 Cicero
640 1085 696 1127 de
718 1085 879 1142 optimo
899 1101 1059 1142 genere
1080 1094 1312 1129 oratorum.

172 1153 219 1192 In
246 1167 288 1192 re
316 1153 423 1204 quod
450 1153 641 1205 optimum
665 1154 716 1192 sit
738 1154 951 1205 quaeritur:
981 1155 1021 1193 in
1040 1155 1262 1194 hominibus
1279 1155 1434 1202 dicitur,
1454 1155 1561 1207 quod
1578 1164 1652 1195 est.

119 1207 258 1259 Itaque
285 1207 378 1246 licet
404 1207 545 1252 dicere,
575 1216 615 1245 et
642 1207 814 1246 Ennium
846 1222 1041 1247 summum
1069 1210 1223 1261 epicum
1251 1218 1419 1261 poetam,
1448 1211 1482 1248 si
1509 1210 1572 1249 cui
1599 1210 1656 1249 ita

119 1261 305 1307 videm-3
353 1270 393 1300 et
427 1261 643 1300 Pacuvium
680 1263 900 1314 tragicum;
948 1272 989 1302 et
1016 1262 1219 1302 Caecilium
1247 1264 1412 1303 fortasse
1448 1265 1653 1303 comicum.

120 1315 254 1354 Unum
279 1329 373 1354 vero
397 1324 458 1354 est
482 1330 604 1367 genus
628 1316 806 1367 perfecti,
825 1331 848 1355 a
868 1330 947 1368 quo
966 1318 1034 1368 qui
1053 1319 1205 1364 absunt,
1225 1331 1367 1370 genere
1386 1317 1587 1365 differunt,
1607 1327 1653 1357 ut

118 1370 168 1409 ab
188 1369 310 1408 Accio
329 1369 551 1416 Terentius,
573 1370 643 1408 sed
662 1370 701 1408 in
720 1371 859 1409 eodem
878 1385 955 1410 non
973 1380 1066 1410 sunt
1085 1386 1212 1423 pares.

775 1445 839 1487 Et
867 1445 993 1487 infra.

172 1512 297 1551 Iidem
314 1521 354 1551 et
369 1512 556 1551 Andriam
571 1521 610 1551 et
626 1512 893 1564 Synephebos,
906 1528 979 1553 nec
995 1515 1123 1554 minus
1137 1515 1368 1555 Terentium
1381 1523 1422 1554 et
1436 1515 1655 1563 Caecilium,

118 1580 235 1617 quam
264 1566 527 1605 Menandrum
553 1566 702 1618 legunt.
761 1567 883 1610 Quod
908 1577 969 1606 est
996 1569 1115 1620 igitur
1143 1583 1279 1608 eorum
1308 1570 1347 1608 in
1372 1570 1613 1609 orationibus
1631 1583 1653 1610 e

118 1620 262 1659 Graeco
282 1621 481 1659 conversis
500 1621 711 1667 fastidium,
732 1621 883 1660 nullum
899 1636 989 1661 cum
1007 1623 1058 1662 sit
1076 1624 1116 1662 in
1135 1625 1326 1663 versibus.

557 1695 658 1738 Lib.
679 1696 749 1738 vii.
781 1697 908 1752 epist.
930 1698 972 1739 3.
1004 1698 1061 1740 ad
1081 1697 1218 1741 Attio.

134 1801 138 1808 ,
173 1763 337 1803 Secutus
365 1778 463 1809 sum,
491 1778 569 1803 non
596 1765 684 1804 dico
713 1763 929 1811 Caecilium,
959 1765 1079 1805 Mane
1101 1775 1146 1805 ut
1162 1781 1214 1805 ex
1233 1776 1350 1818 portu
1377 1767 1416 1806 in
1444 1767 1650 1814 Piraeeum,

118 1817 243 1855 malus
262 1818 364 1855 enim
375 1828 510 1856 auctor
522 1818 741 1857 Latinitatis
753 1828 825 1864 est,
842 1819 912 1857 sed
926 1819 1169 1866 Terentium,
1186 1822 1297 1873 cujus
1310 1821 1478 1867 fabellae,
1492 1830 1654 1873 propter

118 1871 349 1922 elegantiam
377 1873 562 1910 sermonis
591 1874 828 1923 putabantur
847 1887 870 1911 a
889 1872 935 1911 C.
955 1873 1080 1912 Laelio
1099 1875 1229 1920 scribi,
1253 1875 1354 1914 Heri
1380 1875 1531 1926 aliquot
1556 1874 1652 1914 ado·

117 1924 319 1964 lescentuli
339 1927 487 1965 coimus
507 1927 546 1964 in
566 1925 772 1964 Piraeeum.

765 1990 818 2032 In
848 1990 1000 2034 Laelio.

396 2057 441 2093 In
459 2057 595 2093 Andria
609 2057 793 2093 familiaris
808 2070 910 2094 meus
925 2057 1115 2095 Terentius
1132 2059 1233 2096 dixit.

458 2127 670 2169 Horatius
693 2127 768 2169 lib.
798 2127 942 2183 Epist.
963 2129 1020 2170 ad
1039 2127 1303 2184 Augustum.

392 2194 538 2229 Dicitur
553 2194 681 2230 Afrani
696 2200 783 2241 toga
797 2195 1008 2231 convenisse
1024 2195 1066 2230 M
1068 2196 1249 2239 enandro;

394 2241 543 2277 Plautus
559 2241 604 2276 ad
620 2243 800 2288 exemplar
815 2242 927 2277 Siculi
942 2254 1131 2289 properare
1146 2243 1365 2290 Epicharmi,

392 2288 545 2332 Vincere
560 2287 726 2324 Caecilius
741 2290 928 2335 gravitate,
946 2289 1137 2326 Terentius
1152 2297 1252 2334 arte;

392 2335 472 2371 Hos
488 2335 627 2378 ediscit,
646 2342 680 2371 et
695 2335 763 2371 hos
779 2342 855 2371 arte
871 2337 1002 2383 stipata
1016 2337 1158 2373 theatro

394 2381 539 2429 Spectat
555 2382 673 2418 Roma
687 2383 866 2430 frequens.

581 2452 765 2494 Ovidius
785 2452 859 2495 lib.
884 2454 927 2496 ii.
959 2448 1184 2497 Tristium.

394 2518 471 2554 Nec
485 2519 577 2555 liber
591 2518 764 2554 indicium
780 2525 834 2555 est
850 2520 959 2555 animi
972 2536 983 2563 ς
1011 2520 1074 2556 sed
1088 2521 1241 2557 honesta
1255 2522 1422 2558 voluntas

438 2567 596 2602 Plurima
611 2566 810 2602 mulcendis
826 2568 971 2603 auribus
987 2573 1071 2614 apta
1085 2568 1205 2604 refert.

390 2614 524 2649 Accius
541 2620 633 2649 esset
648 2620 752 2649 atrox
766 2629 774 2649 :
801 2614 954 2650 conviva
969 2614 1159 2651 Terentius
1175 2620 1268 2652 esset
1277 2631 1289 2659 ς

436 2660 566 2696 Essent
584 2670 764 2708 pugnaces
780 2661 842 2708 qui
858 2661 933 2697 fera
946 2661 1040 2697 bella
1055 2668 1200 2697 canunt.

257 2727 480 2771 Volcatius
501 2729 737 2785 Sedigitas,
757 2730 876 2786 apud
896 2729 953 2773 A.
976 2730 1092 2773 Gell.
1114 2730 1189 2772 lib.
1211 2747 1282 2774 XV.
1304 2747 1400 2790 cap.
1420 2734 1493 2777 24.

391 2795 532 2832 Multos
546 2797 702 2833 incertos
719 2804 852 2832 certare
867 2797 960 2833 hanc
975 2809 1052 2833 rem
1068 2797 1237 2842 vidimus,

392 2841 552 2878 Palmam
566 2850 682 2890 poetae
697 2845 837 2880 comico
853 2845 912 2880 cui
928 2845 1100 2880 deferant.

393 2889 501 2932 Eum,
516 2901 578 2926 me
585 2891 720 2938 judice,
738 2902 895 2927 errorem
910 2891 1104 2927 dissolvam
1118 2892 1207 2929 tibi:

395 2935 448 2972 Ut
462 2942 588 2974 contra
601 2938 632 2975 si
648 2938 729 2986 quis
743 2939 886 2982 sentiat,
904 2939 995 2975 nihil
1009 2939 1150 2980 sentiat.
1215 2987 1221 2992 ι

873 3012 894 3036 C
