1852 3216
104 143 244 173 semu
265 129 317 184 1.]

408 123 1343 171 HEAUTONTIMORUMENOS.

1547 123 1636 166 341·

162 220 455 270 Quamobrem
481 218 528 261 id
548 217 715 261 faciam.
773 216 874 259 ΜΕ.
896 216 1016 265 Quin
1042 230 1126 272 ego
1144 230 1264 267 vero,
1282 213 1561 271 quamobrem
1589 214 1635 256 id

244 285 393 336 facias,
411 284 573 327 nescio.

108 387 114 399 .
161 352 248 394 Cu.
270 351 427 407 Egone
442 352 461 392 2
490 358 541 392 ut
559 351 654 406 ejus
674 349 874 401 animum,
895 349 971 405 qui
988 363 1104 391 nunc
1121 347 1293 390 luxuria
1311 353 1357 389 et
1374 345 1550 388 lascivia

159 417 348 468 Diffluit,
367 417 621 468 retundam
651 416 859 472 redigam,
879 423 929 458 ut
948 430 1035 471 quo
1056 429 1102 457 se
1122 421 1280 464 vortat,
1299 413 1479 455 nesciat.

159 483 258 526 ΜΕ.
280 482 402 531 Quid
421 483 548 539 agis?
598 482 684 525 CH.
705 481 837 524 Mitte
854 498 867 532 ;

244 563 421 591 morem.
474 548 571 591 Mn.
594 548 715 599 Sino,

899 481 989 523 sine
1014 495 1082 522 me
1112 480 1157 521 in
1185 479 1267 521 hac
1285 493 1332 521 re
1362 491 1514 534 gerere
1531 476 1637 518 mihi

105 622 146 655 75
164 613 285 656 Itane
304 614 367 655 vis
383 616 399 653 2
450 613 537 656 Cu.
559 613 642 656 Ita.
693 612 791 655 ΜΕ.
808 612 920 654 Fiat.
970 611 1055 654 Cn.
1077 609 1177 667 Age
1192 611 1298 666 jam,
1313 623 1495 652 uxorem
1506 616 1556 651 ut
1570 622 1639 650 ar-

248 685 406 730 cessat,
427 686 566 735 paret.

160 746 250 789 Hic
269 747 345 796 ita,
364 752 414 787 ut
432 744 594 787 liberos
613 751 681 787 est
699 758 884 799 aequom,
906 743 1031 786 dictis
1052 742 1360 786 confutabitur.

162 813 251 855 Sed
273 812 444 868 Syrum.
490 811 587 853 ΜΕ.
610 810 731 859 Quid
750 811 877 852 eum?
921 810 1008 852 Cu.
1029 809 1216 865 Egone?
1248 808 1285 850 si
1304 809 1415 858 vivo,
1434 808 1546 850 adeo
1563 822 1641 850 ex-

246 885 444 920 ornatum
462 877 594 927 dabo,

160 943 290 986 Adeo
309 945 540 999 depexum,
560 950 609 985 ut
629 942 732 984 dum
750 942 879 991 vivat,
898 941 1137 982 meminerit
1156 954 1327 995 semper
1344 939 1453 981 mei:

161 1009 251 1057 Qui
272 1010 353 1051 sibi
371 1023 438 1051 me
458 1022 539 1064 pro
558 1006 739 1050 ridiculo
758 1021 809 1049 ac
829 1006 1143 1048 delectamento
1162 1013 1302 1061 putat.

107 1084 148 1113 80
164 1074 283 1125 Non,
303 1075 364 1116 ita
381 1089 450 1116 me
471 1074 534 1116 Di
551 1081 709 1124 ament,
730 1073 914 1116 auderet
929 1072 1026 1115 haec
1044 1071 1186 1114 facere
1207 1071 1349 1113 viduae
1369 1069 1554 1121 mulieri,

161 1139 275 1188 Quae
292 1141 336 1182 in
353 1155 421 1183 me
441 1139 558 1182 fecit.

301 1316 587 1365 ACTUS
639 1314 964 1370 QUINTI
1029 1301 1315 1361 SCENA
1365 1313 1440 1360 ΙΙ.

350 1441 587 1474 CLITIPHO.
619 1439 936 1472 MENEDEMUS.
967 1438 1207 1471 CHREMES.
1238 1438 1399 1470 SYRUS.

161 1514 306 1559 ITANE
324 1513 499 1556 tandem
517 1527 681 1568 quaeso,
702 1511 977 1562 Menedeme,
999 1518 1048 1553 ut
1066 1518 1192 1567 pater

150 1633 202 1665 72.
225 1630 384 1672 Luxuria]
407 1632 548 1662 Luxuria
563 1639 582 1660 a
605 1631 687 1666 luxu,
711 1627 732 1659 ἰ.
749 1639 778 1660 e.
794 1639 849 1659 su-

106 1675 290 1718 perfluitate
303 1675 477 1706 derivatur.
516 1675 660 1704 Luscinia
671 1678 780 1703 autem
793 1672 850 1703 de—

106 1719 214 1760 signat
228 1718 388 1759 quandam
410 1716 623 1758 petulantiam
638 1721 671 1746 et
692 1714 850 1764 importu-

107 1762 253 1798 nimtem,
271 1760 462 1792 exsultando
477 1767 511 1790 et
524 1758 714 1790 delectando
735 1768 771 1789 ln
793 1769 852 1789 sua

107 1804 319 1880 {ffifssifft
340 1801 853 1878 ssfffflgizfflfffffiffffssssffi

107 1891 230 1923 utimur
244 1901 304 1933 pro
320 1890 432 1921 eodem
448 1888 641 1930 significatu.
673 1887 710 1918 C.

151 1934 202 1967 73.
225 1933 364 1974 Dn'ffluit]
389 1932 531 1969 Persius,
554 1931 620 1962 Sat.
643 1930 690 1962 iii.
713 1931 766 1961 20.
789 1928 853 1971 daf-

101 1980 177 2018 fluit
190 1989 301 2009 amens.
332 1977 370 2008 C.

151 2021 203 2054 74.
226 2022 310 2055 Quid
329 2018 423 2060 ais2]
439 2020 499 2050 Ais
515 2017 654 2049 dicimus
667 2016 707 2048 de
729 2016 780 2053 iis,
797 2016 854 2057 qui

107 2075 192 2098 vana
202 2064 387 2105 loquuntur.
409 2062 615 2094 C.-Omnes
627 2059 739 2097 nostri,
749 2062 853 2098 Mine,

107 2119 145 2139 ae
158 2109 224 2139 sine
235 2119 246 2138 .·
269 2117 334 2148 quo
348 2116 461 2137 versus
474 2105 511 2136 fit
524 2103 736 2136 numerosior.
768 2104 806 2134 B.

151 2150 204 2184 75.
220 2149 309 2191 Fiat]
326 2149 501 2181 Concessio
515 2147 590 2179 irati
604 2147 758 2178 adversus
777 2156 853 2188 per-

108 2194 256 2226 tinaoem.
288 2194 525 2229 C.—Aroessat,
537 2189 646 2231 paret]
663 2190 704 2221 V.
721 2191 758 2221 C.
770 2201 854 2230 prae·

104 2242 207 2278 peret.
249 2237 447 2268 L—Bemb.
473 2235 573 2266 habet
594 2240 683 2265 recte
707 2235 756 2264 Ac
772 2233 854 2274 jann,

108 2290 170 2322 pro
182 2279 307 2322 vulgari
321 2282 390 2321 Age
396 2279 476 2320 jam.
507 2278 545 2309 B.

153 2324 205 2357 76.
214 2322 333 2364 Dictis]
348 2322 433 2359 Quia
444 2321 537 2353 liberi
552 2322 651 2352 verbis
664 2318 855 2361 objurgandi

110 2373 204 2398 sunt:
223 2366 394 2398 ser-vivero
402 2366 576 2397 verberibus
584 2363 751 2406 puniendi.
772 2363 856 2394 C.—

111 2411 213 2441 Diefis
223 2408 446 2450 confutabitur]
460 2407 545 2439 Solis
556 2406 759 2439 sermonibus
770 2405 854 2437 male

113 2452 310 2484 metabimur.
341 2452 382 2483 E.

155 2495 207 2527 77.
223 2496 283 2526 Sed
303 2497 413 2536 Syrum
421 2493 453 2535 l]
469 2493 712 2531 Ἀποσιῶπησις,
730 2492 854 2524 scilicet

109 2540 244 2579 pum‘oeu.
305 2537 388 2572 Quid
415 2535 525 2578 eund]
555 2536 687 2568 Scilicet
714 2535 831 2578 punies
844 2547 853 2567 :

113 2581 228 2612 modus
256 2579 486 2622 interrog-andi.
530 2581 566 2611 Si
594 2579 676 2621 vivo]
711 2579 852 2619 Subjun·

112 2624 161 2665 git
171 2623 425 2655 affirmationem.
455 2623 599 2654 c.—Sea
607 2624 716 2663 Syrum
727 2621 759 2663 .']
770 2623 854 2654 Cum

114 2667 225 2708 utique
236 2668 358 2707 majora
369 2672 529 2697 tormenta
542 2676 636 2697 servo
646 2665 788 2697 minatus
802 2665 856 2703 sit,

112 2709 283 2742 irascentis
302 2719 402 2746 more,
417 2708 503 2749 quod
523 2715 610 2740 esset
629 2708 782 2746 factiuns,
796 2718 855 2739 ex-

112 2754 253 2796 primere
268 2763 334 2784 non
347 2751 463 2794 potuit.
507 2752 593 2782 Adeo
606 2751 798 2792 amaena]
817 2750 858 2782 Id

114 2804 174 2834 est,
195 2802 348 2832 comtum,
370 2805 430 2837 per
447 2793 611 2834 εἰρωνείαν.
649 2793 859 2825 R—Versuz

113 2837 857 2957 'Efflgffffffigssffpssnss'mfflffflessffi

131 2990 134 2993 -
158 2970 208 3004 78.
226 2971 311 3002 Adeo
323 2967 486 3011 depetunt]
502 2967 575 2999 Hoc
588 2965 754 3000 verniliter
766 2976 855 2999 more

894 1638 1009 1659 senum
1023 1627 1180 1659 iratorum
1201 1627 1283 1669 lege,
1300 1633 1334 1659 et
1350 1627 1495 1669 intellige
1510 1633 1646 1658 contra--·

893 1671 988 1702 rium.
1026 1672 1194 1702 C.—Adeo
1208 1670 1368 1711 depetunt]
1387 1671 1461 1702 Hoc
1476 1677 1535 1708 est,
1550 1681 1640 1702 com-

893 1714 1034 1756 positum
1060 1714 1167 1756 poenis
1192 1720 1226 1745 et
1248 1714 1427 1745 tormentis.
1470 1714 1643 1745 E.—Adeo

894 1757 1055 1798 depetunt]
1088 1758 1176 1789 Non.
1205 1757 1351 1789 Marcell.
1381 1768 1452 1799 cap.
1483 1758 1511 1788 1.
1556 1757 1643 1788 L.—

896 1801 994 1842 Lege,
1010 1803 1097 1832 Adeo
1108 1812 1226 1841 pexum,
1242 1811 1335 1841 usque
1348 1806 1383 1831 ut
1395 1802 1466 1831 dum
1478 1803 1570 1837 vivat,
1581 1805 1641 1831 ete.

895 1844 978 1875 Tres
988 1844 1080 1875 codd.
1092 1844 1208 1885 optimi
1218 1844 1339 1875 habent
1346 1855 1439 1884 usqne
1449 1848 1484 1874 ut
1494 1845 1575 1874 dum.
1601 1843 1641 1874 Β.

939 1887 992 1920 79.
1009 1887 1096 1928 Lege
1112 1897 1154 1917 ex
1168 1886 1351 1918 veterrimis
1366 1886 1495 1923 nostris,
1511 1897 1571 1926 pro
1584 1887 1644 1917 de·

895 1931 1027 1961 ridiculo
1040 1942 1051 1960 .·
1073 1930 1159 1970 quod
1174 1937 1207 1960 et
1222 1939 1335 1960 versus
1356 1929 1470 1971 poscit,
1486 1936 1521 1960 et
1540 1929 1639 1960 Plau-

896 1980 949 2004 tus
963 1972 1159 2014 Tacitusque
1175 1983 1235 2004 usu
1336 1979 1381 2004 nt.
1414 1973 1453 2003 Β.

939 2017 990 2047 80.
1009 2017 1116 2047 Viduae
1130 2017 1250 2047 mulieri
1284 2016 1374 2047 Bene
1396 2024 1568 2057 personam
1581 2015 1640 2046 ab-

890 2060 1011 2100 jectam
1033 2059 1162 2100 delegit,
1185 2069 1257 2100 quae
1278 2058 1418 2090 ludibrio
1438 2059 1583 2095 habetur,
1606 2064 1642 2090 et

896 2102 972 2143 quia
996 2104 1114 2139 mulier,
1140 2108 1174 2133 et
1200 2101 1275 2143 quia
1301 2101 1372 2133 viro
1396 2102 1518 2133 orbata.
1558 2102 1642 2133 C.—

901 2148 1008 2177 Viduae
1022 2145 1159 2187 mulieri]
1178 2145 1295 2176 Facilis
1310 2145 1398 2176 enim
1417 2145 1525 2176 illusio
1540 2151 1589 2176 est
1604 2144 1641 2176 iu

897 2196 1136 2264 &aqam
1148 2188 1642 2272 fflitff‘dssssxssff‘aoeffi

898 2277 971 2307 338.
994 2277 1151 2307 Imbecilla
1169 2286 1218 2306 res
1233 2274 1405 2316 estsemina
1414 2288 1426 2310 ,-
1441 2280 1473 2306 et
1486 2276 1577 2315 affert
1591 2276 1640 2305 in·

889 2321 1036 2359 firmitati
1065 2320 1202 2350 naturali
1232 2330 1288 2349 non
1318 2320 1380 2349 leve
1405 2319 1532 2358 pondus,
1562 2318 1643 2359 qnod

897 2364 989 2393 vidua
1013 2367 1068 2394 est.
1111 2362 1317 2393 L—Omnes
1340 2361 1414 2392 libri
1439 2360 1559 2392 rationi
1574 2367 1644 2392 tro-

897 2405 1000 2437 chaici
1013 2404 1169 2442 serviunt,
1176 2404 1284 2446 facere
1297 2407 1362 2435 hee
1375 2406 1485 2435 vidue.
1515 2404 1555 2435 B.

943 2450 971 2480 1.
987 2450 1076 2480 Itane
1090 2447 1227 2489 candart]
1243 2448 1359 2479 Restat
1373 2447 1414 2478 ad
1426 2447 1642 2488 tranquillita-

898 2499 964 2523 tem
991 2502 1100 2523 rerum
1122 2491 1277 2528 omnium,
1303 2498 1341 2522 ut
1364 2490 1520 2532 Clitipho,
1533 2490 1644 2523 verbis

896 2535 999 2577 patris
1014 2535 1214 2577 perterritus,
1231 2534 1266 2565 in
1281 2534 1366 2565 viam
1381 2533 1502 2571 redeat,
1514 2540 1549 2566 et
1558 2544 1644 2566 uxo-

896 2589 966 2610 rem
979 2579 1085 2610 ducat.
1122 2577 1229 2619 Itane]
1247 2577 1300 2608 Sic
1315 2576 1441 2619 incipit,
1457 2583 1494 2608 ut
1504 2576 1559 2618 qui
1571 2587 1608 2609 se
1621 2588 1657 2612 a.

897 2629 989 2664 patre
1002 2621 1183 2653 abdicatum
1196 2627 1298 2663 putet.
1339 2619 1490 2661 Tandem]
1505 2620 1572 2652 Hic
1582 2630 1640 2652 ex-

898 2665 1020 2707 pletiva
1045 2664 1239 2705 conjunctio.
1285 2663 1410 2700 Cicero.
1431 2663 1528 2695 Catil.
1556 2663 1583 2695 i.
1612 2665 1642 2696 l.

902 2709 1326 2748 Quousquetandemabutere,
1337 2708 1483 2744 Catilina,
1488 2709 1645 2747 patientia

898 2757 1003 2783 nostra
1014 2754 1031 2781 ?
1068 2750 1161 2781 Alias
1175 2749 1308 2792 ponitur
1326 2760 1386 2791 pro
1401 2755 1500 2782 tanen
1509 2763 1521 2782 =
1542 2756 1589 2788 ut,
1601 2752 1644 2782 In

899 2806 960 2836 qua
989 2795 1113 2825 civitate
1139 2796 1260 2824 tandem
1283 2794 1437 2825 orbitroee
1458 2799 1491 2825 te
1513 2795 1642 2825 doen?

898 2838 1142 2877 Nonnunquam
1158 2846 1218 2878 pro
1230 2838 1348 2868 saltent.
1383 2837 1556 2869 (le—Itone
1570 2845 1640 2868 m-

898 2879 981 2920 dem]
998 2879 1052 2910 Ad
1067 2879 1328 2911 satisfaciendum
1343 2879 1431 2912 valet
1448 2880 1519 2911 haec
1532 2891 1641 2918 scena,

899 2930 932 2955 et
947 2922 1076 2954 veniam
1090 2922 1182 2964 petit.
1211 2923 1418 2957 Eponae·
1429 2924 1531 2956 nostri
1542 2930 1642 2962 recte,

899 2977 998 3008 quam
1011 2971 1065 2998 est.
1099 2966 1139 2998 Β.
