1852 3216
201 127 275 168 lxx
529 125 613 167 DE
652 124 896 166 METRIS
934 122 1399 165 TERENTIANIS.

204 213 285 261 fiat,
318 212 497 264 rythmus
533 213 747 265 geniusque
782 212 857 251 sibi
889 220 1038 265 poscat,
1068 211 1195 250 obiter
1226 209 1453 250 ostendam:
1493 210 1532 248 in
1563 208 1743 248 versibus

203 280 344 320 nempe
381 266 543 319 singulis
579 275 658 306 tres
695 265 864 319 syllabas
901 267 1053 305 breves.
1122 264 1212 304 Hoc
1244 278 1337 303 sane
1369 262 1636 303 confitendum
1666 271 1741 308 est,

204 335 367 362 avorum
397 330 586 373 tempore,
614 322 774 360 scabros
801 333 1038 372 asperosque
1066 332 1215 364 versus,
1243 332 1386 370 magno
1414 317 1615 370 longarum
1644 330 1742 368 pon-

205 376 299 416 dere
328 385 501 420 onustos,
530 374 760 427 plerumque
786 375 952 413 exiisse:
982 373 1191 412 hodiernos
1219 382 1349 411 autem
1377 382 1513 424 poetas
1541 371 1655 422 longe
1674 384 1743 409 eos

206 430 410 470 teretiores
427 429 739 480 tornatioresque
764 428 881 472 dare:
912 427 981 466 sed
1005 440 1099 466 aure
1118 426 1293 465 fortassis
1321 426 1519 478 magistra,
1538 439 1616 464 non
1636 433 1743 463 arte:

207 498 298 537 quae
318 492 445 523 tamen
464 497 526 522 ars
545 483 735 535 principio
749 482 951 534 judicibus
970 481 1130 520 auribus
1149 478 1377 519 dedebatur.
1417 479 1578 519 Habent
1598 480 1743 529 itaque,

208 537 315 590 quod
342 538 381 577 in
408 537 527 589 longo
555 550 647 575 sane
667 549 784 588 opere
806 536 950 574 frustra
977 533 1296 586 exspectandum,
1317 533 1355 571 in
1374 533 1652 585 epigrammate
1682 532 1745 570 vel

207 591 373 645 elegiola
400 590 512 630 facile
540 589 808 635 obtinendum,
838 602 975 628 versus
1002 588 1102 639 epici
1130 587 1347 639 exemplam
1386 600 1466 638 quo
1493 597 1534 626 et
1561 600 1745 626 numerus

206 646 387 685 brevium
405 654 445 684 et
468 644 581 683 sedes
607 643 878 683 ostenduntur.
935 642 1185 693 Quamquam
1211 641 1251 679 in
1269 641 1411 680 nostris
1429 650 1491 680 est
1509 649 1550 680 et
1568 640 1746 680 varietati

207 700 329 748 locus,
350 708 395 739 ut
414 699 452 738 in
471 699 555 737 his:

347 761 506 808 Though
522 760 624 807 deep,
642 766 702 807 yet
719 760 833 802 clean
860 758 1002 805 though
1018 757 1152 805 gentle,
1170 763 1231 805 yet
1246 762 1312 793 not
1327 755 1425 800 dull3

350 808 485 856 Strong
500 807 653 843 without
669 819 766 854 rage,
785 805 937 842 with6ut
954 805 1176 852 o'erflowing
1191 804 1270 841 fun.

210 870 319 909 Ictus
338 869 377 908 in
394 869 470 907 hoc
488 867 717 919 posteriore,
738 867 805 918 qui
826 867 865 905 in
884 865 1053 905 secunda
1072 863 1221 917 syllaba
1240 864 1325 903 fieri
1343 863 1455 909 solet,
1477 864 1515 902 in
1536 862 1662 916 prima
1680 862 1747 909 fit3

209 932 248 963 et
276 931 440 963 venuste
468 922 650 972 quidem;
681 921 799 960 modo
826 933 915 959 raro
944 919 1024 966 fiat,
1052 933 1097 957 ac
1125 918 1257 957 brevis
1285 926 1483 970 sequatur.
1539 917 1593 955 Et
1619 917 1750 956 nescio

209 977 404 1029 equidem,
425 990 472 1015 an
492 977 532 1015 in
551 975 738 1015 Terentio
758 987 929 1026 quoque,
951 987 1039 1012 cum
1059 973 1278 1011 trimetrum
1299 972 1505 1024 aliquoties
1524 971 1682 1011 inchoet
1700 972 1751 1010 ab

209 1031 342 1078 hicine,
362 1031 502 1077 hocine,
530 1030 656 1076 sicine,
686 1028 819 1075 libera,
847 1041 924 1067 non
944 1028 982 1067 in
1011 1027 1177 1079 primam
1204 1026 1462 1066 retrahendus
1488 1026 1540 1065 sit
1567 1034 1751 1064 accentus

211 1085 344 1132 libera,
362 1091 433 1124 etc.
463 1084 581 1123 etiam
611 1084 649 1122 in
680 1083 870 1129 iambic03
901 1083 953 1121 ob
985 1086 1026 1121 τὸ
1055 1084 1241 1131 ἶσόχρονον
1269 1080 1417 1120 scilicet
1445 1089 1485 1119 et
1514 1082 1749 1130 ἶσόῤῥνθμονς

211 1153 301 1179 cum
330 1139 521 1191 rythmus,
556 1137 839 1190 Hephaestione
868 1146 980 1183 teste,
1009 1136 1060 1174 sit
1089 1144 1215 1174 metro
1244 1135 1455 1188 potentior.
1523 1134 1622 1173 Tale
1655 1132 1753 1172 illud

211 1193 343 1233 Plauti
365 1192 535 1232 Rudent.
559 1192 597 1231 ii.
619 1195 656 1231 6.
679 1195 744 1230 29.

352 1255 516 1292 Piscibus
531 1255 570 1291 in
585 1255 659 1291 alto
676 1253 783 1290 credo
800 1253 961 1300 praebent
977 1252 1162 1300 pabulum.

213 1316 280 1357 ubi
291 1315 458 1369 piscibus
475 1314 658 1354 libentius
676 1314 870 1359 efferrem,
890 1326 1007 1365 quam
1023 1311 1204 1365 piscibus.

354 1413 559 1456 Licentia
588 1411 866 1463 Terentiana,
890 1426 977 1468 qua
998 1410 1183 1467 deflectit
1204 1424 1232 1451 a
1252 1408 1430 1451 Latinis
1451 1407 1624 1465 Epic-is.

268 1482 347 1522 Sed
365 1491 409 1521 ut
428 1481 596 1526 redeam,
617 1480 720 1520 unde
738 1480 938 1532 digressus
957 1493 1056 1518 sum.
1106 1477 1162 1517 Ut
1182 1492 1205 1517 a
1224 1478 1379 1517 Graecis
1399 1477 1558 1516 comicis
1577 1476 1755 1516 descive-

216 1547 308 1577 runt
326 1536 454 1576 Latini
474 1549 546 1588 pro
565 1535 751 1574 brevibus
776 1533 937 1586 syllabis
958 1533 1088 1572 tardas
1115 1531 1376 1578 infulciendo;
1408 1532 1462 1570 ita
1480 1531 1576 1570 vitio
1596 1544 1757 1582 prorsus

215 1591 408 1631 contrario
435 1597 658 1642 peccarunt,
691 1588 937 1641 corripiendo
969 1585 1116 1626 scilicet
1148 1585 1341 1638 ejusmodi
1378 1585 1560 1637 syllabas,
1593 1598 1681 1636 quae
1717 1585 1756 1623 in

214 1644 357 1685 Latino
375 1657 552 1683 sermone
571 1651 682 1683 erant
700 1642 844 1694 longae.
901 1640 1034 1693 Hujus
1061 1649 1191 1679 autem
1220 1639 1389 1679 licentiae
1417 1638 1577 1678 modum
1595 1652 1639 1678 ae
1660 1638 1756 1677 fines

215 1712 294 1739 non
310 1698 486 1750 cujusvis
505 1706 566 1736 est
592 1696 809 1749 reperisse3
840 1709 928 1735 cum
947 1709 998 1734 ex
1023 1694 1315 1746 interpretibus,
1335 1694 1375 1732 hi
1403 1693 1471 1745 qui
1498 1692 1696 1732 laxissime
1717 1701 1758 1731 et

216 1753 319 1793 ultra
351 1752 537 1792 terminos
564 1750 758 1790 licentiam
790 1750 888 1789 hanc
923 1748 1161 1801 expandunt,
1193 1757 1367 1787 monstra
1404 1759 1680 1798 nonnunquam
1717 1756 1759 1785 et

215 1815 397 1859 portenta
414 1820 487 1858 pro
502 1805 604 1844 veris
622 1804 853 1844 lectionibus
872 1811 1054 1849 tuentur,
1085 1802 1149 1841 alii
1169 1811 1303 1840 contra
1321 1801 1388 1853 qui
1408 1801 1522 1840 nimis
1536 1801 1652 1840 arctis
1671 1814 1757 1839 eam

217 1861 363 1901 finibus
394 1859 593 1905 claudunt,
614 1858 861 1910 syllabasque
888 1870 1022 1897 omnes
1051 1856 1102 1896 ad
1121 1856 1319 1908 epicorum
1349 1864 1554 1907 poetarum
1582 1868 1758 1893 normam

217 1915 392 1968 exigunt,
414 1913 588 1966 singulos
607 1912 689 1952 fere
718 1926 855 1951 versus
882 1911 1034 1950 miseris
1062 1909 1202 1955 modis,
1230 1909 1422 1955 addendo,
1448 1908 1677 1954 mutilando,
1698 1908 1759 1947 in·

217 1968 418 2015 vertendo,
439 1977 574 2007 contra
593 1966 772 2006 codicum
791 1965 921 2010 fidem,
943 1964 1126 2018 jugulant
1143 1973 1183 2003 et
1211 1963 1421 2003 trucidant.
1478 1962 1582 2002 Illud
1609 1963 1647 2001 in
1673 1962 1758 2001 uni-

217 2037 375 2063 versum
404 2021 688 2061 animadvertas
707 2020 836 2067 velim,
857 2019 982 2059 nullas
1002 2032 1069 2058 eos
1091 2017 1273 2071 syllabas,
1291 2030 1381 2069 quae
1400 2025 1539 2056 natura
1557 2026 1597 2056 et
1614 2015 1760 2056 vocalis

218 2091 314 2117 sono
341 2076 469 2128 longae
498 2084 602 2120 sunt,
623 2075 883 2127 corripuisse3
914 2073 983 2112 sed
1003 2087 1068 2112 eas
1087 2081 1236 2112 tantum
1261 2085 1351 2124 quoe
1379 2084 1449 2124 per
1469 2070 1643 2110 vocalem
1673 2071 1759 2121 qui-

219 2132 308 2171 dem
337 2132 477 2170 breves
506 2139 626 2175 erant,
656 2129 848 2181 positione
878 2136 1006 2167 tamen
1033 2136 1073 2166 et
1101 2126 1394 2166 consonantium
1423 2138 1614 2164 concursu
1644 2125 1759 2163 sacta:

219 2194 308 2225 sunt
327 2184 470 2236 longae.
520 2184 599 2223 Hae
620 2196 714 2222 vero
730 2196 847 2222 voces
865 2191 904 2221 et
923 2194 1085 2221 numero
1103 2192 1239 2233 paucae
1257 2188 1359 2224 sunt,
1378 2178 1658 2231 monosyllabae
1678 2178 1760 2217 fere

218 2239 281 2279 vel
309 2238 528 2292 disyllabae,
551 2237 612 2277 vel
641 2251 730 2276 cum
759 2236 1102 2289 praepositionibus
1127 2234 1380 2287 compositoe3
1410 2242 1450 2272 et
1480 2246 1531 2272 ex
1560 2233 1644 2286 ipsa
1668 2232 1760 2271 sede

219 2294 374 2346 situque
407 2291 613 2332 commodo
650 2291 803 2330 veniam
839 2299 1051 2329 merentur.
1109 2288 1210 2328 Cum
1246 2296 1376 2327 autem
1413 2287 1453 2326 in
1491 2287 1578 2339 ipso
1615 2295 1760 2326 nostrae

219 2347 399 2387 editionis
419 2355 531 2386 textu
550 2344 705 2397 singula
733 2345 817 2384 hoec
846 2345 884 2383 in
913 2344 1091 2383 versibus
1119 2342 1281 2395 singulis
1301 2355 1371 2395 per
1390 2351 1620 2381 accentuum
1640 2341 1759 2379 inter-

218 2401 363 2441 vallum
383 2409 521 2454 sponte
540 2413 582 2439 se
599 2398 832 2445 ostendantg
862 2412 939 2437 non
966 2411 1065 2450 opus
1093 2406 1165 2443 est,
1187 2406 1230 2436 ut
1258 2394 1481 2448 singillatim
1509 2395 1571 2434 hic
1599 2408 1759 2434 enume-

219 2465 365 2495 rentur.
423 2454 527 2494 Illud
547 2462 695 2492 tantum
719 2453 900 2499 monebo,
921 2452 1025 2503 quod
1046 2461 1134 2491 ante
1161 2464 1223 2490 me
1242 2450 1382 2503 opinor
1406 2462 1543 2494 nemo:
1576 2449 1614 2488 in
1634 2449 1760 2501 primo

220 2510 302 2549 fere
330 2521 514 2549 versuum
542 2507 656 2560 pede,
678 2516 718 2546 et
746 2506 901 2559 parcius
929 2506 1037 2552 alias,
1066 2505 1262 2544 licentiam
1290 2504 1388 2543 hanc
1416 2503 1639 2543 exercuisse
1667 2516 1759 2542 nos·

221 2572 347 2603 trum:
382 2563 500 2615 idque
531 2560 750 2601 rectissimo
780 2559 955 2613 judicio3
994 2573 1082 2599 cum
1115 2569 1237 2606 actor,
1270 2558 1310 2597 in
1340 2556 1418 2597 fine
1450 2557 1592 2610 prioris
1623 2570 1759 2596 versus

219 2618 347 2657 anima
365 2627 533 2669 recepta,
553 2614 709 2668 plenum
730 2613 988 2668 rapidumque
1008 2613 1188 2667 spiritum
1205 2620 1339 2666 posset
1357 2611 1559 2651 effundere
1577 2625 1586 2650 ε

314 2690 384 2726 Sed
401 2690 436 2726 id
453 2691 598 2736 gratum
614 2688 773 2725 fuisse—
1083 2686 1142 2723 Ob
1160 2686 1285 2723 decem
1300 2697 1403 2722 mnas
1419 2685 1549 2733 inquit.

315 2736 400 2773 Sine
416 2736 550 2773 invidia
565 2735 718 2773 laudem.
1085 2733 1174 2770 Inde
1190 2733 1330 2770 sumam
1347 2733 1465 2769 uxori.

314 2784 399 2820 Sine
416 2786 513 2819 omni
532 2783 677 2830 periclo.
1084 2780 1197 2818 Soror
1213 2779 1310 2817 dieta
1326 2785 1394 2823 est,
1412 2780 1534 2827 cupio.

314 2830 466 2877 Propter
480 2830 646 2877 hospitai.
1082 2827 1198 2863 Simul
1214 2827 1409 2864 consilium
1425 2838 1510 2863 cum
1528 2838 1576 2863 re.

315 2877 387 2914 Hic
403 2884 458 2914 est
473 2878 531 2913 me
549 2888 622 2913 non
639 2883 685 2913 te.
1082 2874 1195 2911 Color
1210 2877 1332 2918 verus,
1350 2886 1394 2911 co
1438 2885 1493 2911 us.

315 2923 443 2961 Studet
460 2925 526 2971 piu·
541 2924 681 2960 referre.
1087 2921 1120 2957 N
1170 2934 1213 2958 ue
1230 2920 1394 2977 Antipho
1446 2921 1455 2930 ”

312 2970 374 3010 Ob
387 2971 480 3008 hane
498 2971 712 3008 inimicitias.
1080 2968 1150 3005 sed
1193 2980 1236 3005 oc
1252 2968 1340 3006 mihi
1358 2968 1551 3005 molestum
1566 2973 1630 3003 est.
