1852 3216
95 170 237 200 senna
258 157 309 214 ι.]

694 157 1012 202 HECYRA.

1531 162 1610 205 521

94 261 137 292 46
154 247 239 290 Ριι.
261 247 310 290 Si
338 249 512 304 quidem
540 248 610 292 ille
638 249 732 306 ipae
759 264 846 292 non
875 248 978 301 volt,
998 256 1044 292 et
1073 256 1122 292 tu
1149 249 1319 292 sensisti
1345 263 1443 293 ease
1472 250 1518 293 in
1543 266 1612 304 eo,

237 313 478 369 Myrrhina,

150 378 409 430 Peccatum
441 381 629 432 aderam,
650 382 773 437 cujus
792 380 969 424 consilio
987 397 1040 424 ea
1060 397 1139 438 par
1157 381 1299 424 fuerat
1316 383 1519 440 prospici.

150 443 441 493 Quamobrem
452 447 656 503 incendor
663 448 740 498 ira,
748 462 844 490 esse
852 462 998 489 ausam
1012 447 1153 490 facere
1164 447 1258 490 haec
1267 455 1310 491 te
1318 449 1485 505 injussu
1492 464 1587 493 meo
1596 467 1607 493 :

147 509 380 561 Interdico,
401 527 455 554 ne
474 511 680 555 extulisse
700 520 825 555 extra
844 513 950 555 aedis
968 528 1150 569 puerum
1168 528 1349 569 usquam
1366 514 1484 558 velis.

148 575 238 618 Sed
258 592 339 633 ego
358 577 541 628 stultior,
561 579 666 621 meis
686 579 810 622 dictis
829 593 983 634 parere
1002 577 1114 621 hanc
1132 579 1207 634 qui
1225 579 1450 635 postulem.

90 649 132 679 50
148 640 229 684 Ibo
249 643 375 693 intro,
396 650 526 700 atque
546 644 711 687 edicam
729 645 877 696 servis,
896 658 951 686 ne
971 659 1185 700 quoquam
1204 644 1358 688 ecferri
1378 647 1532 690 sinant.

147 707 246 750 MY.
268 708 445 750 Nullam
462 708 534 765 pol
554 710 684 752 credo
703 709 921 753 mulierem
939 725 1007 752 me
1024 711 1284 754 miseriorem
1301 712 1465 755 vivere:

145 773 261 815 Nam
282 783 330 816 ut
350 774 419 817 hic
439 773 602 817 laturus
622 775 705 818 hoc
726 777 794 826 sit,
817 776 853 818 si
872 776 1007 831 ipsam
1027 790 1131 827 rem,
1151 784 1199 818 ut
1218 777 1314 828 siet,
1328 778 1567 830 resciverit,

145 839 250 882 Non
283 840 452 897 aedepol
484 841 591 883 clam
621 857 688 884 me
720 850 810 884 est:
852 858 984 899 quum
1013 843 1112 895 hoc,
1147 844 1266 899 quod
1303 844 1485 898 leviu’st,
1521 853 1608 889 tam

229 908 367 950 animo
383 908 589 950 iracundo
608 907 718 950 tulit.

142 972 256 1024 Nec,
278 989 363 1029 qua
382 974 450 1015 via
471 974 683 1016 sententia
700 974 793 1030 ejus
813 974 950 1030 possit
967 975 1138 1026 mutari,
1162 976 1264 1018 scio.

85 1048 127 1078 55
144 1039 243 1082 Hoc
262 1040 366 1082 mihi
384 1055 515 1082 unum
534 1055 589 1082 ex
609 1039 802 1096 plurimis
821 1040 1000 1082 miseriis
1025 1040 1251 1096 relliquum
1269 1040 1411 1084 fuerat
1432 1042 1605 1095 malum,

141 1106 189 1148 Si
208 1121 390 1162 puerum
408 1114 457 1149 ut
476 1105 619 1148 tollam
639 1106 768 1162 cogit,
789 1106 913 1162 cujus
932 1121 1011 1148 nos
1032 1107 1106 1163 qui
1126 1107 1181 1148 sit
1200 1106 1412 1150 nescimus
1432 1115 1569 1165 pater.

125 1265 177 1295 45.
194 1266 347 1305 &quidem
360 1265 440 1295 ille·
427 1275 559 1304 tpaenon
572 1265 647 1300 vult,
662 1269 693 1295 et
708 1268 821 1295 tuten-

81 1307 167 1349 sisti]
196 1307 538 1343 Animadvertendum,
554 1306 823 1348 quemadmodum

81 1351 200 1387 omnia,
216 1351 332 1392 quibus
345 1361 381 1382 se
395 1350 576 1381 defenderit
591 1349 796 1391 Myrrhina,
786 1360 822 1381 m

81 1393 199 1425 malam
211 1401 337 1435 partem
349 1393 468 1435 aoeipit
479 1393 677 1435 Phidippus·
701 1399 734 1424 et
745 1392 821 1424 hinc

82 1437 185 1478 magis
200 1444 337 1475 accusat,
353 1436 439 1468 unde
454 1436 510 1468 illa
526 1447 560 1467 se
576 1442 701 1479 purgat.
735 1436 777 1467 D.
779 1453 823 1459 —

82 1480 171 1521 Lege
185 1483 279 1512 sensti
294 1481 335 1512 ob
350 1490 487 1511 versum.
527 1480 564 1511 Β.

125 1524 176 1555 46.
195 1524 290 1565 cnjus
302 1525 425 1555 consilio
437 1534 474 1555 ea
485 1522 660 1563 perficeret
671 1522 820 1564 prospici]

82 1566 158 1598 Non
173 1567 267 1605 dixit,
283 1568 374 1608 cujus
388 1567 523 1598 consilio
536 1566 708 1608 repudium
728 1567 821 1597 dare·

80 1616 135 1641 tur
160 1610 348 1652 Pamphilo:
371 1609 418 1641 ita
439 1609 480 1641 ad
495 1610 614 1641 bonum
629 1609 738 1641 omnia
750 1609 820 1641 exi-

80 1658 151 1685 tum
180 1660 336 1696 spectant.
377 1653 587 1685 D.——Versus
612 1653 717 1694 gratia
745 1663 819 1684 cum

79 1697 199 1728 nostris
220 1698 312 1729 codd.
328 1707 458 1739 repone,
474 1696 562 1737 eujus
575 1698 698 1727 oonsilio
708 1696 820 1737 suerat

80 1751 117 1771 ea
127 1751 188 1780 par
196 1743 339 1781 prospici.
372 1741 409 1771 B.

123 1784 175 1816 47.
203 1786 279 1816 Eue
306 1795 410 1815 mmm
427 1782 534 1823 facere
559 1785 622 1814 haec
645 1788 675 1814 te
701 1783 820 1824 injussu

80 1826 159 1867 meo]
174 1827 345 1858 Abducere
360 1826 469 1863 filiam,
485 1826 588 1857 celare
701 1837 743 1863 m,
760 1836 817 1857 ex-

78 1880 201 1911 ponere
237 1881 384 1912 puerum.
429 1870 516 1901 D.—
525 1869 638 1900 Lectio
673 1869 818 1900 omnium

79 1913 171 1945 codd.
194 1914 249 1955 qui
272 1919 301 1945 te
322 1919 449 1955 ponunt
469 1919 545 1944 ante
565 1923 638 1949 esse,
653 1913 818 1954 probanda

78 1963 139 1994 est,
155 1958 213 1989 sed
228 1957 333 1989 deleto
347 1957 393 1997 τᾷ
406 1967 478 1987 esse.
508 1956 546 1987 Β.

122 2002 173 2032 48.
197 1999 366 2041 Interdico]
397 2000 488 2031 Inter
510 2001 594 2031 edico
615 2004 649 2029 et
673 2000 819 2030 interdico

78 2043 139 2075 hoc
173 2043 327 2075 interest·
362 2046 515 2079 edicimus,
552 2042 637 2083 quod
669 2042 819 2082 jubemus

79 2087 168 2118 fieri:
200 2089 416 2123 mendic-imus,
447 2086 532 2127 quod
561 2092 707 2117 vetamus
737 2085 817 2117 fieri.

77 2132 235 2163 Edicims
250 2131 347 2162 etiam
363 2130 419 2162 uni
434 2129 546 2171 generi
561 2129 744 2160 hominum:
771 2131 819 2159 in-

77 2176 259 2212 terdicinus,
270 2174 415 2206 diversis.
448 2173 563 2213 Itaque
571 2173 820 2212 praetomedieta

77 2223 111 2248 et
125 2219 290 2250 uuterdieta
311 2217 471 2249 dicuntur.
509 2217 673 2252 Interdico,
689 2225 818 2256 separa-

77 2260 137 2292 tim
159 2260 331 2292 dicendum
353 2260 608 2302 legendumque:
632 2258 708 2299 quia
722 2261 818 2289 inter·

77 2305 145 2335 dieo
159 2316 196 2336 ne
208 2306 292 2342 velis,
307 2314 373 2336 non
388 2310 438 2335 eet
452 2303 486 2334 in
656 2303 817 2339 Interdico,

77 2357 115 2378 ne
128 2349 270 2379 extulisse
291 2354 379 2379 extra
394 2345 489 2388 aedes]
515 2346 552 2377 Id
569 2346 684 2387 agitur,
701 2355 742 2375 ne
757 2345 818 2376 sub

76 2389 201 2421 incerto
214 2390 439 2433 intercipiatur
451 2390 503 2430 (ne
514 2392 578 2421 sine
590 2391 643 2420 hoc
656 2390 819 2419 interdicto

77 2434 291 2473 interficiatur)
314 2444 414 2476 puer:
450 2440 484 2465 et
513 2432 668 2475 tragoedia
693 2431 751 2463 fiat
775 2441 817 2462 ex

121 2520 173 2551 49.
189 2500 816 2561 Heisdieeiefnrerelmnequipostulem]

78 2563 339 2596 Demonstrative
355 2571 389 2595 et
409 2563 605 2595 accusatorie
626 2562 710 2594 dixit
730 2564 817 2599 hanc,

77 2607 169 2648 quasi
183 2615 249 2638 tam
264 2613 493 2638 contumacem.
532 2608 622 2638 Hanc
639 2607 691 2647 qm·
709 2611 812 2646 postu-

77 2651 151 2693 lem]
179 2651 264 2687 Quid
296 2657 346 2682 est
373 2652 460 2687 lime,
483 2655 592 2681 utrum
622 2648 813 2680 mulierem?

76 2705 119 2726 an
141 2694 299 2726 uxorem!
327 2702 368 2724 an
393 2699 614 2724 contumacem
637 2691 813 2723 feminam!

111 2761 170 2812 50.
196 2783 251 2812 Ibo
271 2778 367 2820 inm]
396 2778 465 2810 Sibi
491 2778 561 2830 ipse
582 2778 643 2810 hoc
666 2776 746 2808 dicit
769 2777 815 2816 τᾷ

75 2823 251 2864 ἰδιοτισμῷ.
294 2825 423 2855 Edico„
436 2825 539 2859 servis,
555 2833 591 2853 ne
605 2832 750 2862 quoquam
764 2832 813 2852 ee-

66 2867 151 2908 sern'
164 2866 285 2908 sinant]
303 2867 347 2897 Et
365 2866 425 2897 hoc
440 2872 528 2896 recte
542 2871 655 2906 poeta:
678 2863 754 2905 quia
768 2864 815 2895 ita

76 2921 157 2954 opus
183 2918 242 2948 est,
269 2921 310 2941 ne
334 2908 493 2951 compleat
523 2908 701 2949 Myrrhina,
729 2907 814 2948 quod

76 2954 224 2996 promisit
238 2954 279 2985 de
294 2951 486 2995 exponendo
500 2961 610 2994 puero.
655 2951 702 2983 At
716 2950 813 2989 enim,

77 2998 156 3029 deis-⁹
170 2999 308 3031 confimo
322 3001 493 3038 exponetur.
527 2995 568 3026 D.

910 1264 961 1295 52.
978 1264 1110 1295 Nomai
1131 1265 1180 1295 hic
1198 1264 1460 1307 latamhoeait]
1483 1266 1605 1299 Sicos-

866 1307 1010 1338 tenditur
1034 1317 1140 1345 causa,
1170 1317 1228 1338 cur
1252 1314 1410 1357 perpetuo
1436 1309 1606 1342 celandum

865 1350 908 1381 sit
936 1349 1007 1381 seni
1035 1350 1151 1381 vitium
1180 1350 1325 1392 virginis.
1369 1353 1452 1383 Non
1478 1358 1512 1384 ια
1537 1353 1604 1396 hic]

863 1393 1029 1429 Quantum
1044 1393 1219 1425 iracundiae
1242 1393 1409 1426 habiturus
1428 1395 1481 1434 sit,
1501 1406 1603 1438 quan-

865 1442 934 1467 tum
950 1436 1088 1468 furoris:
1111 1437 1172 1468 hoc
1194 1437 1281 1468 enim
1406 1445 1460 1470 cat
1477 1445 1522 1471 ut.
1562 1440 1608 1473 Bt

864 1479 961 1511 simul
983 1487 1088 1521 poeta,
1104 1480 1189 1521 quod
1210 1479 1287 1512 alibi
1301 1481 1436 1513 oboeure
1450 1481 1536 1521 facit,
1551 1483 1605 1515 hic

865 1530 975 1573 aperte
1004 1523 1212 1573 demonstrat,
1240 1524 1326 1565 quod
1353 1524 1534 1566 periculum
1561 1526 1606 1559 ait

863 1565 899 1598 in
926 1566 1042 1604 sabula,
1063 1566 1127 1598 nisi
1152 1566 1358 1607 καταστροφὴ
1384 1577 1606 1601 succurrat.—

864 1611 1329 1647 Nmnthturuehocsit,
1357 1612 1605 1651 ipramrenai

862 1655 1026 1691 resciverit,
1049 1665 1107 1685 non
1127 1664 1173 1684 me
1190 1652 1349 1695 praeterie]
1374 1654 1418 1686 Et
1439 1654 1467 1686 si
1488 1666 1603 1689 verum

861 1696 904 1727 sit
927 1697 1001 1733 (scit
1024 1696 1078 1736 Ζ.)
1100 1696 1145 1734 id,
1169 1697 1254 1738 quod
1275 1707 1315 1728 ea
1340 1697 1499 1730 adulterio
1524 1710 1602 1731 con·

861 1740 992 1782 ceperit.
1037 1740 1123 1771 Nam
1145 1750 1219 1771 cum
1240 1740 1312 1778 hoc,
1337 1741 1422 1781 quod
1447 1741 1519 1774 leve
1542 1749 1603 1781 eat,

863 1783 961 1823 (adde
984 1786 1064 1824 quod
1086 1782 1139 1823 Z.)
1166 1783 1347 1815 celabamua
1371 1791 1512 1826 partum,
1537 1792 1603 1818 tam

863 1826 1017 1858 iracundo
1031 1826 1139 1858 animo
1154 1826 1272 1858 tulerit.
1303 1827 1343 1858 E.

904 1871 955 1901 53.
979 1872 1047 1901 Non
1070 1871 1185 1910 aedepol
1207 1872 1284 1901 elon·
1308 1881 1354 1902 ne
1380 1869 1444 1912 eet]
1475 1871 1517 1904 Id
1543 1877 1603 1911 eat,

860 1913 937 1945 scio.
969 1913 1011 1944 D.

904 1957 955 1987 54.
979 1958 1055 1994 Nee,
1080 1957 1602 1998 quiamtentiaejupmit

860 2002 984 2036 matari,
995 2000 1073 2041 scio]
1087 1999 1207 2031 Nescio
1221 1999 1380 2040 quomodo
1392 2010 1434 2031 ex
1448 1999 1603 2033 iracundo

859 2043 1006 2084 placidus
1031 2043 1097 2074 fiat.
1132 2045 1288 2074 Sententia
1312 2042 1396 2084 ejas]
1427 2043 1480 2075 De
1500 2054 1604 2086 puero

862 2096 927 2117 non
942 2086 1143 2128 exponendo.
1178 2086 1221 2117 D.

906 2131 957 2160 55.
974 2131 1042 2161 Hoc
1055 2131 1130 2160 mihi
1143 2128 1251 2170 mn]
1269 2129 1343 2161 Hoc
1358 2129 1494 2167 adhucs
1484 2129 1601 2172 inquit,

861 2172 982 2204 malum
1005 2183 1071 2204 non
1093 2171 1174 2204 mihi
1196 2179 1358 2210 evenerat,
1380 2183 1480 2214 quum
1501 2184 1600 2228 even-

862 2216 948 2247 erint
968 2216 1079 2247 multa.
1116 2217 1184 2247 Hoc
1203 2218 1279 2247 nihi
1298 2227 1389 2247 mm
1403 2228 1440 2248 ex

861 2262 991 2291 miseriis
1004 2261 1151 2300 reliquunt
1157 2258 1267 2299 suerat
1280 2258 1407 2300 malum]
1426 2259 1480 2291 Ex
1494 2260 1600 2293 omni-

860 2303 921 2334 bus
932 2302 1025 2333 malis
1035 2302 1194 2343 reliquum
1205 2312 1304 2344 quum
1316 2302 1411 2340 dicat,
1422 2303 1600 2337 maximum

859 2345 981 2377 malum
1010 2345 1180 2387 significat.
1225 2346 1311 2377 Nam
1342 2356 1408 2377 non
1436 2346 1599 2380 mediocre

860 2397 919 2427 est,
942 2389 1027 2430 quod
1048 2388 1194 2420 omnium
1214 2388 1429 2420 miserim-ium
1450 2396 1501 2421 eet
1521 2390 1599 2422 ulti-

859 2443 958 2470 mum,
971 2438 1003 2463 et
1017 2432 1103 2463 inter
1116 2431 1202 2463 mala
1214 2431 1317 2464 multa
1329 2431 1499 2473 reliquum,
1513 2433 1600 2475 quod

859 2476 906 2507 sic
921 2475 1105 2518 accipimus.
1150 2475 1324 2508 Possumus
1339 2481 1373 2507 et
1386 2485 1446 2507 noe
1459 2475 1597 2509 interro-

859 2519 967 2561 gative
981 2517 1205 2560 pronunciare.
1234 2519 1277 2550 D.

903 2563 955 2594 56.
972 2564 1104 2594 Puerum
1124 2564 1276 2593 attollam
1294 2561 1392 2603 cogit]
1416 2562 1519 2594 Recte
1540 2564 1597 2595 tol-

857 2608 941 2637 lan.-
963 2605 1107 2647 quaeetio,
1129 2605 1216 2636 unde
1237 2605 1289 2636 sit.
1321 2605 1367 2636 Et
1387 2604 1470 2644 vide,
1496 2616 1539 2638 an
1562 2608 1599 2639 ἃ

853 2660 981 2690 puerunt
995 2654 1030 2679 ut
1045 2650 1147 2680 tollam
1161 2651 1251 2690 cogit,
1266 2647 1356 2689 quasi
1378 2659 1453 2681 cum
1463 2649 1597 2698 gemitu

858 2698 892 2723 et
905 2691 1125 2732 percontative
1146 2691 1423 2733 pronunciandum
1444 2691 1505 2724 sit:
1527 2699 1597 2726 ete-

855 2735 925 2766 nim
947 2737 992 2772 Si,
1013 2735 1181 2766 obscuram
1201 2734 1396 2766 locutionem
1414 2734 1510 2767 facit.
1531 2736 1596 2769 ιιι·

855 2778 938 2810 forte
966 2789 1032 2809 eun
1060 2777 1112 2809 vel
1140 2780 1219 2818 qaod
1250 2777 1420 2819 significat.
1464 2779 1596 2812 D.—.=

854 2788 1323 2862 pnennuttossameogitJngn
1274 2821 1597 2864 Quodhoegnvita·

856 2865 963 2896 serena
999 2863 1188 2906 Pamphilus
1219 2863 1384 2896 hominem
1417 2863 1595 2907 (mme-

855 2913 987 2939 nostron
1010 2905 1066 2948 Z.)
1079 2906 1185 2939 celare
1198 2917 1265 2939 non
1279 2908 1391 2951 poeait-
1421 2909 1594 2942 Concludit

857 2951 1189 2988 enim,Sm1moor.
1212 2951 1594 2995 R—Sambeneeme

856 2994 915 3026 sed
927 2993 1044 3026 melius
1057 2996 1108 3026 ean·
1121 3005 1183 3026 noc.
1213 2993 1252 3026 B.

1024 3038 1044 3068 3
1060 3046 1084 3068 x
