1852 3216
104 167 244 196 scena
264 155 315 210 1.]

725 153 1018 196 ANDRIA.

1578 158 1637 199 63

275 340 529 388 ACTUS
574 339 852 406 TERTlI
898 339 1155 387 SCENA
1199 340 1460 388 PRIMA.

352 459 507 507 ursis.
534 449 663 507 snio.
688 474 859 507 DAVUS.

885 473 1064 506 LESBIA·
1089 474 1241 506 GLYCE
1248 475 1384 507 RIUM.

157 557 238 600 I'rA
257 557 331 613 pol
350 558 525 613 quidem
545 573 615 600 res
635 564 718 606 est,
739 565 789 599 ut
808 557 933 607 dixti,
956 555 1143 608 Lesbia3

157 623 350 665 Fidelem
370 623 644 685 haud-ferme
664 622 831 665 mulieri
849 623 1040 666 invenias
1062 625 1213 667 virum.

155 688 221 729 S1.
255 689 329 730 Ab
350 687 575 730 Andria’st
595 687 748 730 ancilla
767 687 885 731 haec:
917 690 1023 744 quid
1044 692 1227 732 narras?
1278 690 1398 733 DAv.
1422 690 1580 734 Ista‘st.

98 834 208 897 &51:¹5⁰
207 831 408 898 1335?ss
428 829 628 903 ῗέἒίᾏῖἒιξι
636 823 688 897 ‘31²0
701 824 849 898 ¹3:123&

99 909 282 946 mulierum,
294 920 366 950 quae
377 909 411 940 iu
424 919 553 940 scenam
569 908 711 940 veniant.
747 911 846 942 Quid-

99 963 168 982 nam
177 954 284 983 hoe-est
293 954 340 983 rei
348 951 383 993 ?]
401 951 553 983 Pulsatus
568 958 618 983 est
632 962 735 983 senex
749 962 846 993 argu-

99 1002 210 1026 mento
230 994 381 1026 falsarum
404 1004 448 1025 nu
474 994 602 1030 tiaram,
614 996 774 1034 paululum
795 996 847 1025 ob-

98 1039 195 1068 mii.-
219 1043 370 1078 tanquam
381 1047 416 1068 se
429 1037 436 1043 “
466 1037 579 1068 uderet
593 1037 715 1068 Davus.
750 1036 848 1072 Quid-

98 1091 167 1110 nas·
185 1082 234 1110 hic
256 1082 315 1110 volt
336 1085 488 1111 veterator
502 1082 562 1110 ribi
571 1079 605 1120 2]
628 1081 786 1110 Veterator
800 1086 850 1111 est

99 1129 194 1153 vetus
206 1122 240 1152 in
252 1122 381 1160 astutia,
395 1129 429 1153 et
439 1122 495 1162 qui
507 1122 542 1153 in
557 1122 646 1153 omni
661 1132 699 1153 re
714 1122 849 1154 callidus

98 1170 157 1195 est.
197 1165 242 1195 Et
255 1165 290 1195 hi
312 1165 378 1196 duo
399 1175 512 1196 versus
533 1165 720 1202 ostendunt,
737 1165 847 1207 pulsa-

98 1212 167 1238 tum
180 1217 251 1238 esse
262 1218 373 1238 senem
388 1214 580 1248 argumento
594 1207 747 1238 falsarum
763 1218 847 1250 nup-

98 1249 235 1280 tiarum:
259 1250 316 1281 illo
337 1257 538 1291 argumento,
554 1250 641 1290 quod
662 1250 718 1287 ait,
735 1253 847 1290 paulu-

99 1294 159 1323 lus·
174 1294 290 1324 obsonii
299 1306 309 1323 .·
333 1299 486 1333 tanquam
501 1303 537 1324 se
552 1293 704 1324 illuderet
726 1293 848 1324 Davus.

100 1334 185 1366 Sunt
199 1345 277 1376 ergo
292 1336 399 1373 verba,
415 1343 453 1366 ut
466 1335 621 1373 diximus,
633 1346 743 1366 secum
759 1336 847 1376 cogi-

99 1378 198 1408 tantis
213 1378 311 1415 senis,
326 1384 383 1408 aut
401 1378 442 1408 de
463 1377 516 1409 his
532 1388 604 1418 quae
626 1388 712 1409 nunc
736 1378 850 1409 Davus

98 1419 226 1451 locutus
254 1428 313 1457 est,
342 1426 399 1451 aut
423 1420 465 1450 de
495 1420 638 1451 adventu
664 1420 848 1457 mulierum,

99 1472 172 1502 quae
183 1463 217 1493 in
228 1473 358 1494 scenam
372 1463 508 1494 veniunt
522 1463 626 1494 modo.
660 1462 847 1497 D.-Quid-

99 1516 169 1535 nan
193 1508 247 1536 hoc
269 1511 316 1537 est
342 1508 388 1536 rei
398 1505 431 1546 .⁷]
460 1506 578 1536 Secum
602 1505 723 1546 cogitat
750 1515 851 1536 senex

99 1547 277 1579 orationem
311 1547 405 1584 Davi,
436 1554 470 1578 et
498 1547 747 1588 promissionem
779 1548 849 1579 filii.

100 1589 177 1620 Non
201 1600 279 1621 vers
298 1590 408 1621 omnia
430 1590 615 1631 suspicatur
638 1600 680 1621 ex
706 1590 850 1622 moribus

96 1632 195 1669 servi,
211 1643 307 1673 quem
321 1638 517 1664 veteratorem
537 1633 689 1674 appellat,
707 1633 767 1663 hoc
789 1639 848 1671 est,

98 1675 251 1706 callidum
281 1681 314 1706 et
342 1675 462 1706 astutia
490 1682 619 1707 vetusta
652 1677 848 1707 roboratum.

98 1718 273 1749 Concludit
287 1728 384 1759 ergo:
406 1721 435 1749 si
449 1721 482 1749 in
502 1720 560 1749 hae
580 1729 614 1749 re
636 1720 757 1759 aliquid
776 1721 850 1750 nala·

99 1766 155 1797 est,
172 1763 238 1791 iaie
250 1766 296 1791 eet
310 1763 382 1791 huic
402 1763 449 1791 rei
469 1766 571 1800 caput.
610 1761 656 1792 Et
676 1761 742 1792 illis
762 1761 850 1792 inter

98 1813 134 1834 se
158 1803 374 1844 loquentibus,
398 1803 489 1834 Simo
510 1809 547 1834 ut
569 1810 723 1844 agnoscat
744 1804 848 1835 filium

99 1845 188 1876 illam
204 1845 409 1887 peregrinam
425 1855 544 1882 amare,
560 1856 624 1886 qno
639 1846 779 1887 amplius
797 1846 849 1877 in-

99 1888 257 1919 cendatur
271 1889 314 1919 ad
329 1888 468 1930 nuptias,
486 1894 523 1919 ut
537 1888 568 1918 ei
584 1898 674 1919 error
689 1889 778 1919 omui
797 1899 849 1919 ra-

99 1930 189 1962 tione
197 1930 391 1968 cumuletur,
402 1930 452 1961 vel
466 1941 507 1961 ex
518 1930 681 1961 locutione
693 1931 849 1968 mulieris,

99 1973 152 2004 vel
168 1983 210 2004 ex
226 1973 359 2004 vocibus
373 1973 595 2015 parturientis,
611 1973 716 2004 credit
737 1974 770 2004 in
792 1984 851 2005 sua

99 2016 273 2057 presentia
278 2023 396 2047 cuncta
404 2015 559 2046 simulari.
584 2016 669 2046 E.—
675 2016 851 2057 Veterator]

102 2058 344 2100 Mancipiorum
379 2058 541 2090 usualium
579 2058 703 2100 duplex
737 2069 851 2099 genus,

101 2101 298 2132 novitiorum
313 2107 347 2132 et
362 2108 598 2132 veteranorum.
638 2102 687 2132 Ac
706 2101 850 2143 plerum-

99 2153 163 2184 que
185 2143 309 2175 novitia
331 2143 495 2185 mancipia
518 2143 755 2185 intelliguntur,
778 2155 851 2184 quae

99 2196 222 2217 anuum
244 2186 388 2218 nondum
411 2186 603 2224 servierunt,
623 2194 656 2218 et
679 2194 851 2228 propterea

99 2229 196 2260 mdis
208 2235 286 2260 sunt
300 2239 338 2260 ac
359 2229 568 2270 simpliciora.
606 2229 771 2261 Veterana
792 2240 850 2260 au-

99 2277 178 2309 tem,
205 2282 278 2313 quae
306 2282 393 2303 anno
421 2272 577 2303 continuo
606 2271 642 2303 in
671 2273 752 2303 urbe
781 2283 849 2304 ser·

100 2314 240 2351 vierunt,
265 2320 299 2346 et
320 2314 354 2346 id
377 2321 512 2357 propter
533 2321 641 2346 astuta
668 2322 702 2346 et
724 2315 850 2346 callida.

103 2357 293 2388 Marcianus
307 2357 363 2388 lib.
379 2358 445 2388 xvi.
462 2358 489 2396 ς,
506 2359 536 2388 3.
547 2357 580 2388 fl:
597 2358 639 2389 de
655 2358 851 2389 Publicanis.

102 2399 737 2442 Ulpianmtiumvitffideaeditedict.
762 2401 852 2432 Hinc

100 2442 211 2484 inque
235 2442 366 2479 versuti,
390 2449 424 2474 et
446 2443 549 2474 multa
574 2449 645 2474 arte
671 2443 852 2481 exercitati,

101 2491 283 2517 veteratore:
297 2485 377 2517 dicti
389 2491 475 2517 sunt.
521 2485 664 2517 Gloesar.
683 2487 851 2517 Veterator.

101 2528 348 2568 παλαωμόλοψ,
374 2527 556 2569 raab-rm,
582 2528 741 2568 τριβακὸς,
770 2529 850 2560 ἆτα-

101 2569 192 2600 rle-v.
238 2570 313 2601 vid.
343 2571 459 2602 Festus
482 2571 519 2602 in
543 2571 727 2603 Veterator.
770 2572 854 2603 1..—

105 2612 203 2653 Lege,
221 2611 305 2646 Quid
317 2615 372 2644 hoc
385 2619 433 2644 est
445 2615 515 2644 reii.
545 2614 584 2644 B.

148 2655 792 2698 27.Noeasiucmuaziqnieqm]
818 2657 854 2688 Si

101 2697 263 2738 promissa
298 2707 365 2728 nou
400 2698 613 2739 compleverit
650 2699 851 2741 Pamphilus»

93 2741 176 2771 Illic
190 2745 236 2771 est
250 2742 321 2771 hnic
336 2742 381 2771 rei
395 2740 506 2782 capnt]
525 2743 626 2781 Caput
641 2748 692 2773 est
706 2742 798 2783 origo
819 2749 854 2773 et

102 2792 230 2814 summa
244 2782 497 2824 uniuscujusque
514 2784 573 2820 rei,
588 2790 628 2815 ut
641 2784 757 2825 virgil.
774 2785 852 2816 AEn.

102 2825 855 2866 82361.)0Latiaeaputhorunetcanra

104 2869 258 2899 malornm
292 2868 450 2899 D.—m··e
460 2870 647 2900 esth-ieret·
661 2868 769 2910 eaput]
789 2870 855 2901 lte-

104 2920 177 2942 rum
203 2910 343 2952 Adelph.
360 2911 402 2942 iv.
426 2912 456 2942 2.
474 2911 526 2942 29.
561 2913 671 2949 Sensit,
693 2914 774 2954 quod
792 2924 856 2954 ego,

106 2957 136 2984 ts
161 2964 224 2985 ecoe
251 2955 322 2985 huic
349 2956 396 2985 rei
424 2959 525 2993 caput.
564 2953 698 2986 Servius
726 2954 855 2987 AEneid.

891 825 936 856 xi.
962 836 1045 857 vers.
1070 831 1163 866 caput
1189 828 1293 858 horum
1315 832 1347 858 et
1369 837 1463 858 causa
1487 828 1642 858 mamm.

893 868 1066 909 L——Lege
1080 870 1205 906 nalum,
1220 879 1261 901 ne
1276 871 1350 900 mali
1366 875 1470 901 totum
1486 869 1520 901 in
1542 869 1643 902 Theti

890 911 1090 942 obscuretur.
1124 911 1161 942 B.

937 954 963 984 1.
988 955 1039 984 Ita
1057 956 1112 993 pol
1125 956 1245 994 quiden
1266 965 1316 985 res
1330 954 1394 996 est]
1412 955 1453 986 In
1468 955 1529 986 hac
1547 965 1646 986 scena

892 1005 978 1026 novo
1000 996 1096 1027 modo
1117 1003 1265 1027 cessante
1289 997 1393 1034 Davo,
1416 997 1538 1028 fallitur
1553 997 1644 1029 Simo

892 1048 952 1080 per
967 1038 1100 1069 nimiam
1116 1039 1325 1079 sagacitatem
1339 1050 1441 1071 suam.
1481 1039 1586 1070 Simul
1607 1040 1643 1071 in

892 1081 953 1111 hac
977 1091 1075 1112 scena
1098 1081 1132 1112 id
1155 1082 1223 1122 agit
1247 1088 1353 1123 poeta,
1377 1088 1414 1113 ut
1443 1082 1485 1113 ad
1512 1082 1644 1124 nuptias

892 1123 1057 1155 faciendas
1086 1124 1191 1164 magis
1221 1125 1418 1156 accendatur
1448 1125 1548 1155 Simo.
1599 1125 1643 1156 Et

892 1166 1039 1207 quaedam
1069 1167 1241 1204 industria,
1272 1167 1420 1207 quaedam
1447 1167 1538 1198 velut
1565 1178 1643 1199 casu

892 1209 1066 1240 eveniunt:
1105 1216 1141 1240 ut
1168 1219 1255 1240 nunc
1283 1209 1426 1251 suspicio
1455 1210 1553 1241 senis.
1603 1211 1644 1241 In

892 1251 1005 1282 multis
1020 1252 1108 1282 enim
1131 1251 1291 1291 οἰκονομία
1311 1252 1509 1284 comicorum
1530 1259 1644 1294 poem·

891 1304 965 1325 rum
980 1294 1027 1325 ita
1042 1304 1077 1325 se
1091 1294 1199 1331 habet,
1213 1302 1249 1325 ut
1266 1305 1343 1326 casu
1366 1302 1460 1336 putet
1480 1302 1644 1337 spectator

892 1337 1032 1374 venisse,
1048 1337 1133 1377 quod
1148 1337 1285 1368 consilio
1306 1338 1501 1379 scriptorum
1522 1338 1644 1369 factum

892 1378 945 1410 sit.
981 1381 1033 1409 Ita
1040 1381 1094 1419 pol
1104 1381 1223 1420 quidem
1235 1391 1283 1410 res
1294 1385 1350 1417 eet,
1362 1385 1397 1410 at
1407 1383 1497 1418 disti,
1513 1381 1642 1421 Lesbia]

894 1421 948 1452 Ex
977 1421 1038 1452 hoc
1068 1432 1227 1459 sermone,
1258 1432 1354 1463 quem
1384 1423 1506 1454 habent
1532 1423 1642 1464 ing-re-

892 1464 1029 1500 dientes,
1042 1475 1148 1495 scenae
1162 1471 1298 1506 apparet
1311 1465 1519 1507 principium.
1548 1467 1644 1501 Quod

894 1506 982 1537 euim
998 1507 1137 1544 auditur,
1150 1518 1216 1538 non
1231 1508 1317 1548 quod
1332 1507 1497 1550 incipitur,
1513 1508 1645 1540 initium

894 1549 1016 1580 dicunt.
1060 1551 1113 1580 Ita
1140 1551 1193 1589 pol
1220 1549 1359 1590 quidem]
1388 1551 1564 1582 Productio
1594 1558 1646 1583 est

893 1591 1068 1629 narradva,
1080 1592 1121 1622 ad
1133 1592 1331 1633 explendum
1344 1593 1441 1624 modo
1451 1593 1561 1634 potius
1572 1595 1643 1634 jus-

888 1635 1075 1673 jurandum.
1120 1636 1163 1666 Ut
1184 1634 1280 1675 dixti]
1305 1635 1350 1666 Et
1371 1637 1462 1672 dieti,
1481 1642 1515 1666 et
1535 1638 1645 1668 dixisti

893 1676 1022 1717 legitur.
1063 1677 1228 1708 D.—-Duo
1252 1683 1379 1708 tantum
1404 1678 1497 1709 codd.
1522 1679 1645 1710 habent

892 1722 1013 1750 dixisti.
1051 1720 1133 1755 Quae
1148 1730 1225 1751 vera
1240 1727 1291 1751 est
1311 1720 1418 1752 lectio.
1455 1721 1542 1752 Nam
1565 1732 1643 1753 con-

891 1762 1022 1793 cinnius
1035 1773 1083 1793 res
1099 1763 1134 1793 in
1150 1763 1227 1794 Arsi
1242 1763 1296 1794 hic
1310 1763 1453 1804 ponitur,
1465 1774 1563 1804 quam
1577 1764 1644 1796 illic

891 1804 927 1835 in
943 1805 1052 1835 Thesi.
1086 1805 1124 1835 B.

938 1848 967 1877 2.
990 1849 1127 1878 fidele-
1142 1846 1347 1888 ›za-asam]
1364 1850 1501 1880 Fidelem
1518 1849 1644 1886 maluit,

893 1891 1091 1929 quamfidmn
1102 1889 1219 1920 dicere.
1249 1892 1362 1920 Fidum
1375 1891 1463 1921 enim
1475 1891 1645 1923 honestius

893 1931 1041 1962 dixisset.
1094 1934 1201 1962 Ferme
1230 1942 1291 1973 pro
1320 1932 1416 1964 facile
1443 1934 1571 1975 posuit:
1611 1940 1646 1966 et

885 1973 997 2014 ferne,
1011 1974 1198 2005 facilitatem
1215 1975 1387 2015 significat,
1403 1977 1480 2016 quia
1494 1983 1571 2008 sunt
1585 1977 1644 2008 ad-

895 2016 1007 2047 verbia
1033 2017 1282 2048 extenuationis.
1334 2018 1491 2060 Invenias]
1520 2019 1643 2051 Secun-

895 2059 969 2090 dam
984 2070 1045 2100 pro
1065 2059 1161 2090 tertia
1181 2069 1322 2101 persona
1342 2061 1462 2102 posuit,
1476 2071 1538 2103 pro
1559 2065 1643 2093 inve-

895 2104 962 2132 niat
983 2104 1060 2142 quis,
1084 2102 1134 2133 vel
1157 2102 1305 2133 invenire
1326 2104 1447 2144 possin
1473 2110 1512 2135 ut
1526 2104 1643 2145 Virgil-

895 2144 972 2175 AEn.
988 2145 1030 2175 iv.
1046 2146 1120 2176 401.
1155 2146 1330 2186 nigrantes,
1343 2157 1460 2184 cernae,
1474 2151 1645 2188 totaqueez

894 2189 969 2218 urbe
984 2193 1114 2218 ruentes.
1147 2187 1189 2218 D.

938 2232 968 2260 3.
992 2232 1042 2261 Ab
1057 2233 1180 2261 Andria
1201 2235 1248 2261 est
1268 2232 1383 2262 ascilla
1403 2230 1485 2272 haee]
1509 2231 1645 2274 Simpli-

894 2272 977 2304 citer
991 2273 1076 2304 dixit
1089 2275 1130 2303 ab
1146 2275 1266 2304 Andria
1281 2279 1337 2310 eet,
1353 2283 1414 2315 pro
1425 2274 1561 2306 Andriae
1574 2281 1643 2306 est:

895 2325 970 2346 nam
986 2323 1019 2347 et
1035 2326 1096 2347 usu
1112 2315 1158 2347 sic
1174 2315 1282 2346 dicere
1304 2315 1456 2347 solemus.
1494 2317 1584 2358 Ergo
1604 2320 1646 2349 ab

895 2359 1020 2389 Andria
1035 2364 1091 2396 est,
1103 2359 1164 2389 hoc
1180 2364 1239 2395 est,
1253 2358 1388 2389 Andriae
1402 2359 1500 2396 favet,
1510 2358 1647 2392 Andriae

896 2408 962 2436 est;
988 2407 1023 2432 ut
1038 2411 1113 2432 cum
1128 2401 1277 2437 dicimus,
1292 2403 1344 2432 Ab
1358 2403 1412 2432 illo
1426 2407 1481 2439 est,
1496 2402 1559 2433 hoc
1577 2402 1645 2444 sig-

896 2443 1077 2481 nificamus,
1093 2443 1142 2474 illi
1154 2443 1251 2480 favet,
1266 2443 1314 2474 illi
1335 2444 1558 2476 accommodat
1577 2445 1646 2477 suf-

895 2486 1044 2527 stagium.
1078 2486 1217 2517 D.—Ab
1239 2488 1361 2518 Andria
1381 2486 1470 2528 est?]
1494 2487 1548 2519 Ex
1567 2498 1646 2530 pro-

895 2529 1035 2578 prietate
1063 2529 1183 2570 linguae
1213 2529 1346 2570 agnovit
1374 2529 1474 2561 illam.
1527 2530 1647 2563 Secum

895 2571 997 2612 igitur
1010 2571 1282 2612 conjecturalibus
1296 2572 1498 2612 argumentis
1514 2573 1647 2614 cogitat,

895 2614 1074 2646 verisimile
1086 2625 1152 2645 non
1164 2624 1236 2645 esse
1251 2614 1418 2656 suscipere
1427 2614 1513 2646 velle
1526 2615 1647 2648 liberos

897 2667 939 2688 ex
954 2657 1136 2706 peregrina.
1175 2657 1272 2687 Unde
1286 2657 1459 2689 confirmat
1471 2657 1647 2690 mulium

895 2700 1073 2731 calhditate
1097 2699 1179 2736 fleri,
1204 2706 1241 2730 ut
1266 2699 1390 2741 nuptie
1414 2699 1645 2742 impediantur.

898 2742 1093 2773 E.—-Verba
1112 2742 1158 2772 ita
1179 2741 1404 2774 distribuenda
1424 2752 1497 2774 ene
1517 2753 1646 2782 censeo,

896 2791 943 2822 ut,
968 2787 1043 2825 qnid
1066 2795 1186 2821 narras,
1211 2784 1278 2815 siut
1301 2784 1389 2816 Davi
1413 2795 1480 2816 non
1505 2785 1646 2818 interro-

896 2828 1015 2868 gantis,
1031 2827 1090 2858 sed
1104 2826 1296 2858 admirant'n
1317 2832 1352 2859 et
1371 2828 1463 2869 qussi
1485 2829 1647 2870 negantis,

901 2870 951 2901 vel
972 2875 1106 2910 gravate
1125 2869 1343 2907 concedentis,
1357 2876 1396 2902 ut
1415 2870 1547 2902 Phorm-
1567 2882 1598 2903 v.
1615 2871 1646 2904 7.

901 2914 953 2943 42.
977 2912 1035 2943 sed
1057 2914 1146 2943 iea'nt
1166 2911 1233 2944 siut
1255 2912 1408 2951 Simonis,
1430 2923 1500 2945 rem
1526 2913 1647 2946 confir-

901 2954 1028 2987 mantis.
1060 2955 1097 2985 B.
