1852 3216
122 180 259 208 εεειιᾼ
280 166 362 222 iv.]

667 167 1077 211 EUNUCHUS.

1548 171 1638 212 235

369 315 620 364 ACTUS
666 317 950 372 QUINTI
996 318 1247 366 SCENA
1291 319 1375 366 IV.

624 443 680 475 ΡΑ
686 444 816 476 RMEN
822 446 865 476 O.

912 444 1129 476 PYTHIAS.

229 524 416 575 Rmso,
437 525 638 581 quidnam
658 526 838 569 Chaerea
856 527 925 570 hic
945 542 1085 570 rerum
1105 535 1240 583 gerat.

228 590 360 638 Quod
382 591 417 632 si
436 598 532 633 astu
551 606 639 633 rem
659 593 869 643 tractavit,
891 592 951 635 Di
970 601 1155 635 vostram
1174 593 1326 636 fidem!

229 656 463 706 Quantum,
485 663 528 698 et
547 672 674 712 quam
692 673 832 700 veram
852 657 1022 701 laudem
1040 660 1179 715 capiet
1200 659 1429 702 Parmeno!

225 720 340 763 Nam
358 729 406 763 ut
425 723 600 773 mittam,
620 724 738 778 quod
757 725 796 766 ei
816 739 999 766 amorem
1018 724 1319 776 difficillimum,
1340 733 1384 768 et

192 795 211 824 5
229 787 502 829 Carissimum
522 789 577 830 ab
596 790 816 831 meretrice
837 805 985 832 avara:
1018 790 1222 846 virginem

229 852 370 901 Quam
390 854 582 903 amabat3
614 869 707 896 eam
728 855 891 897 confeci
911 856 1000 897 sine
1020 855 1226 905 molestia,

227 918 328 960 Sine
348 926 504 969 sumtu,
526 919 615 961 sine
635 919 882 975 dispendio:
915 928 1004 962 turn
1022 921 1105 963 hoc
1125 921 1318 972 alterum,

225 983 277 1025 Id
299 984 452 1026 vero'st
470 984 586 1039 quod
606 999 687 1040 ego
706 985 808 1026 mihi
826 992 932 1040 puto
952 985 1214 1041 palmarium,

225 1049 303 1091 Me
322 1050 547 1104 reperisse,
569 1065 654 1105 quo
672 1051 800 1092 modo
820 1050 1159 1093 adolescentulus

169 1123 209 1153 ιο
225 1114 503 1158 Meretricum
520 1116 690 1171 ingenia
709 1124 753 1158 et
772 1132 911 1159 mores
930 1125 1078 1173 posset
1096 1132 1296 1159 noscere:

222 1180 397 1223 Mature
416 1189 465 1224 ut
485 1197 615 1237 quum
632 1184 840 1239 cognorit,
860 1189 1071 1238 perpetuo
1091 1183 1245 1225 oderit.

223 1245 334 1298 Quae
355 1247 455 1288 dum
476 1247 579 1289 foris
601 1255 713 1299 sunt,
735 1248 840 1290 nihil
858 1249 1027 1290 videtur
1045 1249 1260 1299 mundius,

219 1311 318 1354 Nec
337 1313 471 1368 magis
491 1314 771 1368 compositum
789 1315 1029 1369 quicquam,
1049 1329 1127 1356 nec
1142 1314 1276 1369 magis
1296 1313 1493 1370 elegans:

153 1409 180 1438 l.
196 1409 312 1445 Reviso,
335 1409 477 1448 quidnam
501 1409 635 1445 chaerea,
657 1407 731 1449 etc.]
754 1410 844 1446 Astu,

107 1460 166 1492 pro
181 1456 289 1487 astute,
302 1450 397 1481 modo
412 1450 598 1482 adverbium
621 1458 678 1487 est,
695 1451 773 1482 alias
786 1462 844 1483 no·

112 1504 203 1524 men:
227 1500 273 1530 ut,
289 1496 339 1525 An
357 1496 388 1524 in
403 1496 482 1524 Astu
499 1496 604 1525 venit?
642 1494 845 1532 D.—Revis0,

110 1536 269 1578 quidnam]
295 1537 374 1568 Haec
395 1547 491 1568 scena
511 1537 735 1568 allocutionem
758 1545 846 1569 tenet

111 1580 195 1611 servi
210 1580 386 1621 gloriantis,
402 1580 485 1620 quod
501 1580 634 1611 consilio
650 1588 773 1612 tantum
790 1582 845 1612 be-

110 1622 259 1654 neficium
276 1623 408 1659 dederit,
426 1623 473 1654 uti
495 1634 634 1654 amorem
651 1624 679 1655 ei
695 1623 844 1655 difficilli-

110 1676 198 1697 mum
212 1666 433 1708 explicaverit:
454 1668 544 1707 cujus
553 1674 660 1709 partes
670 1674 845 1705 enumerat,

110 1710 194 1750 quod
205 1721 271 1740 eum
286 1709 410 1750 confecit
424 1712 487 1741 sine
502 1712 645 1747 molestia,
660 1713 723 1742 sine
738 1717 845 1749 sumtu,

109 1755 174 1783 sine
195 1754 357 1793 dispendio.
404 1753 489 1784 lllud
508 1753 646 1784 maxime
669 1754 845 1795 providisse

109 1795 274 1836 gloriatur,
290 1801 323 1827 ut
338 1798 505 1827 adolescens
519 1799 705 1827 meretricum
724 1800 846 1838 ingenia

109 1850 259 1879 moresque
281 1844 475 1879 cognosceret,
487 1845 530 1876 ut,
546 1851 634 1880 quum
656 1843 845 1880 cognovisset,

109 1893 222 1922 semper
237 1884 355 1913 odisset.
388 1882 425 1913 E.

153 1926 182 1956 2.
206 1927 250 1956 Di
264 1931 392 1956 vostram
399 1927 490 1964 fidem
504 1925 535 1966 Ι]
554 1925 653 1957 Modo
668 1936 732 1957 non
750 1925 842 1957 invo-

108 1968 212 1999 cantis
236 1975 293 2006 est,
309 1969 366 2000 sed
387 1968 594 2000 admirantis:
620 1975 652 2000 et
671 1976 719 2000 est
742 1969 845 2010 figura

109 2011 238 2050 ἐπιμονὴ
253 2022 310 2053 per
324 2012 500 2051 ἐκφώνησιν
513 2012 604 2043 facta.
630 2012 805 2046 D.—Qu0d
818 2015 845 2044 εἰ

108 2054 194 2096 astu]
204 2055 333 2086 Servius
341 2055 374 2086 in
383 2055 496 2096 Virgil.
507 2055 633 2086 AEneid.
643 2055 699 2086 xii.
711 2056 783 2087 694.
806 2056 843 2087 L.

151 2099 181 2129 4.
204 2100 286 2129 Nom
300 2104 335 2129 ut
349 2101 491 2135 omittam,
506 2101 585 2139 quod
595 2104 625 2130 et
639 2110 764 2130 amorem
780 2099 840 2140 def-

99 2142 267 2180 ficiIIimum
282 2147 311 2173 et
326 2141 526 2182 carissimum]
540 2143 648 2178 Quum
664 2142 770 2173 dicere
786 2142 842 2173 dc-

109 2184 207 2222 beret,
230 2187 308 2226 quod
332 2187 360 2216 ei
385 2196 511 2216 amorem
533 2191 564 2216 et
584 2187 789 2223 difficillimum
814 2191 844 2217 et

106 2230 292 2259 cmiseimm
314 2227 445 2268 confeci.-
481 2228 586 2270 primo
610 2229 700 2269 quasi
726 2229 844 2260 oblitus

106 2270 185 2302 dicti
221 2271 403 2313 superioris,
441 2272 556 2303 transit
584 2272 624 2303 ad
660 2271 842 2313 virginem:

107 2313 223 2345 deinde
233 2314 322 2346 addit
330 2325 457 2346 causam
471 2325 511 2346 ex
526 2315 711 2346 abundanti.
749 2316 844 2364 Quod

108 2355 137 2387 si
170 2357 312 2396 dixisset,
343 2369 469 2389 amorem
494 2357 625 2398 confeci;
656 2365 763 2400 posset
791 2359 841 2389 in·

108 2399 210 2441 telligi
251 2401 372 2453 confeci,
409 2401 568 2443 expedivi,
609 2401 738 2444 perfeci.
796 2403 843 2433 At

109 2452 185 2474 vero
206 2446 350 2485 virginem
371 2444 492 2486 confeci,
514 2445 591 2486 quid
616 2445 841 2486 intelligemus,

108 2485 171 2516 nisi
197 2486 256 2517 hoc
282 2497 391 2525 unum,
415 2488 500 2528 quod
524 2488 657 2519 insultat
684 2489 842 2520 Parmeno

109 2529 283 2561 confectam
301 2530 473 2572 virginem:
498 2531 587 2572 quasi
602 2531 689 2563 dicat
709 2542 840 2574 supera-

110 2578 174 2602 tam
190 2580 284 2613 atque
303 2573 483 2605 devictam?
523 2575 607 2605 Nam
628 2575 759 2617 proprie
781 2575 840 2607 hoc

108 2615 241 2646 verbum
269 2617 418 2648 convenit
450 2617 678 2658 gladiatoribus
706 2618 756 2656 iis,
786 2618 841 2659 qui

107 2658 305 2707 gravissimis
319 2659 503 2691 vulneribus
518 2661 743 2692 occubuerunt.
788 2661 842 2693 Sic

108 2701 246 2732 Cicero·
238 2712 271 2733 ιιι
286 2702 466 2739 Catilinam,
482 2702 515 2733 ii.
535 2705 583 2734 ll.
606 2706 773 2744 gladiatori
795 2707 843 2736 illi

106 2744 238 2785 confecto
252 2751 281 2776 et
299 2747 409 2776 saucio.
453 2745 613 2777 Convenit
627 2757 702 2788 ergo
716 2747 841 2779 servili-

107 2788 167 2818 bus
188 2788 304 2824 verbis,
327 2796 360 2820 et
382 2787 498 2819 velut
484 2799 593 2829 jocose
614 2790 841 2831 verniliterque

102 2831 247 2870 jactanti,
277 2842 345 2863 rem
374 2831 550 2863 confectam
577 2842 646 2863 esse
675 2832 709 2863 in
735 2834 841 2874 puella

106 2873 241 2915 virg-ine,
255 2882 287 2906 et
299 2885 363 2906 non
375 2874 526 2906 exhibere
538 2875 680 2906 Chaereae
690 2876 842 2908 damnum

106 2917 158 2948 vel
188 2918 361 2959 negotium.
409 2918 448 2949 D.
451 2918 559 2949 —Pro
586 2921 720 2950 omittam
755 2927 842 2952 recte

931 1409 959 1438 5.
985 1410 1033 1439 Ab
1055 1411 1208 1440 meretrice
1230 1420 1323 1440 avara
1336 1423 1346 1441 .-
1371 1412 1514 1451 virginem
1536 1422 1624 1451 quam

888 1451 1026 1492 amabat]
1042 1451 1271 1489 Ἀποσιώπ-ησις
1285 1453 1432 1484 secunda.
1470 1455 1623 1492 Difficilli-

887 1506 974 1532 mum,
991 1494 1065 1544 quia
1077 1495 1234 1536 virginem
1249 1506 1343 1544 quam
1359 1497 1502 1528 amabat·
1527 1500 1624 1528 caris-

887 1540 1001 1575 simum,
1012 1538 1086 1579 quia
1101 1549 1121 1569 a
1134 1539 1301 1570 meretrice
1313 1550 1408 1570 avara
1424 1539 1515 1581 (Leg.
1528 1540 1620 1571 Diffi-

889 1581 1053 1618 cillimum,
1061 1583 1261 1622 quiaomeret.
1269 1594 1371 1614 avaro.
1405 1582 1624 1621 Carissimum,

888 1627 960 1665 quia
981 1626 1125 1665 virginem
1146 1636 1233 1665 quam
1255 1624 1398 1664 amabat).
1439 1626 1625 1658 D.—Hun‹:

889 1674 922 1698 et
943 1678 1007 1708 seq.
1025 1678 1151 1699 versum
1168 1668 1302 1700 emenda
1323 1668 1388 1699 ita:
1420 1670 1624 1708 Carissimum,

889 1722 909 1741 a
932 1714 1085 1742 meretrice
1114 1722 1209 1742 avara
1231 1714 1377 1753 virginem
1407 1714 1471 1746 Quo
1493 1715 1624 1751 amabat,

888 1765 954 1785 eum
983 1754 1103 1795 confeci,
1125 1759 1180 1786 etc.
1226 1755 1310 1786 Nam
1332 1755 1376 1786 ita
1401 1756 1511 1794 habes,
1538 1757 1624 1797 quod

890 1797 1037 1828 Donatus
1074 1798 1114 1828 de
1143 1798 1250 1835 verbo,
1282 1798 1403 1839 confeci,
1440 1799 1622 1841 postulavit.

889 1840 1016 1871 Deinde
1031 1840 1234 1882 Eugraphius
1249 1851 1373 1890 quoque
1387 1841 1465 1882 legit
1479 1853 1553 1873 eum.
1584 1843 1622 1874 B.

932 1885 960 1914 8.
984 1885 1024 1914 Id
1037 1895 1104 1915 vero
1117 1883 1180 1924 est]
1201 1885 1285 1920 Vero,
1299 1884 1362 1915 nisi
1376 1885 1556 1916 ornativum
1572 1896 1622 1917 es-

886 1933 944 1963 set,
953 1926 1031 1957 nihil
1043 1926 1237 1967 significaret
1250 1927 1322 1967 (cur
1331 1938 1412 1958 non.
1403 1929 1415 1949 ⁷
1433 1938 1506 1959 nam
1516 1928 1622 1970 signif.

886 1971 968 2000 haud
981 1971 1079 2007 dubie,
1091 1972 1240 2007 nimirum,
1257 1976 1290 2001 et
1302 1970 1433 2002 omnino
1445 1971 1542 2003 habet
1556 1972 1622 2004 vim

886 2012 1074 2043 affirmandi.
1103 2013 1156 2052 Z.)
1183 2013 1386 2054 Palmarium]
1415 2014 1526 2046 Palma
1551 2015 1623 2057 dig-

887 2066 973 2086 num.
1003 2056 1044 2087 D.
1046 2057 1169 2087 ——Puto
1185 2067 1246 2088 esse
1257 2057 1455 2106 palmarium]
1475 2058 1547 2090 Hoc
1562 2067 1624 2097 est,

885 2099 970 2139 quod
992 2109 1051 2141 ego
1078 2099 1215 2130 arbitror
1240 2099 1319 2131 mihi
1343 2110 1413 2132 esse
1438 2100 1622 2142 gloriosum,

885 2141 930 2173 ibi
952 2142 1089 2184 palmam
1110 2142 1226 2174 debere
1247 2142 1340 2174 sumi.
1373 2144 1536 2176 E.—Puto
1551 2147 1622 2185 pal-

885 2184 1028 2226 marium]
1065 2185 1205 2217 Glossar.
1239 2188 1426 2218 Palmarium
1461 2187 1621 2227 ἄξωνικόν.

886 2229 1040 2260 Priscian.
1057 2228 1136 2260 lib.
1127 2229 1160 2260 ii.
1194 2229 1230 2260 L.

938 2273 985 2303 10.
1014 2273 1208 2303 Meretricum
1232 2271 1370 2314 ingenia]
1392 2273 1534 2315 Optime,
1556 2284 1622 2307 non

886 2317 1051 2347 meretricis
1062 2315 1154 2353 dixit,
1170 2315 1226 2346 sed
1238 2315 1345 2358 potius
1359 2319 1555 2348 meretricum.
1578 2318 1621 2350 D.

932 2360 979 2390 11.
1002 2358 1143 2400 Mature]
1164 2359 1238 2390 Cito
1257 2366 1290 2390 et
1308 2366 1383 2390 ante
1403 2367 1538 2401 tempus.
1581 2363 1623 2393 Ut

885 2413 951 2432 cum
971 2401 1121 2443 cognorit]
1145 2402 1293 2433 Suaviter
1322 2413 1396 2440 non,
1419 2406 1542 2441 noverit,
1564 2405 1623 2436 sed

884 2447 1027 2486 cognorit,
1042 2445 1144 2476 dixit.
1167 2445 1251 2486 quod
1267 2452 1315 2476 est
1335 2445 1439 2488 plenae
1459 2447 1621 2489 perspica-

884 2488 951 2519 ciae.
975 2490 1099 2520 Mature
1112 2494 1147 2520 ut
1160 2500 1249 2529 quum
1258 2488 1407 2538 cognorit]
1427 2490 1516 2521 Bene
1530 2490 1620 2522 addi-

884 2531 932 2562 dit
960 2537 1084 2563 mature.
1131 2532 1212 2563 Fere
1241 2532 1326 2563 enim
1349 2533 1413 2563 cito
1434 2534 1621 2574 cognovisse

884 2574 1004 2606 obfuit:
1029 2576 1085 2606 sed
1104 2575 1137 2606 id
1156 2575 1196 2606 ad
1215 2575 1396 2606 illecebram
1419 2575 1479 2607 suit
1500 2577 1584 2618 quod
1598 2579 1619 2600 ⁸

883 2618 1030 2659 cognitus
1052 2625 1100 2649 est
1121 2618 1185 2649 cito
1213 2618 1335 2658 (Forte,
1360 2620 1434 2650 Fere
1458 2587 1536 2651 cnilm
1556 2632 1622 2652 sero

884 2673 965 2702 cogn.
980 2660 1098 2702 obfuim
1120 2663 1326 2702 quippeidad
1340 2663 1382 2692 ill.
1391 2660 1468 2700 suit,
1482 2666 1619 2704 quodm—

884 2707 940 2735 mis
954 2708 1103 2745 cognitum
1118 2710 1162 2735 est
1176 2716 1249 2735 sero.
1268 2704 1303 2735 Z.
1311 2705 1332 2743 ).
1366 2705 1405 2736 D.

932 2749 978 2779 12.
999 2747 1072 2782 Qua
1087 2750 1157 2778 dum
1166 2747 1245 2785 foris
1258 2747 1345 2788 sunt]
1365 2748 1461 2790 Apud
1475 2756 1620 2782 amantes

883 2791 1014 2822 scilicet.
1048 2792 1138 2822 Nihil
1155 2793 1273 2821 videtur
1286 2791 1440 2833 mundius]
1459 2793 1547 2824 Bene
1572 2796 1620 2825 vi-

883 2837 994 2865 detur.-
1018 2844 1083 2864 non
1099 2833 1183 2865 enim
1199 2841 1283 2865 sunt.
1315 2834 1356 2866 D.

935 2879 983 2908 13.
1013 2878 1079 2908 Nec
1105 2888 1201 2918 magu
1227 2881 1413 2918 compositum
1433 2879 1618 2928 quicquam]

885 2921 976 2952 Bona
993 2920 1138 2951 varietas.
1175 2920 1258 2951 Nam
1274 2920 1341 2953 baec
1355 2921 1462 2953 omnia
1482 2933 1540 2964 per
1554 2935 1621 2955 πια-

109 2960 218 2993 Bemb.
235 2968 267 2993 et
282 2962 346 2993 duo
361 2968 436 2993 vett.
454 2972 471 2992 e
494 2961 610 2994 nostris
631 2962 750 2994 habent
771 2965 840 2995 mit-
880 2966 931 3005 gis
956 2963 1142 2995 adverbium
1167 2964 1311 3006 profert·
1341 2975 1400 2997 nec
1429 2966 1536 2998 omnia
1561 2977 1621 3008 per

108 3005 246 3036 th.

884 3006 1134 3049 comparativum
1159 3007 1302 3048 gradum.
1346 3010 1412 3041 Nec
1437 3011 1533 3051 magis
1559 3012 1618 3041 ele-
