1852 3216
359 527 816 584 LECTORI
884 525 1356 583 ERUDITO

736 692 777 731 S.
826 692 872 731 P.
921 692 976 731 D.

491 834 591 883 JO.
642 834 806 882 CAR.
856 831 1221 882 ZEUNIUS.

96 1022 241 1089 Quon
261 1032 304 1074 in
321 1032 631 1075 mercatoribus
647 1030 759 1074 forte
775 1046 862 1074 non
877 1029 1002 1073 valde
1021 1027 1370 1085 reprehenditur,
1391 1027 1427 1068 si
1446 1026 1626 1069 laudant

92 1116 200 1157 quas
230 1101 409 1157 cupiunt
434 1100 669 1142 extrudere
698 1114 878 1150 merces,
900 1106 975 1141 aut
1002 1098 1130 1141 etiam
1153 1097 1209 1139 ab
1229 1096 1468 1139 editoribus
1497 1094 1629 1137 libro-

93 1184 188 1212 rum
214 1169 431 1212 interdum
456 1175 574 1210 recte
601 1167 698 1210 fieri
721 1174 880 1224 potest,
903 1175 953 1209 ut
971 1165 1104 1208 libros
1126 1180 1227 1207 suos
1248 1164 1561 1214 commendent,
1582 1170 1628 1205 et

94 1238 207 1280 omni
226 1238 391 1280 ratione
409 1236 627 1279 hominum
648 1237 809 1278 animos
831 1236 887 1278 ad
906 1234 1132 1278 lectionem
1150 1233 1331 1275 invitent
1349 1239 1395 1275 et
1414 1231 1626 1282 alliciant3

93 1306 140 1349 id
160 1320 261 1348 sane
278 1305 349 1348 hic
369 1321 498 1361 quam
521 1304 823 1347 alienissimum
851 1311 896 1346 et
924 1303 1235 1359 ineptissimum
1264 1309 1386 1357 puto.
1450 1300 1627 1342 Etenim

94 1375 191 1431 quis
210 1389 358 1431 quaeso
376 1380 444 1416 est
464 1374 519 1415 ab
539 1373 652 1415 omni
666 1372 930 1415 humanitate
951 1372 1011 1414 ita
1030 1378 1238 1421 remotus,
1257 1378 1307 1412 ut
1328 1370 1410 1412 sibi
1428 1368 1630 1411 Terentii

94 1442 262 1486 laudari
290 1442 510 1485 desideret
538 1441 721 1493 fabulas,
741 1456 849 1497 quas
878 1440 1004 1496 pueri
1029 1439 1153 1482 avide
1179 1438 1344 1495 legunt,
1365 1451 1627 1494 magnopere

96 1512 358 1554 admirantur
386 1510 536 1562 adulti,
562 1516 607 1553 et
637 1525 760 1552 senes
791 1509 876 1565 ipsi
903 1524 991 1551 non
1022 1508 1112 1550 sine
1141 1522 1297 1563 magna
1325 1506 1452 1549 animi
1479 1505 1630 1547 laetitia

94 1579 320 1636 relegunt!
349 1579 489 1635 Igitur
506 1594 683 1634 agamus
702 1578 864 1634 potius,
890 1577 1009 1632 quod
1031 1577 1132 1632 jure
1160 1591 1187 1617 a
1212 1575 1338 1617 nobis
1366 1573 1629 1630 postulatur,

96 1656 160 1699 ut,
180 1663 308 1704 quam
326 1648 534 1690 rationem
552 1647 597 1689 in
614 1646 697 1689 hac
717 1646 906 1689 editione
925 1645 1118 1687 curanda
1138 1644 1276 1686 secuti
1296 1643 1442 1694 simus,
1464 1643 1631 1698 aperia-

97 1731 206 1758 mus.
258 1715 368 1758 Cum
385 1715 619 1771 bibliopola
635 1714 739 1757 mihi
758 1713 996 1764 consilium,
1016 1713 1135 1769 quod
1161 1711 1326 1754 dudum
1356 1711 1544 1767 cepisset
1573 1711 1630 1754 de

99 1783 413 1840 Lindenbrogii
436 1783 638 1834 editione,
658 1798 785 1838 quam
806 1781 950 1824 adhuc
969 1781 1172 1837 optimam
1191 1787 1237 1822 et
1255 1779 1353 1822 usui
1373 1778 1631 1822 discentium

99 1851 574 1894 accommodatissimam
592 1865 689 1893 esse
709 1865 765 1892 ex
784 1850 884 1891 viris
904 1864 1050 1891 rerum
1069 1848 1221 1904 peritis
1241 1847 1493 1898 audivisset,
1514 1846 1630 1902 typis

99 1919 350 1975 repetenda,
373 1919 477 1961 mihi
502 1918 800 1973 significasset,
826 1917 1123 1972 petiissetque,
1149 1922 1198 1957 ut
1225 1914 1445 1970 exemplar
1469 1929 1496 1956 a
1515 1914 1630 1956 vitiis

99 2003 326 2044 operarum
354 2002 599 2043 purgarem,
622 1987 667 2029 in
694 2001 818 2028 suum
846 1985 1051 2041 quodque
1074 1983 1216 2026 locum
1235 1984 1491 2039 redigerem,
1512 1990 1572 2034 et,
1594 1984 1631 2027 si

97 2057 203 2113 quid
224 2056 442 2106 haberem,
462 2056 581 2111 quod
608 2054 829 2098 commode
849 2052 1055 2095 accedere
1076 2066 1208 2107 posse
1225 2051 1530 2102 existimarem,
1551 2051 1631 2094 ad-

99 2125 272 2176 derem;
310 2124 576 2167 occasionem
602 2139 628 2165 a
653 2138 720 2165 me
740 2122 909 2164 minime
928 2121 1168 2176 quaesitam,
1190 2120 1269 2162 sed
1289 2118 1403 2162 ultro
1424 2118 1627 2171 oblatam,

98 2192 363 2243 Terentium,
383 2207 511 2248 quem
530 2206 699 2247 semper
719 2204 883 2232 summo
901 2188 1137 2231 habueram
1158 2188 1203 2230 in
1220 2189 1378 2244 pretio,
1399 2188 1560 2230 edendi
1583 2194 1629 2230 et

100 2261 277 2304 curandi
301 2261 514 2303 dimittere
537 2259 668 2302 nolui.
723 2258 878 2314 Itaque
901 2256 1135 2312 exemplar,
1156 2256 1276 2311 quod
1296 2256 1438 2312 operis
1458 2256 1630 2298 traden-

102 2329 204 2372 dum
222 2336 328 2378 erat,
349 2329 548 2371 editionis
575 2326 903 2382 Lindenbrogii,
931 2340 1030 2381 quae
1058 2323 1332 2367 Francofurti
1360 2338 1472 2366 anno
1502 2338 1632 2380 supe-

101 2398 223 2439 rioris
245 2396 376 2440 seculi
394 2397 521 2440 tertio
540 2403 585 2439 et
603 2396 803 2438 vicesimo
822 2394 998 2450 prodiit,
1017 2408 1115 2436 cum
1130 2392 1298 2435 inscitia
1312 2399 1357 2434 et
1371 2391 1632 2448 negligentia

103 2473 404 2516 correctorum,
434 2465 625 2521 inprimis
656 2465 700 2506 in
731 2462 1136 2512 Observationibus,
1166 2460 1269 2502 satis
1305 2466 1557 2515 corruptum
1586 2467 1632 2502 et

104 2534 317 2576 interdum
335 2534 464 2576 etiam
483 2532 678 2575 mutilum
696 2530 1002 2574 intellexissem
1019 2546 1029 2572 z
1072 2529 1232 2584 ubique
1258 2528 1372 2570 omni
1395 2527 1630 2583 diligentia,

104 2615 191 2642 non
210 2601 299 2643 sine
316 2616 472 2657 magno
490 2601 635 2652 taedio,
648 2615 746 2642 cum
758 2597 1121 2641 Westerhoviana
1137 2597 1340 2646 editione,
1361 2596 1484 2651 cujus
1506 2611 1632 2639 usum

106 2668 172 2711 Cl,
184 2668 361 2711 Clodius
375 2669 676 2725 benignissime
692 2667 796 2710 mihi
810 2673 1096 2716 concesserat,
1111 2663 1287 2715 contuli,
1301 2671 1346 2706 et
1360 2664 1460 2706 inde
1474 2664 1633 2706 omissa

104 2737 300 2788 restitui3
343 2736 438 2779 loca
465 2744 687 2779 auctorum
702 2734 784 2782 ,vel
811 2734 997 2784 laudavi,
1018 2732 1087 2775 vel
1108 2731 1218 2775 male
1237 2731 1413 2775 laudata
1432 2733 1601 2775 correxi
1618 2750 1630 2784 3

105 2805 206 2846 vitia
234 2803 558 2860 typographica,
587 2819 685 2860 quae
713 2803 905 2859 inprimis
932 2803 976 2843 in
1000 2801 1158 2843 Graeca
1177 2801 1455 2856 irrepserant,
1475 2815 1555 2844 nec
1574 2801 1631 2843 ab

105 2873 201 2928 ipso
229 2871 536 2915 Westerhovio
564 2872 748 2924 sublata,
778 2870 1030 2920 emendavi;
1074 2869 1440 2925 interpunctiones
1469 2877 1515 2913 et
1545 2870 1631 2912 dis-

109 2940 334 2984 tinctiones
364 2941 424 2983 ita
452 2940 711 2984 constituere
725 2928 902 2990 'studui‚
925 2945 974 2981 ut
994 2937 1191 2994 quaedam
1209 2937 1463 2989 constantia,
1483 2953 1509 2980 a
1530 2937 1633 2981 Lin-
