1852 3216
644 131 725 169 DE
761 130 1085 170 THEATRO.
1579 133 1619 171 lv

109 227 150 257 et
166 217 291 257 locum
309 217 530 268 praeberent
546 217 786 256 circumactis
806 217 963 255 theatris
982 217 1020 254 in
1048 200 1320 267 amphitheatri
1336 218 1512 264 formam,
1531 227 1622 270 post

111 271 221 310 ludos
241 271 412 309 scenicos
431 270 642 309 absolutos.

415 355 459 397 T
452 356 595 398 beatri
614 355 895 411 conformatio
908 374 923 403 ,·
953 355 1128 411 ejusque
1143 361 1311 411 partes.

161 423 239 462 Sed
257 438 334 475 quo
362 423 516 463 tandem
542 424 718 468 artificio,
737 437 862 474 quave
894 423 1080 461 industria
1108 423 1341 462 aedificatum
1372 423 1490 461 fuerit
1519 426 1624 475 apud

109 478 286 528 antiquos
318 478 507 516 theatrum
539 478 816 529 prospiciendis
847 477 1009 516 scenicis
1041 476 1143 515 ludis
1176 477 1367 521 idoneum,
1400 478 1532 528 paucis
1560 478 1623 516 hic

110 532 220 570 vobis
248 545 461 582 proponere
485 531 592 577 libet,
612 546 660 570 ne
685 531 779 592 quid
798 545 928 569 earum
949 545 1075 568 rerum
1095 531 1388 582 praetermisisse
1408 531 1621 593 videamur,

109 599 198 636 quae
225 585 274 623 ad
301 586 402 623 hunc
430 599 643 623 sermonem
671 586 862 636 pertinere
884 585 1122 636 judicentur.
1179 585 1298 627 Quod
1318 593 1446 622 tamen
1473 598 1551 623 non
1571 585 1626 624 ita

108 638 372 689 accipiendum
391 640 476 683 erit,
496 640 603 689 quasi
630 639 679 677 ad
708 652 874 690 unguem
893 652 1132 689 expressum,
1153 638 1221 676 sed
1241 639 1379 690 partim
1400 637 1624 689 conjectura

108 702 148 731 et
165 692 311 730 ratione
329 702 473 738 natum,
492 693 630 744 partim
649 707 699 731 ex
718 693 763 730 iis
782 692 1028 742 descriptum,
1046 706 1135 743 quae
1155 701 1235 730 tum
1256 693 1294 730 in
1319 692 1484 742 antiquis
1502 692 1624 730 ruinis

108 745 313 797 aliquando
332 746 511 791 vidimus,
527 755 608 784 tum
624 747 739 784 etiam
758 760 809 784 ex
822 746 1056 791 auctoribus,
1072 747 1138 796 qui
1157 745 1205 784 de
1224 746 1294 784 hac
1314 759 1355 784 re
1374 746 1623 797 scripserunt,

109 800 480 851 comprehendimus.
537 800 673 851 Itaque
703 801 868 851 primum
895 799 1184 850 intelligendum
1204 809 1262 838 est
1281 799 1625 850 (quemadmodum

108 853 225 904 paulo
241 863 328 892 ante
346 853 597 902 docebamus)
617 854 807 892 theatrum
827 854 944 891 fuisse
970 854 1008 891 in
1035 853 1264 892 semicirculi
1285 854 1446 904 figuram
1467 867 1625 904 compo-

108 907 237 951 situm,
257 917 370 957 atque
398 908 451 945 ita
469 908 760 952 conformatum,
783 917 824 945 ut
850 919 960 958 aeque
987 916 1119 957 gestus
1148 907 1424 958 prospicerent,
1445 921 1490 946 ac
1509 921 1625 945 voces

108 961 286 999 audirent
314 961 413 1011 (sine
442 961 608 999 tumultu
639 960 783 1011 tamen)
799 961 865 1011 qui
897 961 947 998 ad
976 960 1096 999 latera
1126 970 1167 998 et
1196 961 1234 998 in
1264 961 1423 998 summis
1448 961 1628 999 sederent

108 1014 305 1064 gradibus,
325 1024 440 1065 atque
460 1015 498 1058 ii,
518 1016 583 1065 qui
603 1015 640 1052 in
659 1015 745 1052 imis
766 1015 882 1065 juxta
910 1028 1076 1052 scenam.
1128 1014 1290 1052 Cau-eam
1311 1028 1449 1053 vocare
1474 1015 1627 1052 videtur

110 1067 257 1106 Plinius
274 1068 402 1107 locum
422 1069 460 1106 in
480 1069 642 1113 theatro,
662 1068 847 1119 gradibus
865 1082 910 1107 ac
929 1068 1085 1106 sedibus
1104 1078 1366 1106 constructum
1385 1078 1500 1119 atque
1519 1082 1626 1106 com·

109 1122 290 1173 positum.
327 1123 365 1160 in
401 1136 480 1173 quo
515 1123 668 1160 sederet
705 1122 884 1173 populus·
941 1122 1070 1160 Cavea
1107 1122 1190 1172 ipsa
1222 1122 1364 1172 (inquit
1394 1121 1443 1160 de
1473 1122 1624 1160 theatro

111 1176 264 1225 Scauri)
290 1177 393 1227 cepit
421 1177 617 1215 hominum
644 1177 840 1227 octoginta
867 1175 1008 1213 millia:
1047 1189 1133 1214 cum
1172 1176 1346 1226 Pompeii
1378 1175 1517 1213 theatri
1548 1175 1624 1224 (sic

111 1230 211 1268 enim
235 1229 440 1281 legendum
460 1239 542 1268 est:
572 1244 660 1268 nam
689 1244 881 1281 nunquam
910 1229 1116 1280 Pompeius
1145 1229 1465 1280 amphitheatrum
1485 1228 1625 1279 edidit)

111 1284 226 1322 toties
250 1283 503 1334 multiplicata
524 1285 630 1330 urbe,
651 1293 832 1334 tantoque
859 1282 1003 1334 majore
1030 1283 1185 1334 populo,
1206 1283 1372 1321 sufficiat
1395 1283 1502 1334 large
1531 1297 1627 1333 qua-

112 1337 288 1388 draginta
313 1337 432 1375 millia
455 1338 603 1376 sedere.
660 1337 746 1375 Nisi
773 1337 894 1375 mavis
913 1350 1068 1375 caveam
1097 1338 1271 1388 accipere
1299 1351 1370 1388 pro
1389 1346 1470 1375 tota
1488 1337 1629 1375 theatri

112 1391 336 1442 capacitate,
357 1401 399 1429 ut
422 1392 536 1429 etiam
561 1405 715 1430 scenam
744 1391 864 1442 ipsam
885 1390 1199 1441 comprehendas,
1217 1391 1322 1441 quod
1346 1399 1472 1428 tamen
1501 1391 1628 1428 minus

111 1446 371 1495 probaverim·
411 1445 560 1483 Gradus
577 1454 707 1483 autem
725 1445 950 1483 dicebantur
969 1445 1006 1483 in
1025 1445 1108 1496 ipsa
1125 1444 1263 1482 leniter
1282 1444 1472 1495 pendente
1488 1444 1629 1482 theatri

112 1499 247 1543 forma,
267 1498 378 1536 sedes
401 1498 576 1549 lapideae,
596 1500 634 1537 in
661 1498 912 1548 hemicyclum
932 1498 1046 1536 etiam
1066 1507 1286 1543 exstructae,
1306 1511 1328 1536 e
1355 1498 1494 1548 quibus
1522 1511 1628 1536 com-

111 1551 226 1590 mode
252 1553 511 1603 prospiciebat
534 1552 712 1604 populus.
770 1552 894 1603 Super
923 1552 982 1589 his
1012 1552 1194 1603 gradibus
1212 1551 1328 1602 (quos
1356 1565 1432 1589 non
1462 1551 1628 1602 amplius

113 1605 329 1656 quindecim
346 1619 430 1644 esse
449 1606 702 1657 conjecimus)
720 1606 907 1644 sedebant
932 1614 1181 1656 spectatores,
1201 1614 1240 1643 et
1262 1605 1312 1644 ad
1330 1619 1396 1643 eos
1415 1605 1627 1644 undecum-

111 1673 185 1710 que
212 1661 487 1703 commeabant,
507 1660 613 1698 nullo
640 1661 740 1698 inter
758 1659 1095 1698 conscendendum
1122 1659 1234 1698 alteri
1261 1673 1404 1697 noxam
1428 1658 1628 1697 afferente.

111 1712 211 1752 Illuc
227 1722 357 1752 autem
377 1727 446 1765 per
465 1727 606 1752 cuneos
624 1714 868 1758 accedebant,
888 1714 955 1764 qui
974 1722 1056 1751 tum
1076 1713 1115 1751 in
1141 1713 1217 1751 ima
1235 1713 1374 1751 theatri
1394 1726 1523 1758 cavea,
1544 1721 1629 1751 tum

111 1768 227 1805 etiam
246 1781 363 1818 supra
380 1767 515 1818 ipsam,
534 1768 632 1805 adeo
650 1768 846 1818 ingeniose
865 1767 1093 1805 conformati
1112 1775 1232 1810 erant,
1249 1776 1293 1804 ut
1311 1767 1360 1804 ab
1379 1767 1426 1804 iis
1444 1780 1518 1818 per.
1533 1766 1629 1805 alios

114 1820 278 1859 scalares
311 1821 455 1872 gradus
489 1820 541 1859 ad
576 1821 786 1871 quemlibet
819 1821 982 1872 gradum
1015 1821 1289 1872 spectatorium
1323 1820 1446 1858 facilis
1477 1829 1629 1871 pateret

112 1874 336 1913 adscensus.
394 1874 509 1912 Cunei
544 1874 852 1926 spectaculorum
884 1874 1025 1924 (inquit
1057 1874 1278 1923 Vitruvius)
1314 1874 1354 1911 iu
1390 1874 1541 1912 theatro
1576 1874 1632 1912 ita

112 1928 346 1974 dividantur,
378 1929 434 1966 uti
466 1928 596 1979 anguli
630 1928 881 1979 trigonorum,
915 1928 982 1978 qui
1015 1936 1175 1966 currunt
1205 1928 1351 1965 circum
1383 1937 1632 1966 curvaturam

112 1982 381 2027 circinationis,
413 1982 583 2033 dirigant
616 1996 809 2026 ascensus,
837 1981 1037 2032 scalasque
1073 1982 1173 2019 inter
1202 1995 1346 2020 cuneos
1381 1981 1431 2019 ad
1466 1981 1631 2032 primam

112 2036 437 2086 praecinctionem.
475 2036 602 2087 Supra
619 2045 748 2074 autem
762 2035 918 2074 alternis
933 2035 1134 2073 itineribus
1153 2035 1368 2086 superiores
1384 2035 1495 2073 cunei
1512 2035 1632 2073 medii

111 2089 339 2141 dirigantur.
394 2088 518 2128 Cunei
545 2090 585 2127 in
612 2090 690 2127 imo
717 2089 924 2140 dirigentes
952 2088 1124 2134 scalaria,
1145 2097 1254 2127 erant
1280 2102 1441 2127 numero
1467 2098 1631 2140 septem.

113 2141 269 2182 Gradus
297 2143 617 2194 spectaculorum,
638 2143 695 2182 uti
722 2143 904 2181 subsellia
922 2143 1147 2194 composita,
1173 2151 1282 2181 erant
1307 2156 1383 2181 non
1410 2142 1535 2181 minus
1562 2142 1633 2181 alti

113 2197 242 2248 palmo
260 2197 371 2249 pede,
392 2211 467 2235 non
493 2197 581 2248 plus
604 2197 705 2249 pede
722 2207 763 2235 et
792 2196 923 2248 digitis
943 2210 1025 2243 sex,
1045 2196 1269 2235 latitudines
1287 2210 1421 2235 eorum
1446 2210 1524 2234 non
1542 2196 1631 2247 plus

112 2251 233 2302 pedes
258 2252 356 2290 duos
385 2251 513 2296 semis,
532 2265 611 2290 non
639 2252 765 2289 minus
792 2251 911 2301 pedes
939 2250 1037 2289 duos
1062 2251 1406 2295 constituebantur,
1426 2254 1469 2288 ut
1494 2263 1564 2301 per
1590 2250 1634 2288 id

112 2305 281 2356 spatium
310 2305 437 2350 latius,
471 2319 539 2343 seu
573 2319 643 2356 per
677 2304 942 2343 ambulacrum
974 2304 1180 2355 quoddam,
1211 2304 1317 2343 nullo
1353 2303 1522 2355 negotio,
1555 2303 1633 2343 huc

112 2368 229 2410 atque
256 2359 358 2406 illuc,
376 2359 427 2398 ad
454 2372 596 2397 vacuas
622 2358 733 2397 sedes
751 2358 947 2397 deerraret
966 2358 1145 2410 populus,
1164 2359 1310 2408 absque
1328 2371 1461 2396 eorum
1486 2357 1633 2396 incom-

115 2413 244 2458 modo,
263 2414 330 2464 qui
355 2413 436 2465 jam
456 2413 733 2452 consedissent.
789 2412 885 2451 Post
910 2423 989 2451 tres
1014 2425 1167 2462 quoque
1192 2411 1363 2463 singulos
1390 2411 1545 2462 gradus,
1564 2411 1633 2462 qui

116 2476 276 2516 quartus
302 2467 342 2505 in
360 2467 535 2505 ordinem
559 2466 802 2511 succedebat,
822 2466 941 2518 duplo
959 2466 1073 2504 latior
1091 2474 1173 2504 erat
1192 2465 1352 2510 caeteris,
1373 2465 1422 2503 ad
1445 2464 1634 2504 leviorem

116 2519 257 2558 theatri
283 2520 575 2571 proclivitatem,
595 2529 635 2559 et
662 2529 705 2558 ut
732 2520 892 2571 singulis
910 2520 1110 2558 ordinibus
1138 2519 1278 2570 singuli
1297 2529 1375 2557 tres
1402 2518 1545 2570 gradus
1571 2532 1633 2557 re-

116 2571 391 2624 linquerentur.
446 2574 507 2613 Ac
542 2588 591 2613 ne
626 2573 814 2625 petulanti
850 2582 919 2612 aut
950 2573 1128 2612 insolenti
1163 2572 1308 2625 populo
1344 2586 1485 2624 proper
1521 2572 1635 2611 sedes

118 2628 362 2677 quantumvis
389 2641 546 2667 accessu
573 2628 716 2673 faciles,
745 2629 986 2679 praeberetur
1013 2628 1112 2666 rixae
1140 2640 1266 2671 causa,
1296 2635 1451 2664 cautum
1475 2635 1558 2665 erat
1585 2640 1635 2665 ne

117 2679 279 2731 quilibet
295 2680 336 2719 iu
362 2681 597 2732 quibuslibet
623 2682 803 2720 sederent
828 2682 1038 2733 gradihus:
1067 2680 1136 2719 sed
1168 2681 1208 2718 in
1241 2681 1365 2718 tribus
1390 2680 1538 2732 primis,
1566 2681 1635 2732 qui

115 2734 284 2784 proximi
303 2743 431 2773 essent
456 2748 580 2774 scenae
606 2735 771 2787 pulpito,
789 2735 1036 2786 amplissimae
1055 2743 1095 2773 et
1112 2742 1299 2772 extremae
1326 2733 1524 2785 dignitatis
1546 2735 1634 2780 viri,

115 2787 156 2826 in
186 2788 436 2839 sequentibus
466 2789 697 2835 consulares,
730 2790 770 2827 in
806 2789 891 2828 aliis
926 2789 1090 2840 patricii,
1124 2801 1169 2826 ac
1201 2787 1383 2839 deinceps
1412 2787 1554 2840 plebeii
1591 2788 1633 2827 in

115 2840 271 2892 reliquis
291 2841 475 2893 gradibus
494 2842 684 2881 sederent.
738 2843 877 2894 Itaque
901 2851 1052 2881 veteres
1072 2841 1284 2887 architecti,
1301 2850 1450 2881 naturae
1468 2842 1633 2893 vestigia

114 2896 322 2945 persecuti,
360 2895 669 2947 indagationibus
704 2898 813 2935 vocis
849 2896 1078 2936 scandentes
1114 2895 1351 2934 theatrorum
1386 2896 1634 2947 perfecerunt

115 2948 371 2999 gradationes,
390 2957 430 2988 et
446 2949 710 3000 quaesiverunt
726 2950 869 3002 (inquit
887 2947 1111 3000 Vitruvius)
1137 2963 1207 3001 per
1234 2950 1457 2989 canonicam
1483 2949 1632 2989 mathe-
