1852 3216
153 105 292 134 scmu
313 93 429 147 v111.]
467 91 1386 135 HEAUTONTIMORUMENOS.

1598 94 1683 136 335

208 181 293 224 Cn.
316 181 462 224 Tanto
482 182 601 225 ocius
621 189 663 225 te
684 189 733 224 ut
750 190 917 239 poscat,
937 190 983 225 et
1001 190 1050 224 tu
1070 183 1114 225 id
1136 183 1252 238 quod
1273 183 1412 239 cupis,

208 247 352 296 Quam
372 249 581 291 ocissume
602 256 650 290 ut
670 249 763 291 des.
806 247 936 290 ΜΕΝ.
952 248 1106 304 Cupio.
1150 248 1235 291 CR.
1250 248 1335 291 Nae
1350 256 1396 291 tu
1412 249 1679 304 propediem,

209 313 273 356 Ut
290 314 415 356 istam
435 329 524 356 rem
546 315 687 365 video,
708 315 831 357 istius
852 314 1175 357 obsaturabere.

151 387 193 418 30
209 378 298 421 Sed
318 381 432 422 ututi
450 380 570 423 istaec
592 388 707 431 sunt,
727 381 884 423 cautim
904 389 949 422 et
967 379 1173 436 paulatim
1193 381 1331 432 dabis,

207 444 255 486 Si
271 446 426 500 sapies.
470 445 600 488 ΜΕΝ.
620 446 804 489 Faciam.
849 446 934 488 Cn.
953 446 1043 488 Abi
1058 447 1194 488 intro:
1226 446 1338 497 vide,
1353 446 1456 502 quid
1475 445 1677 502 postulet.

207 510 308 566 Ego
328 512 442 554 domi
462 527 551 561 ero,
574 514 609 554 si
629 513 733 568 quid
752 528 819 555 me
839 512 970 555 voles.
1025 511 1120 553 ME.
1145 512 1257 554 Sane
1278 511 1374 554 volo
1392 528 1402 554 ε

206 576 323 618 Nam
344 585 385 619 te
407 578 611 621 scientem
631 578 796 630 faciam,
818 578 1023 634 quicquid
1044 592 1189 633 egero.

316 754 570 803 ACTUS
615 755 906 809 QUINTI
952 755 1206 803 SCENA
1250 755 1513 803 PRIMA.

614 880 926 912 MENEDEMUS.
975 880 1214 912 CHREMES.

207 962 310 1005 Eoo
329 977 396 1005 me
415 977 501 1005 non
518 970 604 1005 tam
629 970 834 1013 astutum,
855 977 996 1018 neque
1022 963 1083 1004 ita
1108 962 1401 1018 perspicacem
1426 978 1539 1015 esse,
1561 971 1680 1008 certo

291 1028 395 1071 scio.

205 1096 294 1138 Sed
314 1096 384 1139 hic
402 1097 576 1152 adjutor
593 1112 729 1148 meus,
751 1104 796 1139 et
816 1096 1013 1147 monitor,
1035 1103 1079 1138 et
1099 1103 1451 1152 praemonstrator
1470 1097 1678 1140 Chremes

205 1162 307 1205 Hoc
326 1162 430 1204 mihi
449 1170 642 1218 praestat.
693 1162 746 1204 In
766 1177 832 1205 me
852 1163 1021 1218 quidvis
1041 1162 1194 1204 harum
1214 1177 1357 1204 rerum
1377 1164 1588 1214 convenit,

204 1227 318 1276 Quae
338 1235 438 1270 sunt
457 1229 573 1270 dicta
592 1229 635 1270 in
654 1227 846 1279 stultum,
867 1228 1051 1278 caudeX‚
1073 1228 1223 1283 stipes,
1245 1228 1405 1279 asinus,
1426 1227 1677 1284 plumbeus:

193 1377 244 1410 27.
264 1379 361 1408 Tanto
371 1376 471 1418 ocius]
486 1376 572 1412 Quia
586 1376 614 1408 si
630 1376 791 1418 acceperit
806 1376 892 1407 filius

146 1420 374 1462 desponsatam
396 1420 609 1462 Antiphilam,
633 1430 728 1460 quam
750 1419 892 1461 primum

146 1470 298 1505 exposcet
317 1470 487 1504 argentum
507 1463 548 1494 ad
572 1470 803 1494 exornamenta
816 1473 889 1494 coe-

146 1507 273 1538 menda.
305 1507 342 1538 C.

190 1551 241 1581 28.
258 1549 335 1591 Nae]
349 1549 413 1581 Pro
427 1550 523 1581 «balde.
556 1549 600 1580 Et
610 1549 671 1580 hoc
682 1548 814 1591 proprie
826 1549 890 1580 Te-

145 1593 330 1624 rentianum
345 1600 404 1624 est.
438 1592 632 1634 Propediem]
647 1592 818 1634 Temporis
832 1593 889 1624 ad-

146 1636 303 1673 verbium,
320 1642 354 1667 et
367 1636 529 1677 significat
542 1639 611 1667 cito.
641 1636 679 1667 C.

191 1680 243 1711 29.
256 1679 495 1720 Obsamrabere]
508 1679 547 1710 ld
559 1686 618 1716 est,
628 1678 761 1710 nimiam
771 1679 811 1710 de
822 1678 890 1710 filio

147 1722 256 1764 oepies
270 1722 461 1754 satietatem.
500 1722 596 1758 Quod
617 1728 666 1753 est
683 1722 836 1764 corporis,
852 1723 894 1754 ad

147 1765 292 1797 animum
305 1765 478 1796 transtulit.
511 1765 556 1796 Et
570 1765 616 1796 sic
630 1765 705 1807 plus
720 1765 780 1796 hoc
795 1766 894 1797 verbo

147 1808 268 1846 intulit,
284 1819 380 1849 quam
393 1808 420 1840 si
436 1807 614 1839 invenisset
632 1808 799 1850 proprium
819 1819 892 1839 ver-

147 1852 233 1883 bum.
263 1852 440 1883 C.—Istius
455 1850 684 1892 obsaturabere]
702 1851 810 1882 Facile
825 1854 894 1892 ejus

146 1894 311 1926 fastidium
326 1895 445 1926 habere
459 1894 591 1936 poteris.
623 1894 662 1925 E.

191 1939 243 1969 30.
260 1940 321 1970 Sed
334 1937 433 1979 ututi]
448 1938 487 1968 V.
496 1938 532 1968 C.
546 1939 607 1969 Sed
617 1939 680 1968 haec
693 1939 754 1968 ista
766 1943 800 1968 ut
812 1943 892 1969 sunt.

148 1981 275 2013 L—-In
298 1981 402 2013 Vatic.
423 1987 511 2012 recte
533 1980 660 2022 legitur.
703 1982 765 2012 Sed
781 1983 845 2012 haec
860 1987 894 2012 ut

148 2030 184 2056 ut
196 2030 277 2056 sunt.
302 2025 340 2056 B.

191 2069 243 2099 31.
261 2067 435 2108 Postulent]
447 2068 613 2108 Tanquam
622 2068 716 2108 jure:
736 2067 810 2108 quia
818 2069 893 2108 jure

148 2111 270 2152 aliquid
281 2113 476 2152 postulamus.
506 2111 679 2142 C.—Male
702 2111 798 2152 vulgo
813 2111 892 2153 legi—

149 2155 550 2239 mgfffflssnthecte
557 2200 677 2229 sciente.
703 2197 787 2228 Nam
798 2199 895 2229 scwns‘
860 2241 868 2246 Ι

149 2247 211 2279 est,
231 2241 286 2282 qui
311 2241 447 2282 alicujus
469 2241 593 2281 judicio
625 2251 693 2272 rem
720 2247 894 2282 cognoscit.

150 2285 299 2322 Rudent,
312 2284 367 2325 qui
379 2284 595 2326 intelligentia
610 2295 668 2315 sua
684 2283 804 2325 aliquid
820 2294 894 2315 sen-

151 2327 200 2358 tit.
238 2327 327 2368 Ergo
343 2330 440 2359 sciens
459 2334 510 2359 est
529 2338 589 2369 per
609 2327 699 2359 alios.
731 2328 896 2359 C.—Nam

152 2374 182 2401 te
200 2372 311 2401 xie-te
323 2369 460 2420 faciam]
481 2371 611 2402 Faciam
630 2377 662 2402 te
682 2370 814 2407 sciente,
835 2371 895 2402 hoc

151 2418 211 2450 est,
226 2422 292 2444 non
305 2419 337 2444 te
504 2414 544 2445 E.
546 2413 659 2445 -Alii
673 2414 794 2445 habent
812 2415 896 2445 Nam

152 2460 182 2529 {le
194 2455 437 2529 xienteusacioe.
464 2437 567 2493 ‘Quod
579 2468 644 2489 non
657 2463 708 2488 est
720 2457 893 2499 praeferen-

175 2508 240 2530 um.

199 2542 226 2572 1.
243 2542 311 2582 Ego
334 2553 452 2573 nem
471 2548 533 2574 m
550 2542 701 2584 mmmm]
724 2543 841 2579 Quia·
827 2554 896 2584 Jam

153 2583 201 2658 aadt
214 2583 337 2615 exitum
356 2592 509 2626 properat
527 2586 644 2624 fabula,
660 2586 785 2618 fallacia
805 2586 895 2618 dete-

344 2627 584 2667 Menedemum,
606 2635 640 2660 et
661 2629 777 2661 Cliniae
799 2630 896 2662 Anti-

153 2669 243 2712 phila
280 2676 479 2712 esponsatur.
511 2671 557 2703 Et
567 2678 617 2703 est
627 2682 734 2714 operae
744 2673 896 2722 pretium,

153 2713 264 2745 videre
275 2723 396 2751 senem,
406 2713 462 2754 qui
473 2720 568 2745 antea
578 2715 760 2752 monebats
750 2725 784 2746 ιιι

153 2756 383 2788 admonitione.
416 2756 461 2788 Et
475 2767 569 2788 senes
580 2767 615 2789 se
627 2757 737 2789 multis
748 2757 897 2790 ludibriis

153 2799 295 2831 illudunt
324 2799 409 2831 ultro
438 2799 591 2841 ein-oque,
622 2810 763 2842 eousque
794 2801 896 2834 donec

153 2842 897 2928 mmmmm

722 2909 732 2925 5

155 2929 228 2962 niae.
265 2930 332 2971 Ego
347 2929 409 2972 ne]
426 2929 471 2962 Ut
485 2929 619 2963 insultat
630 2940 741 2969 senex,
756 2930 834 2963 dum
848 2930 895 2964 al·

935 1375 1037 1407 terius
1048 1376 1219 1408 stultitiam
1230 1383 1264 1408 et
1274 1376 1458 1409 tarditatem
1471 1377 1612 1410 ludibrio
1622 1379 1680 1411 ha·

935 1420 998 1450 bet.
1045 1421 1116 1451 Non
1137 1425 1198 1451 tam
1220 1420 1370 1461 astutum]
1395 1421 1477 1452 Haec
1494 1422 1681 1462 jactationis

934 1462 1101 1503 cujusdam
1112 1463 1238 1504 species
1251 1470 1309 1500 est,
1326 1463 1448 1504 fingere
1463 1475 1498 1496 se
1513 1475 1578 1496 non
1593 1471 1680 1497 aslu-

934 1511 1007 1543 tum,
1023 1506 1100 1537 dum
1117 1506 1205 1537 videt
1223 1506 1361 1537 alterum
1376 1507 1568 1539 stultiorem.
1599 1510 1636 1540 C.
1637 1526 1682 1532 —

933 1550 1002 1590 Ego
1015 1561 1061 1580 me
1076 1561 1133 1580 non
1154 1548 1233 1590 tam]
1258 1550 1339 1580 Haec
1361 1560 1459 1582 scena
1479 1553 1680 1592 conjectura-

932 1591 997 1623 lem
1012 1598 1132 1623 statum
1147 1593 1301 1629 continet,
1313 1593 1464 1633 quoniam
1480 1595 1680 1636 argumentis

932 1635 1103 1667 collectum
1113 1642 1172 1674 est,
1183 1635 1402 1678 Clitiphonem
1414 1637 1551 1669 amicam
1562 1638 1681 1670 habere

932 1679 1146 1710 meretricem.
1179 1679 1253 1710 Hoc
1265 1686 1302 1710 ut
1312 1680 1442 1722 probari
1457 1681 1569 1722 possit,
1583 1692 1679 1723 argu-

935 1729 1046 1753 menta
1060 1722 1218 1754 dicentur.
1254 1723 1405 1764 Denique
1419 1723 1466 1755 sic
1486 1724 1603 1756 sumsit
1623 1735 1680 1756 ex-

936 1765 1062 1796 ordinm
1078 1776 1097 1796 a
1111 1776 1250 1807 persona
1265 1777 1323 1797 sua
1339 1773 1372 1797 et
1387 1767 1590 1798 Chremetis.
1613 1770 1682 1809 Ego

936 1819 982 1839 me
996 1820 1053 1839 non
1074 1814 1135 1839 tam
1157 1814 1313 1840 astutum.-
1340 1809 1401 1840 hoc
1418 1816 1476 1847 est,
1496 1817 1627 1841 acutum
1648 1817 1682 1842 et

936 1859 1175 1893 perspectorem
1188 1862 1306 1883 rerum.
1331 1852 1468 1883 E.—lta
1478 1855 1682 1893 perspicacem

935 1893 1015 1935 esse]
1039 1894 1080 1924 V.
1102 1895 1139 1926 C.
1162 1900 1224 1925 tam
1240 1906 1341 1935 persp.
1356 1894 1391 1925 in
1407 1895 1584 1937 eodemque
1597 1896 1682 1928 libro

935 1948 1000 1968 esse
1014 1937 1224 1969 desideratur.
1259 1937 1407 1969 L.—Pro
1419 1944 1500 1970 certo
1513 1939 1681 1972 Bentleius

937 1979 1038 2011 edidit
1052 1982 1094 2011 id.
1127 1981 1164 2011 Z.

981 2025 1010 2054 2.
1033 2023 1184 2065 Adiutor]
1212 2024 1294 2055 Cum
1318 2023 1387 2055 risu
1411 2024 1480 2056 haec
1503 2026 1681 2067 pronunci-

936 2067 1039 2098 anda:
1079 2074 1113 2098 et
1143 2067 1267 2107 odjum
1294 2067 1426 2109 proprie
1455 2068 1491 2100 in
1519 2079 1556 2101 re
1585 2070 1680 2108 bona,

936 2112 1079 2150 impulsor
1094 2110 1129 2141 in
1143 2120 1179 2141 re
1194 2110 1287 2141 mala.
1316 2111 1353 2142 C.

981 2155 1010 2184 3.
1026 2155 1094 2184 Hoc
1109 2155 1183 2184 mihi
1192 2153 1340 2195 prestat]
1356 2153 1397 2185 In
1411 2154 1472 2185 hoc
1483 2164 1536 2186 me
1548 2162 1679 2188 antece-

937 2196 994 2228 dit.
1034 2197 1102 2228 Ser
1121 2206 1193 2227 mc.
1204 2199 1224 2218 θ
1239 2206 1390 2228 tranu-
1407 2206 1634 2230 PocAoYera.
1647 2222 1657 2230 .
1669 2222 1679 2231 .

938 2239 1033 2281 ponis
1055 2250 1129 2271 eum
1152 2246 1268 2272 tractat
1284 2240 1361 2280 (Sed
1381 2242 1434 2272 hoc
1447 2240 1531 2282 παρὰ
1544 2243 1679 2282 προσδο-

938 2282 1009 2314 κίαν
1022 2285 1136 2314 dietam
1158 2289 1212 2315 est.
1256 2285 1340 2314 Nam
1356 2286 1508 2324 praeponit
1527 2286 1589 2316 sibu·
1602 2296 1679 2324 enm,

938 2328 1036 2357 trahit
1049 2332 1158 2358 auten.
1197 2326 1245 2358 cf:
1263 2337 1345 2358 vers.
1361 2328 1391 2358 5.
1410 2327 1463 2367 Ζ.)
1479 2327 1514 2358 in
1529 2337 1565 2359 se
1579 2328 1683 2360 multa

938 2369 1118 2401 maledicta.
1156 2369 1370 2405 R—Quiavis
1383 2372 1490 2402 haram
1503 2370 1622 2413 rem]
1637 2372 1678 2404 V.

938 2413 975 2444 C.
992 2415 1072 2454 quod
1084 2415 1191 2445 harum
1204 2425 1304 2445 rerum
1318 2416 1373 2445 vit.
1404 2413 1442 2444 L.

981 2458 1012 2487 4.
1036 2458 1167 2494 Caudex,
1179 2456 1290 2498 stipes]
1315 2456 1407 2488 Ista'
1398 2455 1559 2507 mjurioee
1567 2456 1682 2490 dicun·

938 2505 992 2531 tur
1006 2499 1041 2531 in
1056 2500 1190 2531 stultum
1202 2507 1235 2531 et
1249 2499 1447 2531 hebetioris
1438 2500 1562 2542 ingenii
1575 2500 1681 2533 homi-

938 2553 1023 2580 nem,
1054 2543 1322 2584 quemadmodum
1357 2543 1521 2584 ignavum.
1550 2545 1682 2585 Iapide-

940 2586 1148 2628 appellamus.
1192 2586 1348 2622 Quamvis
1371 2594 1481 2618 tamen
1504 2586 1592 2619 idem
1612 2587 1680 2620 sit·

939 2630 1074 2660 sednon
1089 2629 1232 2671 plusest.
1263 2630 1482 2667 CW—Caades
1492 2631 1596 2670 stipes,
1604 2630 1680 2673 m]

942 2674 1065 2704 Caudex
1077 2679 1126 2704 ωε
1138 2678 1272 2712 truncus
1282 2672 1415 2710 arboris,
1430 2682 1586 2705 convena
1599 2674 1655 2706 0
1644 2685 1681 2706 ιιι

941 2725 1000 2753 su,
1025 2716 1063 2747 fit
1087 2725 1148 2757 pro
1173 2717 1264 2747 codex
1289 2718 1413 2754 caudex,
1437 2715 1595 2759 sicntpro
1616 2723 1681 2750 eote

939 2761 1046 2790 cautis.
1084 2760 1184 2798 Stipes
1198 2758 1348 2790 similiter
1361 2765 1411 2791 est
1424 2766 1559 2792 truncus
1571 2761 1679 2802 cujus-

938 2801 1019 2833 libet
1048 2801 1139 2843 ligni,
1168 2808 1202 2833 et
1230 2801 1410 2834 declinatur
1436 2805 1530 2844 nipe,
1554 2806 1680 2844 stipitis.

939 2847 1041 2885 Stipes
1062 2855 1139 2876 vero
1159 2847 1250 2886 stipis
1267 2851 1317 2877 est
1335 2845 1509 2895 prebenda
1528 2846 1679 2879 militum.

941 2888 1023 2919 Haec
1047 2887 1174 2929 singula
1188 2889 1439 2939 pronuncianda
1443 2895 1520 2921 sunt
1533 2900 1600 2939 per
1620 2890 1678 2922 ἆσ-

939 2930 1079 2971 veroum,
1090 2938 1128 2964 ut
1140 2931 1232 2964 stulti
1242 2931 1292 2965 vis
1303 2932 1441 2976 exprimi
1455 2932 1567 2975 possit.
1596 2933 1680 2967 E.—
