1852 3216
454 370 571 420 ‘DE
609 368 995 420 TRAGOEDIA
1032 367 1123 418 ET
1159 368 1523 418 COMOEDIA.
1559 394 1564 398 -

220 497 390 544 Imma
419 502 623 555 tragoediae
645 511 685 542 et
712 501 916 542 comoediae
944 515 968 541 a
994 501 1112 540 rebus
1139 500 1280 539 divinis
1304 508 1364 540 est
1392 500 1639 540 inchoatum:
1666 501 1754 553 qui-

222 558 297 597 bus
317 571 388 610 pro
407 557 599 597 fructibus
617 566 708 595 vota
733 556 927 595 solventes
953 556 1215 607 operabantur
1241 554 1404 606 antiqui.
1461 554 1564 594 Nam
1589 554 1755 594 incensis

214 611 299 663 jam
316 611 516 657 altaribus,
536 621 575 650 et
592 611 750 650 admoto
767 610 888 656 hirco,
914 608 954 648 id
980 622 1102 660 genus
1129 608 1321 653 carminis,
1341 607 1445 660 quod
1474 622 1584 648 sacer
1612 609 1755 648 chorus

220 665 409 705 reddebat
438 665 560 704 libero
583 665 696 717 patri,
722 663 914 715 tragoedia
936 662 1152 708 dicebatur,
1173 662 1234 701 vel
1259 665 1328 701 ἀπὸ
1351 667 1413 701 τοῦ
1434 666 1564 713 τράγου
1589 662 1668 701 ’καὶ
1695 667 1755 711 τῆς

220 723 319 768 ὦδῆς,
340 719 412 758 hoc
432 729 504 765 est,
525 720 575 758 ab
595 719 714 763 hirco,
735 718 847 757 hoste
866 718 1080 761 vinearum,
1099 725 1140 755 et
1158 730 1182 755 a
1200 715 1407 755 cantilena.
1442 715 1539 768 Ejus
1558 717 1679 768 ipsius
1699 718 1755 756 rei

220 773 326 826 apud
347 772 555 824 Virgilium
575 772 688 824 plena
708 771 751 810 fit
771 771 929 810 mentio.
978 769 1052 809 Vel
1072 769 1178 821 quod
1196 770 1305 809 hirco
1324 769 1544 809 donabatur
1563 770 1647 822 ejus
1667 784 1753 810 car·

220 828 335 866 minis
355 837 492 879 poeta:
522 826 584 865 vel
603 826 709 879 quod
728 834 814 864 uter
833 826 917 877 ejus
936 825 1053 863 musti
1082 824 1222 876 plenus
1247 823 1418 862 solemne
1436 824 1642 875 proemium
1662 838 1755 864 can-

222 882 371 920 toribus
403 881 554 926 suerat3
590 881 652 919 vel
686 879 792 931 quod
824 893 893 918 ora
922 892 992 918 sua
1023 878 1173 917 fecibus
1210 877 1452 930 perlinebant
1481 878 1637 924 scenici,
1665 887 1755 918 ante

222 949 334 974 usum
372 948 639 987 personarum,
671 936 720 973 ab
753 932 940 985 AEschylo
977 942 1188 984 repertum.
1254 931 1374 971 Feces
1410 932 1512 971 enim
1544 931 1755 972 ’dicuntur

221 990 363 1028 Graece
379 991 514 1040 τρύγα.
571 988 624 1027 Et
651 989 711 1027 his
736 987 893 1039 quidem
920 987 1046 1026 causis
1073 986 1278 1038 tragoediae
1298 999 1439 1025 nomen
1459 995 1519 1025 est
1538 986 1751 1026 inventum.

220 1043 276 1082 At
296 1057 391 1082 vero
419 1042 590 1082 nondum
620 1043 762 1082 coactis
791 1042 830 1080 in
852 1042 988 1080 urbem
1007 1040 1325 1085 Atheniensibus,
1345 1054 1434 1079 cum
1453 1040 1648 1093 ‘Apollini
1670 1040 1754 1080 No·

219 1098 311 1143 mio,
332 1097 393 1136 vel
414 1097 610 1148 AFyAea»
627 1097 650 1120 ⁵
671 1096 710 1135 id
729 1105 801 1141 est,
823 1105 1023 1147 pastorum
1044 1095 1339 1146 vicinorumque
1362 1094 1520 1147 praesidi
1541 1095 1640 1140 Deo,
1661 1109 1752 1135 con-

220 1151 378 1190 structis
396 1151 472 1190 aris
493 1152 531 1190 in
551 1151 737 1189 honorem
758 1150 901 1188 divinae
921 1149 976 1188 rei
996 1149 1143 1188 circum
1166 1148 1312 1187 Atticae
1330 1149 1451 1195 vicos,
1471 1148 1595 1194 villas,
1616 1162 1751 1201 pagos,

220 1215 261 1244 et
288 1206 458 1257 compita
482 1205 645 1243 ‘festum
679 1217 834 1243 carmen
866 1203 1074 1242 solenniter
1099 1211 1327 1242 cantarent:
1355 1211 1442 1242 orta
1468 1211 1528 1242 est
1558 1203 1753 1243 comoedia

219 1261 287 1298 ἀπὸ
314 1265 382 1299 τῶν
409 1265 528 1309 κωμῶν
554 1262 607 1297 καὶ
633 1262 694 1307 τῆς
720 1262 808 1307 ὦδῆς
835 1258 1052 1309 composito
1079 1258 1246 1303 nomine,
1268 1256 1330 1296 vel
1348 1259 1415 1295 ἀπὸ
1433 1263 1495 1297 τοῦ
1518 1262 1680 1307 κωμάζειν
1698 1262 1753 1296 καὶ

218 1315 323 1363 ᾅδειν,
345 1313 450 1364 quod
469 1322 540 1358 est,
562 1322 819 1351 comessatum
848 1312 903 1350 irc
927 1320 1149 1351 cantantes:
1178 1311 1285 1363 quod
1303 1325 1327 1350 a
1345 1312 1471 1363 poetis
1497 1311 1645 1351 solenni
1674 1311 1751 1357 die,

219 1366 281 1406 vel
301 1367 485 1406 amatorie
504 1366 798 1405 lascivientibus
817 1366 945 1404 choris
965 1365 1123 1404 comicis
1143 1379 1219 1404 non
1243 1365 1456 1405 absurdum
1481 1374 1554 1405 est.
1612 1366 1751 1417 ltaque

219 1430 262 1460 ut
281 1435 423 1464 rerum.
445 1421 499 1460 ita
517 1421 633 1459 etiam
653 1429 873 1472 temporum
899 1420 1070 1472 ipsorum
1096 1430 1228 1471 coepto
1247 1419 1383 1459 ordine
1407 1419 1600 1471 tragoedia
1622 1420 1752 1472 primo

218 1474 368 1527 prolata
387 1488 472 1514 esse
492 1474 753 1526 cognoscitur.
811 1473 913 1512 Nam
932 1482 976 1512 ut
994 1475 1043 1513 ab
1063 1473 1219 1513 incultis
1238 1483 1278 1512 et
1297 1474 1388 1512 feris
1414 1475 1589 1513 moribus
1616 1474 1752 1526 paula-

219 1529 288 1568 tim
307 1539 536 1581 perventum
556 1538 616 1567 est
634 1529 684 1567 ad
703 1528 1049 1575 mansuetudinem,
1070 1529 1266 1580 urbesque
1293 1537 1386 1567 sunt
1411 1527 1590 1572 conditae,
1611 1538 1652 1567 et
1671 1529 1753 1567 vita

217 1583 348 1622 mitior
375 1592 491 1635 atque
520 1583 683 1622 otiosior
712 1582 928 1635 processit:
958 1582 1012 1621 ita
1042 1595 1104 1621 res
1132 1582 1290 1634 tragicae
1318 1581 1434 1634 longe
1464 1590 1553 1621 ante
1582 1582 1751 1622 comicas

218 1637 398 1676 inventae.
447 1637 639 1681 Quamvis
659 1646 788 1676 autem
807 1646 914 1675 retro
932 1636 1059 1688 prisca
1078 1636 1326 1675 volventibus
1346 1637 1563 1688 reperiatur
1582 1636 1750 1689 Thespis

218 1691 422 1743 tragoediae
447 1692 596 1743 primus
628 1691 830 1730 inventor:
860 1699 900 1730 et
923 1690 1128 1730 comoediae
1154 1691 1298 1729 veteris
1326 1700 1437 1743 pater
1464 1690 1628 1743 Eupolis
1660 1704 1750 1730 cum

218 1745 381 1784 Cratino
419 1745 760 1797 Aristophaneque
797 1758 882 1783 esse
919 1744 1084 1784 dicatur.
1151 1743 1349 1783 Homerus
1385 1753 1528 1792 tamen,
1562 1745 1628 1797 qui
1668 1745 1750 1784 fere

217 1800 343 1838 omnis
374 1800 537 1851 poeticae
570 1799 811 1852 largissimus
844 1799 930 1838 fons
959 1808 1031 1845 est,
1065 1799 1181 1838 etiam
1214 1798 1275 1837 his
1303 1799 1539 1838 carminibus
1570 1798 1751 1850 exempla

216 1853 398 1906 praebuit,
418 1863 458 1892 et
475 1853 583 1892 velut
602 1853 769 1905 quadam
793 1866 951 1892 suorum
976 1866 1139 1906 operum
1163 1852 1250 1905 lege
1278 1853 1542 1905 praescripsit:
1571 1854 1639 1905 qui
1659 1853 1750 1892 Ilia-

215 1907 302 1946 dem
323 1907 443 1947 instar
463 1907 679 1959 tragoediae,
699 1906 918 1959 Odysseam
937 1907 987 1946 ad
1007 1907 1212 1959 imaginem
1237 1907 1442 1947 comoediae
1471 1907 1610 1946 secisse
1639 1921 1750 1947 mon-

260 2005 270 2025 ¹
287 2005 368 2041 Quoe
382 2005 435 2037 bic
451 2005 491 2037 de
508 2005 663 2047 tragoedia
684 2011 718 2037 et
734 2004 894 2037 comoedis
907 2014 959 2036 re-
1003 2002 1124 2046 τρύγης
1136 2003 1252 2044 καιρὸν,
1269 2003 1324 2044 ὄψ’
1344 2001 1382 2036 οὗ
1403 2003 1443 2042 δὴ
1464 2003 1517 2036 καὶ
1536 2003 1694 2045 *puy-81⁸
1712 2004 1751 2037 τὸ

216 2048 373 2086 feruntur,
400 2059 439 2081 es
463 2060 529 2081 non
553 2057 589 2081 ut
612 2048 667 2081 alii
689 2059 730 2081 ex
747 2048 893 2081 Cornuto
909 2047 961 2080 vel
1004 2049 1127 2088 *pah-ou
1141 2046 1455 2086 δκλήθηῆκυμηδῐα.
1479 2047 1553 2080 vid.
1565 2047 1748 2091 Etymolog.

216 2091 325 2135 Aspro
351 2092 507 2130 desumta,
537 2093 594 2125 sed
621 2103 662 2124 ex
690 2091 844 2124 Evanthii
871 2102 959 2123 com·
1006 2091 1164 2133 Magnum
1180 2090 1214 2122 in
1229 2090 1399 2131 Τριηυδίι
1432 2090 1469 2123 1..

215 2135 374 2167 mentatio
389 2136 423 2167 in
439 2135 627 2168 Terentium
648 2135 769 2168 selecta
785 2146 856 2167 esse
874 2134 959 2167 arbi-

216 2185 291 2210 tror.
339 2179 518 2221 Ejusceque
539 2179 587 2211 rei
607 2179 886 2211 evidentissimum
907 2188 958 2210 sr-

213 2229 403 2263 gumentum
426 2231 483 2259 est,
501 2222 585 2273 quod
607 2224 667 2255 sub
688 2223 784 2263 hujus
806 2221 958 2254 eruditis-

214 2265 287 2298 simi
318 2266 518 2307 grammatic:
546 2266 676 2298 nomine
702 2265 815 2308 (quem
844 2265 958 2297 iisdem

214 2318 288 2341 cum
308 2309 437 2342 Donato
458 2310 667 2353 temporibus.
683 2308 743 2341 hoc
762 2316 812 2341 est
828 2308 957 2351 Olymp.

215 2353 288 2384 285.
319 2360 475 2395 regnante
503 2352 695 2385 Constantio
725 2351 769 2384 fil.
797 2352 959 2384 Constan-

216 2395 286 2433 tini.
326 2397 351 2428 C
385 2396 419 2428 P.
451 2396 597 2429 floruisse
628 2403 718 2428 nouit
750 2394 959 2436 Hieronym.)

215 2438 282 2471 hec
307 2440 404 2472 verbs
430 2439 542 2473 affer-t
568 2439 708 2471 Rufinus
730 2438 960 2471 Antiochensis

214 2490 382 2523 gremmst.
417 2482 472 2515 lib.
502 2483 542 2516 de
579 2481 691 2515 metris
728 2481 957 2514 Terentisnis:

217 2528 368 2558 Cone-insa
387 2538 424 2559 ar
546 2538 572 2564 ο,
586 2527 798 2558 munandin
815 2536 959 2566 mgna,

214 2571 301 2601 aedeis
320 2572 485 2608 sententiis,
504 2575 599 2611 grata
620 2570 746 2606 messui,
762 2574 836 2610 epea
857 2574 958 2600 aetra.

217 2611 261 2644 Bt
276 2619 386 2655 postes
401 2613 464 2645 sic:
494 2614 615 2646 Veteres
629 2615 687 2645 mi
703 2615 750 2645 uei
766 2614 778 2643 n·
815 2615 826 2643 ὃ
846 2622 960 2654 quoque

214 2658 328 2693 uehis,
344 2661 398 2687 ete.
443 2658 525 2693 Qut
547 2655 709 2699 ipsissima
725 2655 759 2688 in
798 2655 863 2687 isce
883 2665 959 2698 pro·

214 2697 535 2782 iegoffinwae,
581 2699 738 2775 11⁸2·ss
757 2742 838 2775 Ma.
866 2740 957 2774 addi-

215 2790 294 2818 tum.
328 2785 365 2817 1..

258 2828 272 2849 ⁸
290 2828 452 2861 Dicuntur
487 2830 601 2861 Gru-ce
635 2828 807 2871 ΤΡΠἜΟ]
840 2828 958 2862 Athen.

215 2870 270 2904 lib.
287 2871 320 2904 ii.
350 2870 429 2904 Ἀπὸ
442 2871 531 2912 μέθη,
548 2872 598 2904 καὶ
615 2872 635 2910 ἡ
649 2874 707 2911 τῆς
722 2870 890 2913 κωμωδίας,
906 2871 958 2904 nl

215 2913 237 2953 ἦ
262 2915 321 2953 τῆς
349 2915 521 2957 ner-Ues
551 2916 670 2956 nup-m
698 2917 733 2947 δν
757 2915 879 2959 Ἰκαρίῳ
900 2916 959 2954 τῆς

214 2957 362 2997 Ἀττικῆς
386 2957 505 2999 «ὀρθῇ,
529 2958 580 2991 nl
607 2960 677 2992 κατ’
703 2958 799 2992 sin&
821 2959 880 2992 vsu
901 2959 960 2998 τῆς

1047 2135 1059 2155 ⁴
1078 2134 1221 2176 Apollini
1246 2134 1375 2171 Nomio.
1391 2134 1443 2166 vel
1458 2133 1518 2166 AF
1542 2133 1642 2176 Αθό]
1667 2134 1749 2167 1120

1002 2184 1051 2210 est
1067 2178 1228 2220 scripturn
1246 2177 1427 2221 priscorum
1449 2177 1508 2210 cod
1556 2188 1628 2220 qun·
1650 2179 1749 2210 reflu-

1001 2221 1106 2263 genda
1125 2221 1253 2253 videtur
1274 2220 1334 2253 hoc
1357 2220 1471 2253 modo:
1489 2223 1626 2263 Apollini
1642 2223 1750 2254 Nonio

1001 2267 1049 2296 vel
1063 2267 1191 2307 Agyieo.
1240 2264 1291 2297 De
1307 2264 1460 2308 Apolline
1477 2264 1597 2297 Nomio
1613 2266 1702 2298 Serv.
1717 2267 1749 2297 4.

1002 2308 1188 2350 Georgicon
1205 2308 1245 2340 ad
1260 2307 1318 2340 ills
1331 2308 1439 2346 verbs,
1461 2310 1606 2350 “disqu
1627 2315 1750 2341 vocam

1003 2354 1120 2393 Apollo.
1158 2350 1287 2391 Ἀγνιὰς
1300 2358 1410 2384 sutem
1433 2351 1505 2384 mei
1527 2351 1747 2395 appellarunt,

1004 2402 1085 2427 teste
1109 2395 1269 2427 Pausania
1291 2394 1325 2427 in
1350 2394 1479 2433 Eli-cin,
1494 2394 1568 2427 τοὺς
1589 2396 1639 2427 ὑπ’·
1653 2395 1746 2435 Ἀθη-

1003 2439 1096 2470 ναίων
1122 2437 1335 2478 καλουμένους
1363 2437 1550 2471 πινυτούς.
1598 2438 1642 2471 Et
1670 2438 1747 2471 hinc

1004 2482 1122 2524 Apollo
1154 2482 1306 2525 Agyieu,
1344 2482 1385 2515 de
1443 2492 1486 2515 uo
1519 2482 1588 2514 fuse
1626 2482 1745 2515 Graeci.

1005 2525 1120 2558 Horat.
1137 2526 1242 2558 Canu.
1261 2525 1315 2558 lib.
1332 2524 1375 2558 iv.
1471 2525 1501 2557 6.
1545 2526 1638 2558 Lenis
1658 2528 1747 2568 Agy-

1003 2571 1067 2601 ieu
1093 2576 1125 2601 et
1152 2569 1196 2602 ibi
1226 2569 1272 2602 Po
1314 2569 1382 2612 hyr.
1416 2569 1558 2601 Mserob.
1584 2569 1747 2602 snm-nd.

1003 2612 1057 2644 lib.
1075 2612 1095 2644 i.
1111 2623 1180 2655 esp,
1199 2614 1229 2645 9.
1303 2620 1392 2645 ostes
1413 2611 1459 2645 sic
1478 2612 1597 2655 legitur
1612 2613 1645 2644 in
1665 2612 1747 2645 Mss-

999 2661 1155 2696 panorm
1170 2659 1333 2688 vici-m-
1348 2657 1413 2689 Deo
1423 2669 1434 2688 .·
1455 2655 1510 2688 ubi
1526 2656 1560 2689 in
1576 2655 1672 2689 editis
1687 2663 1747 2695 est.

1002 2701 1222 2741 vicinorumque
1234 2702 1364 2741 presidi
1381 2700 1453 2732 Dec.
1486 2699 1524 2732 10.

1045 2742 1058 2762 ⁸
1074 2744 1195 2775 Festus·
1220 2742 1358 2786 cnr-eu]
1387 2743 1427 2776 In
1457 2743 1520 2776 Ms-
1549 2742 1745 2785 Dan-sesti-

1001 2796 1070 2817 νη·
1102 2796 1221 2818 ear-en
1251 2788 1434 2819 edu-nim
1458 2792 1658 2823 emme-rt
1685 2786 1748 2818 m

1002 2830 1066 2860 νῦν
1092 2830 1202 2868 unfus
1232 2829 1282 2862 καὶ
1311 2829 1746 2868 τῆςόὓῆςααωόοοοό·

1002 2874 1746 2915 Μεσηιὶορίιιονσροςίιοίοαῆὶοιωι·

998 2918 1098 2991 zosim
1119 2918 1244 2955 mine.
1266 2919 1315 2950 sel
1336 2916 1399 2950 m
1420 2916 1481 2950 τοῦ
1503 2915 1666 2957 κωμάζων.
1688 2922 1746 2949 ete.
