1852 3216
245 131 275 173 ii
797 100 1229 172 DEmc'A'mo.

249 244 365 290 forte
383 256 478 288 ‘rim
498 243 676 301 probari
694 243 968 295 audivissem,
990 256 1095 294 rus,
1112 255 1190 285 vm
1211 250 1495 291 oasvxssma,
1513 241 1783 292 auctoritate,

249 338 350 382 quoe
368 323 486 380 apud
506 338 653 366 omnes
673 323 856 366 maxima
885 330 968 373 est,
990 322 1093 364 satis
1114 319 1421 363 defenderetur
1441 333 1491 362 ac
1511 319 1783 363 confirmare-

251 410 337 447 tur.
390 402 493 446 Huc
514 402 694 445 accessit
714 400 797 444 alia
817 416 963 451 causa,
984 415 1079 443 mea
1098 398 1272 455 quidem
1293 398 1505 440 sententia
1523 397 1641 442 haud
1660 399 1781 451 levis,

250 497 349 540 quae
368 497 435 526 me
456 482 512 524 ad
531 481 615 525 hoc
638 481 835 524 invitaret
864 479 1099 523 consilium.
1159 477 1269 520 Cum
1287 477 1401 520 enim
1420 477 1519 521 olim
1539 492 1643 531 τυΛ,
1666 493 1783 522 PRAE-

251 575 427 605 czrron
453 574 750 611 rmzmssms,
784 558 1008 615 disciplina
1039 571 1179 599 essem
1211 571 1332 608 usus,
1360 563 1405 599 et
1432 571 1570 614 usque
1600 558 1784 614 posthac

251 639 596 698 prudentissimis
628 652 727 681 'ruis
756 637 941 681 consiliis
973 644 1018 679 et
1049 635 1287 692 patrocinio
1314 635 1490 693 adjutus
1517 644 1562 680 et
1589 637 1785 681 subleva-

251 726 348 763 tus:
380 719 506 761 animi
541 718 652 774 grati
686 731 783 759 esse
816 716 878 771 (et
908 714 1024 758 hunc
1058 714 1248 771 inprimis
1285 722 1455 771 spectes
1488 714 1629 771 velim)
1662 717 1785 768 duxi,

253 798 370 842 hunc
390 810 489 840 rua:
510 795 787 839 institutionis
808 794 1010 845 fructum,
1028 794 1102 850 qui
1122 793 1212 836 fere
1233 794 1397 851 primus
1417 810 1443 837 a
1463 810 1530 838 me
1549 795 1621 838 edi
1640 797 1787 839 existi-

254 876 436 921 mandus
457 882 539 926 est,
560 873 829 917 offerendum
848 888 943 916 esse
965 886 1075 924 Tim,
1095 881 1158 924 ut,
1182 874 1218 915 si
1246 874 1386 917 bonus
1406 883 1536 926 esset,
1558 889 1660 919 rum
1681 875 1786 919 fidei

256 962 460 1012 acceptus
481 953 729 1004 referretur,
747 960 836 1004 aut,
854 953 890 994 si
909 952 1175 1004 irnmaturus,
1197 968 1223 995 a
1243 967 1302 996 ΤΕ
1322 954 1620 1011 castigaretur.
1652 954 1787 1004 Quod

257 1036 295 1079 si
313 1050 416 1079 vero
443 1041 489 1078 et
514 1034 559 1077 in
585 1041 807 1090 posterum
827 1045 915 1075 TUA
937 1046 1055 1083 cura,
1078 1045 1291 1075 numm:
1310 1046 1495 1085 OPTIME,
1515 1049 1583 1077 me
1611 1035 1788 1091 dignum

253 1114 514 1172 judicaveris
531 1129 541 1157 ε
573 1112 768 1170 profecto
789 1127 874 1155 non
894 1111 1054 1154 frustra
1072 1111 1116 1154 in
1135 1110 1374 1155 litterarum
1400 1113 1612 1156 curriculo
1638 1113 1787 1157 alsisse

258 1209 311 1238 ac
338 1194 518 1237 sudasse
545 1207 613 1236 me
637 1192 905 1235 existimabo·
966 1190 1199 1247 Equidem,
1220 1191 1483 1235 sanctissime
1511 1192 1717 1235 confirmo
1744 1201 1790 1236 et

259 1272 480 1331 polliceor,
501 1286 668 1315 omnem
686 1286 832 1314 curam
858 1285 908 1313 ac
935 1269 1198 1326 diligentiam
1225 1270 1457 1323 adhibebo,
1478 1286 1533 1314 ne
1554 1285 1642 1315 ‘rus
1663 1272 1790 1316 disci-

259 1352 377 1410 plina
395 1359 440 1396 et
459 1351 626 1395 caeteris
645 1349 863 1394 beneficiis
892 1350 1094 1406 indignus
1117 1349 1334 1406 reperiam
1365 1357 1494 1407 atque
1516 1352 1552 1394 si
1572 1366 1658 1394 non
1678 1367 1725 1395 re
1745 1360 1790 1395 et

260 1430 400 1489 palam
431 1438 600 1488 gratum
632 1430 816 1472 animum
848 1428 1069 1472 declarare
1100 1436 1302 1486 potuero,
1332 1437 1450 1473 certe
1477 1431 1679 1487 precibus
1708 1447 1791 1488 pro

262 1524 366 1563 ΤυΛ,
388 1523 535 1553 snnax
567 1522 720 1552 suumn
740 1521 1056 1560 venenatus,
1077 1507 1321 1552 valetudine
1347 1517 1466 1553 recta
1494 1517 1539 1553 et
1567 1519 1789 1555 senectute

262 1589 432 1648 placida
469 1588 579 1633 clam
619 1589 825 1632 faciendis
866 1588 965 1632 Deo
1006 1603 1074 1632 me
1112 1602 1190 1632 ‘rm
1230 1589 1588 1633 studiosissimum
1625 1599 1670 1634 et
1709 1593 1791 1635 rei-

263 1668 448 1727 publicae
467 1668 799 1712 amantissimum
816 1668 1002 1725 probare
1024 1667 1226 1711 studebo.
1278 1667 1405 1721 Vale,
1426 1677 1472 1713 et
1491 1670 1534 1712 in
1554 1669 1791 1715 litterarum

263 1750 473 1794 bonarum
493 1747 675 1793 salutem
692 1747 786 1791 vale
806 1747 1060 1799 diutissime,

664 1863 747 1908 Vir
773 1862 1015 1920 magnifice,
1044 1870 1174 1920 atque
1204 1878 1366 1907 summe

835 1977 1105 2033 venerabilis,
1134 1979 1214 2023 tibi
1242 1979 1573 2034 addictissimus,

1135 2106 1227 2150 JO.
1258 2105 1400 2153 CAR.
1432 2107 1734 2153 ZEUNIUS.
