1852 3216
95 149 236 180 scam
256 136 336 193 xv.]

680 135 1040 181 PHORMIO.

1540 137 1625 179 583

148 226 201 270 In
221 241 269 269 re
287 226 535 281 incipiunda
553 227 614 270 adv
629 226 946 270 defendendam
966 227 1150 278 noxiam,

149 291 319 333 Justam
337 290 448 333 illam
468 307 654 342 causam,
675 291 856 342 facilem,
879 293 1129 344 vincibilem,
1152 294 1398 349 optumam?

93 364 135 395 50
151 357 441 399 Pn.Memini.
474 357 983 414 GE.Hem,nuncipsa’st
992 374 1101 415 opus
1111 374 1184 401 ea:
1207 357 1621 414 aut,siquidpotest‚

151 421 335 465 Meliore
355 431 399 465 et
419 422 650 466 callidiore.

704 424 787 467 Pu.
810 423 908 467 Fiet
928 424 1093 467 sedulo.

151 488 238 531 GE.
261 489 393 532 Nunc
414 492 531 546 prior
551 492 668 534 adito
689 499 735 534 tu
753 508 762 533 z
794 507 876 548 ego
895 492 939 533 in
958 490 1121 532 insidiis
1142 489 1211 532 hic
1231 505 1307 532 ero

153 554 522 608 Succenturiatus,
543 558 578 599 si
598 558 703 613 quid
723 558 913 600 deficies.

965 556 1051 598 Pu.
1073 555 1187 611 Age.

226 733 480 782 ACTUS
530 734 878 783 SECUNDI
927 732 1181 781 SCENA
1228 732 1490 780 PRIMA.

516 859 752 891 DEMIPHO.
787 859 926 891 GETA.
962 857 1204 889 PHAEDRIA.

151 940 296 983 ITANE
316 942 489 983 tandem
508 956 688 983 uxorem
709 941 833 983 duxit
854 939 1050 995 Antipho
1070 940 1237 994 injussu
1256 941 1382 982 meo?

91 1031 237 1063 consiliis
258 1042 294 1062 ac
318 1031 501 1062 domesticis
530 1037 744 1072 promoveret.
796 1032 837 1062 Ut

84 1074 187 1115 ,licerit
208 1080 307 1106 vestra
328 1074 440 1115 oratio]
470 1075 515 1105 Ut
538 1074 640 1116 magis
669 1074 835 1111 excitaret,

93 1128 158 1149 non
180 1123 283 1149 nostra
304 1117 396 1155 dixit,
413 1118 470 1149 sed
484 1123 593 1149 vestra.
626 1117 836 1149 D.—Praeter

93 1169 230 1202 quatuor
255 1161 363 1198 libros,
388 1160 443 1192 ubi
468 1167 571 1192 nostra
601 1168 699 1198 extat,
728 1160 835 1192 caeteri

92 1215 204 1236 omnes
219 1212 305 1235 recte
320 1204 474 1235 exhibent
488 1210 598 1235 vostra.
630 1204 668 1235 B.

135 1249 187 1278 48.
201 1249 239 1278 In
250 1259 283 1278 re
295 1246 487 1287 incipiunda]
501 1249 683 1287 lncipiunda
694 1246 836 1289 proprie,

92 1290 183 1332 quasi
199 1291 239 1321 de
255 1301 290 1322 re
311 1301 436 1332 magna,
453 1290 545 1322 dixit.
582 1290 635 1321 Sic
655 1290 741 1327 alibi,
762 1292 837 1322 Vide

93 1336 172 1375 quod
200 1336 330 1374 inceptet
359 1333 494 1374 facinus.
541 1336 595 1364 Ad
622 1333 836 1374 defendendam

93 1376 226 1418 noxiam]
249 1378 379 1408 Nooeiam
401 1387 486 1408 nunc
504 1377 647 1418 culpam:
674 1376 753 1408 alias
769 1387 838 1418 poe-

95 1430 179 1451 nam.
225 1420 270 1451 Et
292 1427 341 1451 est
366 1419 534 1457 ἐιιένθεσις,
559 1421 599 1451 ab
623 1429 661 1450 eo
683 1420 768 1460 quod
790 1426 840 1450 est

93 1475 199 1494 noxam
213 1476 223 1494 .·
258 1470 290 1494 et
312 1464 371 1494 hoc
394 1463 512 1494 factum
533 1470 582 1493 est
603 1470 736 1504 propter
756 1462 837 1494 iam-

94 1507 180 1538 bum.
212 1507 337 1537 D.—In
352 1517 384 1538 re
399 1505 591 1547 incipiunda]
606 1506 706 1541 Quasi
722 1506 839 1548 saepius

93 1550 276 1591 peccaverit
298 1549 492 1586 adolescens,
517 1557 549 1580 et
575 1560 610 1580 se
637 1549 836 1580 defenderit:

94 1593 168 1624 ideo
184 1593 298 1634 quaerit
313 1593 496 1634 exemplum
513 1592 718 1624 defensionis.
752 1593 791 1623 E.

138 1637 189 1667 49.
213 1638 333 1667 Iustam
352 1638 435 1667 illam
452 1647 582 1672 causam,
592 1634 729 1676 facilem,
744 1638 839 1666 vinci-

95 1681 194 1717 bilem,
220 1685 369 1720 optumam
381 1678 414 1720 ?]
442 1679 619 1710 Considera
644 1679 780 1720 singula,
809 1685 841 1710 et

95 1722 243 1754 invenies
258 1730 292 1754 et
307 1722 444 1753 naturali
461 1722 583 1759 ordine,
596 1728 629 1753 et
640 1732 697 1764 per
713 1723 841 1762 αὔξησιν

96 1766 190 1797 dicta.
231 1767 360 1797 Causam
375 1776 434 1807 pro
451 1765 636 1796 defensione
655 1765 782 1806 posuit:
807 1771 840 1796 et

94 1811 274 1846 vincibilem,
291 1819 362 1850 quae
377 1808 469 1839 facile
484 1808 601 1839 vincat.
633 1808 674 1839 D.

138 1853 189 1884 50.
214 1854 305 1883 Nune
323 1854 390 1892 ipsa
410 1857 456 1883 est
471 1863 543 1892 opus
563 1850 616 1892 ea]
639 1853 738 1883 Causa
752 1851 839 1882 scili·

93 1902 154 1927 cet.
182 1896 302 1927 D.—Si
316 1897 391 1936 quid
401 1895 517 1936 potest]
533 1895 571 1925 V.
590 1896 625 1926 C.
640 1900 733 1935 potes.
759 1895 841 1925 L.--

95 1938 217 1970 Versus
247 1939 362 1980 probat
390 1938 470 1969 illud
492 1949 538 1975 ea,
561 1938 646 1979 quod
668 1938 703 1969 in
728 1938 838 1969 Bemb.

93 1982 264 2024 reperitur.
297 1982 334 2013 B.

138 2026 189 2056 51.
213 2026 340 2056 Meliore
362 2029 392 2056 et
414 2023 586 2065 callidiore]
605 2025 694 2055 Bene
713 2026 840 2055 Meliore

94 2073 125 2100 et
137 2070 312 2100 callidiore:
335 2067 409 2109 quia
424 2075 500 2099 tunc
516 2068 658 2109 prolusio
670 2066 740 2104 tuit,
755 2078 840 2099 nunc

95 2111 203 2154 ipsum
232 2111 389 2153 praelium.
435 2113 506 2142 Fiet
526 2109 646 2151 sedulo]
678 2109 842 2151 Παρέλκον

96 2157 207 2187 sedulo.
248 2155 332 2186 Nam
349 2154 526 2192 suffecerat,
535 2156 601 2194 fiet.
635 2154 676 2185 D.

138 2199 190 2229 52.
214 2200 305 2229 Nunc
323 2200 410 2238 prior
432 2199 516 2228 adito
543 2197 593 2238 tu]
620 2199 724 2234 Adita,
750 2196 841 2237 quasi

96 2242 138 2274 ad
151 2241 308 2284 praelium.
348 2241 438 2281 Virg.
460 2251 489 2271 v.
513 2241 586 2273 378.
610 2251 664 2272 nec
684 2242 840 2281 quisquam

95 2296 133 2316 ez·
154 2287 273 2326 agmine
296 2289 380 2315 lanto
401 2285 505 2315 Audet
526 2286 612 2315 adire
632 2286 737 2314 virum.
774 2285 842 2324 Ego

96 2330 130 2359 in
151 2330 273 2359 insidiis
294 2330 343 2358 hic
364 2326 432 2368 ero]
456 2327 537 2358 Tota
558 2326 722 2367 μεταφορὰ
743 2326 783 2357 de
805 2336 841 2357 re

97 2370 227 2402 militari
244 2378 302 2402 est.
341 2371 381 2402 D.
384 2372 491 2402 —Hic
512 2382 562 2401 ero
582 2368 839 2409 succenturiatus]

100 2414 293 2455 Metaphora
314 2424 334 2444 a
356 2413 448 2446 bello.
496 2413 548 2445 Illi
572 2413 626 2454 qui
649 2413 751 2455 priori
771 2412 842 2444 loco

97 2464 252 2498 pugnant,
273 2456 307 2488 in
328 2456 496 2499 principiis
510 2463 603 2489 sunt:
627 2456 682 2497 qui
699 2465 775 2487 vero
790 2466 840 2487 se-

97 2499 238 2531 cundum
256 2499 330 2531 vel
321 2510 356 2531 m
371 2499 444 2532 aliis
463 2499 703 2549 posterioribus,
719 2510 841 2530 succen-

98 2545 209 2574 turiati
217 2542 385 2574 dicuntur.
406 2543 495 2584 quasi
505 2542 664 2585 suppositi
676 2542 716 2574 ad
729 2542 841 2580 aciem,

98 2593 136 2617 ut
149 2585 215 2616 illis
230 2585 453 2617 deficientibus
467 2586 531 2628 ipsi
543 2586 577 2617 in
590 2593 753 2617 certamen
766 2596 840 2626 pro-

97 2629 224 2660 cedant.
258 2628 407 2660 E.—1²ro
422 2631 543 2660 insidiis
557 2628 663 2671 placet
676 2630 821 2660 subsidiis
830 2641 842 2664 ,-

99 2672 185 2713 quod
208 2678 298 2702 extat
318 2671 404 2712 apud
420 2672 631 2709 Priscianum,
647 2671 681 2703 in
697 2672 766 2703 cod.
783 2671 842 2702 ali-

99 2726 162 2756 quo
169 2714 267 2755 regio,
276 2723 309 2746 et
314 2714 498 2746 Coloniensi
505 2714 591 2756 apud
598 2714 803 2751 Palmerium,
811 2720 845 2746 et

99 2758 146 2790 sic
161 2768 287 2799 quoque
297 2757 414 2799 legisse
429 2757 557 2789 videtur
572 2758 729 2789 Donatus.
745 2758 841 2788 Corn.

102 2802 223 2833 Fronto
240 2801 280 2832 de
302 2800 502 2832 Differentiis
523 2811 647 2836 vocum,
666 2802 842 2838 subsidium,

99 2844 215 2885 inquit,
232 2850 286 2881 est,
302 2846 381 2884 quod
394 2845 495 2875 subest
506 2845 720 2883 deficientibus.
752 2843 791 2874 B.

145 2889 196 2919 53.
212 2886 476 2928 Succenturiatus]
493 2888 719 2918 Suc-centuriati
730 2886 842 2918 dicun-

99 2938 164 2969 tur,
186 2931 242 2971 qui
263 2930 433 2973 explendae
453 2929 608 2969 centum
625 2929 730 2970 gratia
744 2929 843 2970 suin-

100 2942 207 3007 ciuntq
213 2985 247 3006 se
269 2974 310 3006 ad
329 2973 588 3016 supplementum
602 2972 762 3006 ordinum.
801 2972 846 3009 Et

880 1035 930 1061 est
950 1028 1118 1060 translatio
1138 1039 1157 1060 a
1176 1039 1211 1060 re
1231 1029 1373 1060 militari.
1410 1030 1495 1072 Age]
1514 1030 1626 1063 Potuit

879 1073 986 1104 dicere
1009 1084 1084 1109 vero,
1109 1079 1163 1103 aut
1186 1075 1231 1103 ita
1245 1085 1255 1103 .·
1286 1073 1343 1104 sed
1358 1084 1416 1114 age
1431 1074 1523 1111 dixit,
1539 1074 1624 1115 quod

880 1117 1012 1147 verbum
1035 1115 1100 1147 vim
1123 1115 1282 1147 hortantis
1304 1117 1477 1148 maximam
1493 1118 1624 1159 praebet.

881 1158 1088 1190 D.—Me1ius
1111 1159 1239 1190 videtur
1259 1161 1389 1199 deficias,
1412 1160 1497 1200 quod
1520 1167 1570 1192 est
1589 1161 1625 1192 in

881 1203 991 1234 Bemb.
1014 1202 1048 1232 in
1073 1209 1181 1233 nostro
1203 1202 1272 1234 cod.
1302 1203 1365 1234 900
1396 1213 1564 1242 annorum,
1592 1210 1627 1235 et

879 1246 965 1288 apud
982 1245 1191 1276 Priscianum.
1223 1246 1261 1276 B.

926 1290 952 1320 1.
977 1290 1064 1320 Itane
1087 1291 1206 1320 tandem
1228 1300 1349 1321 uxorem
1376 1291 1464 1321 duxit
1490 1291 1626 1330 Antipho

879 1332 998 1373 injussu
1020 1343 1082 1363 meo
1094 1330 1125 1372 2]
1151 1332 1191 1362 In
1210 1332 1270 1363 hac
1290 1343 1386 1364 scena
1400 1333 1562 1364 accusatio
1576 1338 1627 1365 est

882 1382 914 1406 et
937 1375 1158 1412 contradictio,
1185 1385 1244 1417 per
1269 1375 1459 1407 remotivam
1488 1376 1625 1417 qualita-

882 1425 946 1449 tem
963 1430 970 1448 :
1011 1428 1087 1459 ergo
1116 1418 1342 1449 controversia.
1386 1420 1475 1450 Itane
1505 1421 1626 1451 tandem

881 1473 1000 1492 uxorem
1011 1463 1099 1492 duxit
1111 1461 1262 1502 Antipho]
1279 1461 1343 1493 Hic
1357 1462 1541 1504 exemplum
1551 1462 1627 1494 vitae

882 1512 954 1536 est:
989 1504 1023 1535 in
1047 1515 1109 1545 quo
1131 1512 1295 1546 spectatur
1317 1505 1438 1536 nullam
1465 1515 1535 1537 esse
1560 1513 1627 1537 tam

878 1549 996 1588 justam
1014 1555 1047 1579 et
1061 1558 1192 1588 gravem
1215 1548 1413 1579 iracundiam
1431 1548 1542 1590 patris,
1555 1559 1627 1590 quae

883 1602 947 1622 non
978 1598 1012 1622 et
1041 1591 1158 1622 fiducia
1187 1591 1364 1623 defensoris
1394 1598 1427 1622 et
1456 1591 1627 1623 intervallo

884 1634 1037 1676 temporis
1052 1640 1231 1665 evanescat.
1268 1636 1357 1666 Itane
1372 1637 1491 1666 tandem
1506 1647 1627 1667 uxorem

883 1680 971 1709 dua-it
991 1679 1126 1717 Antipho
1146 1677 1264 1718 injussu
1285 1689 1347 1709 meo
1358 1678 1392 1719 ?]
1421 1679 1497 1710 Non
1520 1678 1628 1720 potuit

883 1720 1106 1752 vehementius
1128 1721 1280 1770 incipere,
1304 1732 1399 1762 quam
1421 1728 1458 1753 ut
1476 1722 1546 1763 ipse
1561 1721 1625 1753 cri·

883 1774 968 1801 men,
993 1763 1078 1804 quod
1097 1763 1217 1804 objicit,
1233 1764 1413 1796 miraretur.
1451 1766 1540 1796 Itane
1556 1770 1626 1796 tan-

883 1809 949 1838 dem
970 1818 1089 1838 uxorem
1110 1806 1214 1848 duxit]
1240 1808 1381 1845 Tandem,
1396 1807 1450 1839 hic
1465 1807 1628 1849 expletiva

883 1850 1083 1891 conjunctio:
1108 1857 1144 1881 ut
1166 1850 1291 1888 Cicero,
1308 1851 1377 1882 Cat.
1398 1850 1418 1881 i.
1441 1852 1467 1882 l.
1509 1851 1626 1886 Quous-

882 1905 938 1935 que
954 1896 1072 1925 tandem
1087 1895 1220 1931 abutere,
1237 1895 1381 1931 Catilina,
1393 1897 1546 1934 patientia
1558 1906 1626 1926 noe-

883 1940 960 1968 tra?
990 1938 1079 1968 Itane
1101 1935 1237 1977 tandem]
1262 1936 1327 1968 Hic
1350 1944 1435 1968 totus
1458 1947 1570 1969 versus
1591 1937 1627 1969 in

883 1980 943 2011 hoc
964 1987 1022 2017 est,
1044 1990 1086 2011 an
1107 1979 1224 2010 factum
1241 1979 1307 2011 sit?
1331 1980 1407 2021 quid
1423 1980 1541 2012 factum
1557 1981 1626 2012 siti

883 2033 903 2054 a
932 2034 995 2064 quo
1026 2023 1143 2054 factum
1174 2023 1216 2054 sit
1232 2024 1244 2053 ’ἱ
1290 2022 1324 2054 in
1354 2024 1445 2063 cujus
1474 2023 1627 2064 injuriam

884 2066 1003 2098 factum
1019 2066 1086 2097 sit?
1119 2066 1294 2097 D.—1tane
1312 2066 1448 2108 tandem]
1474 2066 1515 2098 In
1530 2074 1628 2108 portu

884 2120 984 2140 senex
1005 2109 1136 2140 duxisse
1158 2109 1260 2140 filium
1283 2120 1376 2141 suum
1405 2120 1539 2141 uxorem
1567 2121 1626 2142 au-

884 2152 974 2183 divit.
999 2153 1114 2184 Secum
1127 2163 1203 2193 ergo
1214 2152 1422 2193 conqueritur
1433 2153 1512 2184 satis
1523 2153 1626 2185 admi-

884 2202 982 2233 ratus,
1006 2196 1090 2236 quod
1112 2195 1167 2227 ille
1190 2202 1314 2227 tantum
1334 2196 1458 2228 facinus
1472 2206 1573 2236 ausus
1583 2196 1628 2228 sit

883 2239 1027 2280 implere.
1068 2239 1148 2270 Haec
1168 2249 1244 2280 ergo
1262 2249 1358 2270 scena
1373 2239 1518 2271 continet
1532 2250 1627 2272 aecu-

884 2282 1050 2320 sationem,
1070 2289 1103 2313 et
1119 2282 1216 2313 habet
1234 2282 1484 2314 controversiam
1507 2282 1603 2314 talem
1615 2294 1625 2314 ι

884 2325 968 2366 quod
983 2333 1095 2357 contra
1110 2325 1281 2367 imperium
1291 2325 1393 2367 patris
1401 2336 1533 2357 uxorem
1543 2325 1626 2358 dux-

884 2369 946 2400 erit
958 2368 1051 2403 filius.
1062 2379 1136 2400 reus
1146 2375 1203 2399 est.
1227 2368 1292 2404 Qui
1303 2368 1506 2400 defenditur:
1530 2379 1565 2400 se
1579 2369 1629 2401 fe-

884 2412 967 2443 cisse
978 2412 1057 2443 dicit
1072 2410 1262 2453 (defenditur
1274 2414 1328 2449 sic,
1341 2418 1375 2443 ut
1380 2411 1493 2453 secuse
1508 2414 1630 2444 dicatur

886 2454 941 2496 Z.)
959 2462 1087 2486 coactus
1102 2455 1135 2486 in
1146 2454 1282 2504 judicio,
1296 2462 1329 2486 et
1343 2462 1472 2487 coactus
1493 2454 1628 2497 leg-ibus.

886 2498 947 2530 Cui
963 2498 1161 2530 occurritur:
1193 2497 1327 2540 potuisti
1346 2498 1463 2530 ducere
1484 2508 1630 2538 uxorem,

885 2541 1025 2573 maxime
1036 2551 1110 2572 cum
1122 2541 1176 2572 lex
1191 2541 1250 2572 sit:
1278 2543 1360 2573 Orba
1371 2543 1466 2573 nubae
1472 2544 1629 2582 pro-rino·
1616 2566 1626 2575 .

884 2587 987 2616 orbam
1006 2587 1159 2625 proximus
1180 2586 1282 2622 ducat,
1298 2590 1353 2616 aut
1367 2586 1464 2616 dotem
1484 2586 1544 2616 dee.
1582 2585 1631 2618 At

885 2627 912 2659 si
938 2627 972 2659 in
993 2634 1085 2670 parte
1107 2627 1188 2668 legis
1210 2635 1259 2659 est
1280 2635 1318 2659 ut
1338 2628 1445 2659 dotem
1467 2627 1628 2668 adhibeat,

886 2671 982 2702 etiam
999 2678 1032 2702 te
1047 2671 1123 2702 dare
1139 2670 1290 2712 oportuit.
1328 2671 1392 2702 Sed
1407 2671 1468 2702 hoc
1483 2671 1629 2711 solvitur,

886 2713 995 2754 quod
986 2714 1097 2755 inopia
1111 2723 1176 2744 non
1191 2713 1298 2755 potuit
1311 2713 1398 2745 istud
1413 2714 1568 2756 implere:
1591 2721 1630 2748 ut

886 2764 920 2788 et
940 2756 993 2788 hic
1016 2756 1152 2787 venialis
1177 2764 1279 2788 stams
1305 2757 1356 2789 sit.
1402 2757 1491 2789 Huic
1516 2767 1628 2808 rursus

886 2799 1054 2840 quaestioni
1070 2799 1254 2841 opponitur,
1269 2800 1355 2841 quod
1369 2807 1480 2832 mutua
1490 2801 1630 2843 pecunia

886 2842 970 2874 sumi
990 2842 1105 2884 potuit.
1151 2842 1215 2874 Sed
1238 2843 1291 2874 hic
1315 2843 1454 2876 occurrit
1474 2843 1628 2886 qualitate

886 2885 1049 2935 absoluta,
1073 2895 1115 2918 an
1125 2885 1215 2917 filio
1206 2896 1241 2917 m
1254 2886 1374 2918 familia
1385 2887 1559 2925 constituto
1568 2899 1627 2931 pe·

887 2928 1014 2961 cuniam
1037 2937 1183 2960 mutuam
1203 2929 1350 2971 accipere
1371 2929 1488 2968 lioeat3
1510 2941 1552 2963 an
1567 2931 1628 2963 ali-

887 2972 959 3014 quia
969 2972 1045 3005 huic
1055 2972 1226 3015 pecuniam
1238 2973 1382 3016 potuerit
1394 2973 1551 3007 erederet
1576 2975 1630 3008 Ita
