1852 3216
104 184 244 214 semu
266 170 331 226 ικ]

663 169 1080 213 EUNUCHUS.

1566 174 1648 216 197

161 260 252 302 ΑΝ.
283 259 399 301 Tum
427 259 629 314 equidem
659 260 772 302 istuc
797 274 846 302 os
876 266 997 302 tuum
1033 259 1262 315 impudens
1291 261 1438 303 videre
1471 261 1648 304 nimium

245 323 396 366 vellem
410 340 420 365 z

103 398 144 427 5ο
161 388 251 437 Qui
270 396 387 430 esset
409 395 562 439 status,
585 388 803 433 flabellum
823 396 972 432 tenere
993 397 1036 432 te
1058 391 1225 433 asinum
1245 397 1425 434 tantum.

159 453 243 495 Cn.
267 453 356 496 Vix
373 453 599 496 elocuta'st
618 454 718 505 hoc,
741 455 857 497 foras
879 454 1003 496 simul
1023 470 1169 497 omnes
1190 463 1406 511 proruunt
1427 471 1473 498 se
1491 474 1501 508 3

158 518 340 560 Abeunt
362 518 575 569 lavatum3
608 527 912 575 perstrepunt3
944 521 1005 561 ita
1025 527 1074 561 ut
1094 520 1159 570 fit,
1182 521 1343 562 domini
1371 522 1447 563 ubi
1468 522 1643 564 absunt.

160 582 333 625 Interea
353 599 527 626 somnus
546 585 753 639 virginem
773 585 993 640 opprimit:
1025 600 1108 640 ego
1127 584 1236 627 limis
1259 594 1424 641 specto,

160 647 233 690 Sic
254 664 333 704 per
353 648 572 692 flabellum
592 649 855 692 clanculum:

889 649 1013 691 simul
1033 649 1115 692 alia
1136 652 1464 706 circumspecto,

104 721 145 751 55
163 712 296 755 Satin’
317 713 543 769 explorata
565 714 676 756 sint:
708 715 835 756 video
854 729 976 756 esse:
1007 714 1230 770 pessulum
1251 717 1364 757 ostio
1384 716 1514 758 obdo.

159 776 254 819 ΑΝ.
276 778 399 825 Quid
419 781 540 820 tum?
583 778 667 821 Cn.
692 779 848 827 Quid?
879 780 984 834 quid
1015 781 1138 822 tum?
1170 780 1303 822 fatue.
1353 780 1447 823 An.
1471 780 1645 823 Fateor.

250 842 335 884 Cn.
358 842 434 885 An
452 858 535 898 ego
555 845 822 886 occasionem

103 931 218 963 cientis
235 937 284 963 est
299 931 466 973 (Wieling.
492 932 561 963 vult
582 932 657 973 legi,
684 935 781 967 Quasi
801 945 852 964 sa-

103 974 298 1015 tiffacientee.
337 976 449 1006 Potest
465 982 573 1006 tamen
589 976 723 1006 retineri
739 976 851 1017 vulga-

102 1017 148 1048 ris
179 1018 285 1055 lectio,
316 1017 344 1048 si
381 1028 440 1059 pro
472 1019 646 1058 relinquant
676 1018 853 1050 substituas

102 1062 264 1101 relinquat,
282 1060 367 1100 quod
383 1066 432 1091 est
453 1060 488 1091 in
511 1060 583 1091 edd.
601 1060 757 1101 Venett.)‚
778 1071 853 1092 cum

103 1103 207 1133 solum
217 1103 308 1133 illum
319 1103 506 1143 relinquant
515 1113 588 1134 cum
598 1103 734 1144 virgine.
757 1106 850 1135 Acci-

98 1147 153 1185 pio
163 1144 279 1186 tristis]
294 1145 332 1176 Id
345 1152 405 1183 est,
418 1145 502 1176 tristi
512 1146 645 1177 similis:
668 1154 714 1184 ut,
728 1146 805 1177 AEn.
818 1147 851 1178 ii.

104 1187 155 1220 67.
186 1189 326 1229 Namque
342 1194 376 1219 ut
391 1194 547 1229 conspectu
563 1191 595 1220 in
606 1191 701 1220 medio
713 1192 854 1221 turbatus

103 1232 228 1262 inermis
255 1233 408 1262 Constitit.
465 1234 593 1271 Accipio
619 1231 737 1273 tristis]
764 1232 854 1263 Bene

105 1275 213 1310 tristia,
239 1281 389 1315 tanquam
420 1274 508 1305 aliud
533 1275 636 1315 magis
660 1275 767 1312 vellet,
790 1276 853 1306 boc

104 1323 164 1354 est,
186 1317 303 1354 lavare,
320 1323 376 1348 aut
397 1317 529 1348 ludere:
554 1317 671 1348 metuit
690 1318 778 1349 enim
800 1328 852 1355 ne,

105 1359 190 1400 quod
202 1360 303 1401 cupit,
320 1360 474 1401 prodatur
489 1360 616 1400 gaudio.
652 1361 691 1391 D.

148 1403 199 1433 49.
226 1404 267 1433 Os
283 1408 366 1433 tuum
382 1402 554 1443 impudens]
574 1402 665 1434 Licet
683 1402 806 1443 jocanti
822 1408 856 1434 et

105 1445 210 1475 amico
246 1445 429 1476 convicium
460 1446 602 1483 (officium
638 1446 722 1476 male
752 1445 856 1477 edidit

105 1487 267 1518 Westerh.
285 1487 339 1527 Z.)
352 1488 493 1527 jocunde
509 1488 624 1519 facere.
658 1488 700 1519 D.

149 1531 200 1560 50.
236 1532 312 1564 Quis
334 1536 413 1561 esset
431 1529 549 1571 status]
574 1533 702 1562 Statura
726 1531 855 1572 corpori

106 1572 319 1604 adscribitur:
353 1578 454 1604 status·
474 1573 515 1603 ad
538 1573 682 1604 habitum
705 1573 853 1604 refertur.

105 1614 194 1656 Ergo
205 1621 305 1646 status
324 1622 374 1646 est
387 1617 517 1655 σχῆματ
541 1621 670 1651 statura,
684 1615 855 1657 longitudo

106 1658 260 1700 corporis.
299 1660 340 1690 Te
351 1661 468 1689 asinum
479 1658 613 1699 tantum]
625 1658 709 1694 Quia
718 1659 780 1689 hoc
791 1659 854 1689 mi-

107 1701 276 1732 nisterium
286 1701 496 1732 delicatorum
504 1711 670 1732 servorum
683 1708 741 1732 est.
768 1702 856 1732 D.—

107 1744 278 1774 Flabellum
301 1749 401 1774 tenere
416 1743 463 1784 te]
488 1744 716 1781 Vehementer,
738 1743 855 1784 inquit,

106 1785 225 1816 vellem
239 1792 271 1816 te
284 1786 404 1822 videre,
418 1792 543 1817 tantum
555 1786 682 1818 asinum
694 1786 857 1818 flabellum

108 1834 284 1859 tenentem.
327 1830 388 1862 Qui
402 1834 479 1859 esset
494 1829 610 1869 status]
627 1829 700 1860 Hoc
711 1835 769 1865 est,
786 1840 858 1870 quae

107 1871 220 1908 forma,
237 1871 292 1912 qui
314 1871 444 1902 habitus
458 1871 494 1901 in
513 1877 545 1901 te
560 1877 640 1908 erat,
656 1881 729 1902 cum
745 1871 857 1902 flabel-

107 1913 175 1944 lum
199 1920 309 1944 tantus
331 1914 441 1944 asinus
457 1914 651 1945 contineres.
698 1914 764 1945 Hic
788 1921 857 1945 tur-

107 1957 195 1998 piter
210 1956 340 1997 quidam
362 1957 475 1997 legunt
490 1956 600 1998 potius
622 1959 642 1977 ⁸
666 1967 760 1997 quam
785 1963 857 1988 tan·

107 2005 188 2036 tum,
212 2006 249 2030 ut
271 1999 314 2030 sit
335 1999 462 2030 asinum
486 2006 612 2030 tantum
634 1999 712 2041 (ope
725 2000 859 2031 alterius

108 2042 175 2073 ΜΒ.
191 2041 346 2073 restituo:
372 2051 535 2079 τΕΝτυΜ,
549 2044 651 2082 potius
663 2054 752 2083 quam
768 2051 857 2073 τΑΝ-

109 2093 197 2122 τυιι,
214 2090 249 2116 ut
268 2087 319 2121 sit,
340 2094 479 2115 Asmuu
505 2085 689 2125 rznrun):
716 2085 802 2126 quod
824 2085 859 2116 in

107 2138 206 2159 neena
228 2138 299 2159 esse
314 2127 447 2165 dictum,
470 2129 512 2159 ob
534 2128 772 2169 indignitatem,
795 2128 859 2159 Te-

107 2170 266 2202 rentianae
288 2171 456 2202 comoediae
479 2170 614 2202 minime
637 2171 858 2202 conveniebat.

110 2213 271 2245 R-Nisi
296 2213 387 2255 legas
404 2216 603 2253 flabellulum,
634 2224 747 2245 versus
774 2220 861 2246 stare

109 2266 176 2288 non
192 2263 308 2299 potest.
342 2257 379 2287 B.

153 2301 204 2330 51.
230 2302 338 2331 Omne:
355 2305 507 2340 proruunt
521 2299 571 2341 ee]
590 2300 700 2331 Verbo
719 2299 858 2331 neutrali

110 2342 202 2383 quasi
228 2342 334 2374 activo
360 2353 439 2374 usus
463 2350 522 2374 est.
562 2343 603 2374 D.
606 2345 761 2374 —Omnes
784 2355 856 2383 pro-

109 2391 203 2416 nune
215 2385 264 2427 se]
283 2386 326 2416 Se
341 2386 426 2417 foras
441 2386 537 2417 simul
552 2386 730 2428 proferunt.
763 2386 803 2417 E.

154 2429 206 2459 52.
245 2430 304 2460 Ubi
328 2428 455 2470 obsunt]
490 2430 559 2466 Ubi,
585 2435 619 2460 et
645 2429 801 2481 temporis
825 2435 859 2460 et

110 2469 174 2501 loci
194 2476 301 2512 potest
316 2481 395 2503 esse.
443 2474 564 2503 Interea
578 2483 697 2503 somnus
711 2474 859 2513 virg-inem

111 2513 270 2554 opprimit]
294 2514 417 2555 Utpote
438 2524 656 2556 compressam
679 2525 802 2552 somno,
826 2521 860 2546 et

111 2555 303 2587 oblectatum
317 2556 454 2593 flabello,
469 2564 566 2598 atque
586 2559 627 2589 ab
642 2558 791 2589 eunucho
806 2558 857 2588 ni-

111 2597 159 2628 hil
175 2605 384 2630 metuentem.
429 2601 497 2641 Ego
519 2602 599 2632 limis
612 2600 730 2641 specto]
751 2602 859 2638 Limis,

112 2640 140 2671 si
158 2640 379 2672 nominativus
399 2641 572 2690 singularis
587 2650 646 2680 est,
669 2649 860 2675 transversus

112 2682 291 2724 significat.
315 2683 344 2714 si
359 2684 517 2725 septimus
527 2685 672 2726 pluralis,
685 2685 778 2717 deest
787 2697 858 2717 ocu-

112 2727 159 2756 lis.
207 2726 293 2756 Nam
321 2727 411 2763 linis,
436 2733 487 2758 est
511 2734 734 2759 transversus:
772 2728 860 2759 unde

111 2769 201 2799 limen
218 2768 336 2799 dicitur
351 2778 487 2809 quoque,
503 2770 589 2809 quod
603 2769 860 2811 ingredientibus

111 2810 370 2852 exeuntibusque
396 2819 616 2844 transversum
640 2818 702 2843 est.
750 2813 860 2849 Quum

110 2853 212 2894 igitur
223 2853 430 2885 dissimulant
442 2853 590 2886 homines
604 2864 639 2886 se
650 2855 762 2887 videre
776 2855 862 2896 quod

111 2896 234 2934 vident,
250 2902 284 2927 et
298 2906 363 2928 non
380 2904 468 2927 recta
483 2896 574 2934 facie,
597 2897 655 2928 sed
677 2904 861 2930 transversa

111 2938 290 2976 intuentur,
311 2941 392 2970 limis
406 2939 560 2971 dicuntur
573 2942 718 2980 aspicere.
762 2941 861 2973 Limia

111 2981 228 3024 meto]
246 2982 330 3014 Cum
346 2984 412 3014 limi
424 2982 573 3015 dicantur
588 2982 709 3024 obliqui
724 2993 860 3024 genera-

896 933 992 965 liter:
1016 934 1077 965 boc
1101 940 1209 966 tamen
1231 934 1362 976 proprie
1378 934 1419 966 de
1441 935 1543 967 oculis
1565 935 1647 967 dici·

897 982 959 1007 tur.
994 977 1036 1007 D.

941 1020 992 1050 53.
1021 1021 1089 1060 Ego
1112 1021 1193 1050 limis
1216 1019 1335 1060 specto]
1357 1019 1499 1055 Quidam
1524 1020 1648 1051 intelli-

896 1068 978 1102 gunt
993 1063 1082 1099 limis,
1099 1062 1246 1102 obliquis,
1264 1063 1349 1102 quod
1371 1063 1471 1094 limen
1486 1073 1560 1094 cum
1577 1074 1647 1094 am-

895 1105 1056 1141 bulamus,
1090 1104 1202 1135 itineri
1236 1112 1347 1136 nostro
1383 1105 1549 1146 obliquum
1587 1112 1646 1137 est.

897 1147 966 1178 Alii
981 1147 1168 1188 intelligunt
1181 1149 1261 1178 limis
1275 1150 1379 1184 oculis,
1395 1148 1564 1190 paululum
1580 1155 1646 1179 tor-

897 1190 948 1221 tis.
995 1190 1063 1221 Alii
1086 1193 1176 1226 limis,
1199 1191 1381 1230 conjunctis
1397 1191 1437 1222 ad
1459 1190 1646 1221 flabellum:

898 1239 935 1264 ut
951 1232 1085 1264 Plautus
1097 1233 1190 1270 dixit,
1202 1233 1292 1264 Poen.
1309 1233 1330 1264 i.
1349 1235 1378 1264 2.
1397 1234 1448 1266 79.
1482 1235 1648 1275 Nunquam

896 1287 962 1306 cum
977 1287 1014 1307 ea
1024 1278 1126 1307 limavi
1137 1281 1239 1316 caput,
1252 1276 1286 1307 id
1297 1283 1356 1312 est,
1366 1276 1531 1316 conjunxi.
1563 1277 1650 1308 E.-

897 1320 996 1350 Limis
1010 1324 1111 1359 specto
1125 1318 1186 1359 sic]
1205 1318 1291 1349 Limi
1307 1319 1391 1350 oculi
1411 1319 1542 1361 proprie
1558 1330 1647 1350 ama-

898 1368 1014 1392 torum.
1051 1361 1261 1396 Quinctilian.
1279 1361 1332 1392 lib.
1349 1362 1393 1392 xi.
1410 1372 1479 1403 cap.
1498 1363 1527 1392 3.
1563 1365 1648 1396 Qua-

899 1406 968 1435 dam
990 1406 1143 1443 voluptate
1165 1405 1285 1444 suffusi,
1308 1410 1362 1435 aut
1386 1407 1460 1441 limi,
1484 1410 1524 1441 et,
1547 1410 1583 1435 ut
1603 1408 1651 1436 sic

898 1449 1008 1483 dicam,
1030 1448 1164 1478 Venerei.
1211 1447 1314 1478 Vetus
1332 1453 1445 1489 poeta:
1471 1449 1542 1478 Non
1558 1449 1652 1479 laudo

898 1501 951 1525 os,-
973 1501 1100 1530 namque
1116 1495 1162 1520 est
1176 1492 1365 1530 vaniloquum
1377 1495 1406 1521 et
1411 1489 1546 1530 fatuum
1578 1492 1651 1522 Non

898 1534 1018 1567 acidos,-
1049 1535 1158 1563 etenim
1180 1538 1252 1563 mn!
1275 1534 1352 1563 lusci
1375 1535 1454 1563 oculi
1477 1538 1569 1574 atque
1589 1544 1650 1573 pa·

899 1579 1026 1606 trames.
1062 1574 1235 1605 Adamant.
1252 1574 1305 1605 lib.
1323 1575 1344 1605 i.
1361 1586 1422 1616 cap
1423 1575 1506 1606 .ult.
1524 1575 1599 1606 ἔνιοι
1614 1573 1652 1606 δὲ

896 1616 938 1648 τὰ
958 1615 1043 1655 μέσα
1057 1618 1122 1648 τῶν
1142 1615 1314 1657 βλεφάρων
1335 1617 1535 1655 κωθέλκουσι,
1551 1619 1594 1649 τὰ
1614 1617 1651 1649 δὲ

898 1659 1091 1700 ἑκατερῶθεν
1113 1659 1287 1697 ἄναστῶσι,
1310 1660 1363 1691 καὶ
1385 1658 1450 1699 ἅμα
1467 1659 1648 1692 ι’λλῶπτου-

899 1713 960 1740 σιν,
984 1702 1037 1734 οὓς
1059 1702 1111 1733 καὶ
1134 1702 1248 1734 αὐτοὺς
1267 1703 1433 1743 μοιχικοὺς
1454 1702 1572 1742 λέγων,
1592 1704 1652 1735 οὐκ

900 1744 939 1776 ἃν
955 1743 1103 1786 ἁμάρτῃς.
1150 1745 1311 1787 Apuleius
1329 1746 1438 1777 Miles.
1453 1746 1487 1776 ii.
1505 1746 1546 1777 de
1562 1746 1650 1777 Pho-

902 1787 991 1818 tide:
1022 1790 1077 1818 Ad
1098 1798 1142 1818 me
1164 1799 1305 1819 conversa
1328 1790 1408 1819 limis
1429 1794 1460 1819 et
1482 1791 1648 1819 morsican-

902 1832 985 1861 tibus
1007 1832 1111 1861 oculis.
1148 1830 1238 1861 Hinc
1261 1831 1366 1861 Varro
1391 1831 1478 1872 apud
1503 1830 1651 1862 Nonium

902 1872 936 1903 in
947 1882 1025 1903 voce
1033 1873 1248 1903 swnnonns
1260 1884 1267 1902 :
1292 1874 1384 1905 Multi
1392 1875 1471 1904 enim
1480 1875 1533 1914 qui
1544 1875 1652 1905 limina

902 1917 1059 1946 intrarunt
1074 1917 1203 1956 integris
1214 1917 1318 1952 oculis,
1334 1918 1490 1947 strabones
1498 1915 1649 1956 suntsac-

903 1960 929 1988 ta·
938 1971 950 1993 ‚-
972 1959 1063 1988 habet
1079 1959 1223 1998 quiddam
1245 1958 1437 1989 ἑλκυστικὸν
1452 1961 1653 1998 provincialis

893 1999 1063 2040 sor-mesula
1093 2011 1176 2031 uxor.
1230 2000 1276 2031 Et
1303 2000 1415 2032 Venus
1444 2001 1514 2043 ipsa
1542 2002 1651 2033 straba

903 2043 1046 2084 fingitur,
1070 2043 1104 2074 in
1120 2043 1347 2074 dissertatione
1366 2043 1524 2075 Hadriani
1541 2051 1575 2075 et
1591 2045 1651 2075 Se-

903 2085 1001 2116 cundi
1029 2085 1229 2127 Philosophi,
1253 2086 1323 2117 sive
1346 2086 1508 2127 Epicteti:
1549 2089 1654 2121 Quare

908 2131 1008 2160 Venus
1029 2131 1136 2159 straba
1156 2131 1229 2160 est?
1276 2129 1338 2171 Ep.
1368 2131 1449 2163 Quia
1470 2141 1587 2169 pravus
1605 2135 1653 2162 est

904 2183 995 2202 amor.
1043 2171 1248 2203 L—-Contra
1277 2182 1407 2203 versum
1437 2178 1471 2203 et
1498 2173 1653 2214 probatos

904 2214 1003 2246 libros
1012 2214 1161 2246 nonnulli
1168 2215 1404 2255 eduntaepeew,
1413 2225 1474 2256 pro
1482 2220 1591 2254 specto.
1612 2215 1651 2247 Β.

954 2259 1005 2288 54.
1041 2259 1093 2288 Sic
1117 2269 1175 2297 per
1197 2259 1355 2297 flabellum
1384 2257 1571 2299 clanculam]
1599 2259 1653 2290 Sic

902 2300 1059 2331 δεικτικὸν
1070 2307 1128 2338 est,
1143 2307 1175 2331 et
1187 2300 1369 2332 necessario
1384 2300 1539 2332 additum.
1564 2301 1651 2332 Nam

901 2349 935 2374 et
950 2345 1030 2374 limis
1046 2352 1079 2375 et
1090 2355 1147 2383 per
1163 2345 1331 2382 flabellum,
1355 2343 1426 2375 sine
1448 2343 1651 2376 demonstra·

902 2386 991 2417 tione
1006 2396 1122 2428 pamm
1136 2386 1274 2427 intelligi
1278 2393 1339 2418 tur.
1372 2387 1413 2417 D.

954 2430 1005 2460 55.
1037 2430 1196 2460 pessulum
1226 2431 1301 2460 ostio
1330 2429 1423 2470 abdo]
1455 2428 1587 2461 Scilicet
1615 2435 1654 2462 nt

901 2478 1077 2509 amoveret,
1104 2479 1293 2512 arceretque
1321 2472 1478 2503 auxilium
1505 2471 1652 2513 virginis.

903 2515 945 2545 D.
947 2516 1150 2546 —Pessulmn
1157 2517 1233 2546 ostio
1238 2514 1330 2556 obdo]
1342 2515 1352 2545 1
1359 2515 1379 2545 d
1386 2521 1446 2551 est,
1453 2515 1587 2546 obduco.
1610 2515 1651 2548 Ε.

946 2558 997 2588 56.
1014 2557 1098 2592 Quid
1108 2563 1180 2595 tum,
1183 2556 1277 2597 fatue
1287 2557 1319 2598 .⁷]
1336 2557 1423 2593 Quid
1436 2557 1523 2589 enim
1534 2563 1654 2600 preter

901 2600 1017 2632 vitium
1025 2607 1183 2642 superest,
1190 2600 1247 2631 ubi
1260 2606 1385 2631 amator
1396 2607 1445 2631 est
1456 2600 1653 2639 adolescens,

903 2650 937 2674 et
950 2643 1043 2684 virgo
1060 2643 1224 2674 dormiens
1246 2649 1280 2674 et
1299 2643 1447 2674 inclusa?
1478 2643 1580 2674 Grate
1594 2653 1652 2675 ex-

902 2685 1022 2734 plicata
1037 2685 1181 2717 narratio
1196 2691 1254 2722 est,
1271 2695 1367 2726 quam
1381 2685 1545 2717 audientis
1565 2686 1652 2718 curi-

903 2728 1002 2759 ositas
1018 2728 1100 2766 finit,
1114 2735 1147 2759 et
1161 2730 1253 2768 quus
1268 2727 1304 2758 in
1318 2734 1463 2760 extrema
1476 2734 1570 2770 parte
1583 2738 1653 2760 ma-

899 2772 953 2811 jor
968 2771 1105 2802 attentio
1121 2777 1181 2802 est.
1218 2769 1350 2811 Fateor]
1371 2771 1430 2802 Me
1444 2770 1580 2808 fatuum,
1598 2771 1655 2812 qui

904 2814 965 2844 hoc
1001 2813 1195 2854 qnaesierim,
1232 2813 1432 2845 subauditur.
1478 2813 1655 2849 D.—Qau·‹1

906 2861 987 2887 tum.
983 2859 996 2878 ⁹
1022 2854 1131 2896 fatue]
1161 2855 1294 2887 Servius
1316 2855 1446 2888 AEneid.
1467 2855 1523 2887 lib.
1546 2856 1589 2888 iv.
1612 2857 1655 2888 ad

903 2909 987 2930 vers.
998 2899 1070 2929 166.
1085 2898 1505 2941 L—Naturarepetitionis
1620 2906 1655 2930 at

904 2951 991 2972 nunc
1003 2940 1149 2972 ordinem
1160 2953 1169 2971 z
1200 2943 1285 2976 Quid
1299 2944 1388 2974 tum?
1413 2942 1451 2974 C.
1466 2943 1551 2976 Quid
1565 2944 1652 2973 tum?

904 2986 988 3024 quid,
996 2983 1088 3025 saeue
1100 2986 1117 3014 ?
1148 2983 1186 3015 B.
