1852 3216
517 437 551 441 ⁷'
604 397 1188 500 PR‘AEFAT-IO.

130 791 246 846 CUM
274 819 414 859 nuper
441 819 466 845 a
496 803 697 844 Librario
722 803 910 857 quodam
935 802 1180 844 Oxoniensi
1206 802 1262 844 de
1288 815 1400 843 nova
1422 801 1479 843 ab
1502 815 1555 843 eo
1582 815 1676 842 sus-

128 882 257 930 cepta
276 873 598 915 Comoediarum
620 871 818 914 Terentii
838 871 1029 917 editione
1048 871 1208 913 certior
1235 870 1377 913 factus
1398 885 1554 920 essem,
1575 883 1677 912 nec-

128 957 216 984 non
255 949 402 983 oratus
441 955 583 982 essem
623 947 687 991 ut,
729 940 766 980 si
801 939 906 994 quid
944 934 1151 982 haberem
1188 938 1307 994 quod
1344 938 1389 981 in
1426 952 1538 993 opus
1570 952 1598 979 a
1628 951 1675 979 se

130 1016 382 1064 susceptum
418 1008 618 1050 novitatis
650 1002 813 1064 aliquid
843 1006 1002 1048 inferre
1037 1014 1204 1063 posset,
1237 1006 1284 1048 id
1313 1020 1462 1052 secum
1490 1019 1679 1048 commu-

129 1079 331 1127 nicarem,
354 1075 471 1118 nolui
498 1091 581 1131 ego
609 1073 721 1117 illius
750 1083 949 1131 rogatum
978 1075 1145 1116 irritum
1170 1073 1280 1117 fieri.
1334 1073 1557 1129 Cogitanti
1573 1071 1678 1114 mihi

128 1146 184 1187 de
224 1144 307 1187 hac
340 1159 402 1195 re,
440 1145 584 1186 statim
623 1145 667 1185 in
706 1150 895 1186 mentem
929 1143 1045 1185 venit
1083 1143 1138 1185 de
1179 1141 1364 1185 Scholiis
1401 1141 1677 1197 quibusdam,

128 1227 227 1268 quae
263 1227 350 1254 una
387 1227 484 1254 cum
522 1212 702 1268 picturis
739 1211 958 1253 veteribus
995 1209 1114 1266 Aug.
1148 1210 1295 1252 Maius
1328 1209 1387 1252 V.
1420 1209 1482 1252 D.
1513 1223 1679 1265 paucos

130 1288 229 1322 ante
261 1279 341 1321 hos
374 1294 509 1321 annos
541 1294 597 1321 ex
631 1279 869 1321 codicibus
901 1278 1203 1321 Ambrosianis
1235 1279 1280 1320 in
1310 1278 1452 1321 lucem
1481 1275 1675 1333 protulit.

131 1348 230 1390 Nec
260 1354 473 1402 praeterea
500 1362 567 1389 me
589 1346 697 1388 clam
724 1347 820 1397 fuit,
842 1354 1005 1402 praeter
1024 1348 1167 1388 omnia
1186 1347 1346 1402 quibus
1374 1346 1456 1388 iste
1477 1345 1679 1387 Comicus

131 1418 368 1458 instructus
398 1431 422 1458 e
447 1415 582 1472 praelo
612 1424 680 1458 est
710 1415 886 1472 prodire
918 1416 1086 1467 solitus,
1120 1415 1284 1459 scholia
1312 1415 1505 1472 antiqua,
1531 1429 1681 1458 recen·

132 1485 374 1539 tiorumque
399 1492 539 1534 notas,
562 1483 971 1534 animadversiones,
993 1483 1404 1540 castigationesque,
1425 1482 1590 1526 scholia
1608 1481 1681 1523 illa

132 1559 231 1594 ante
251 1552 367 1594 dicta
387 1552 499 1593 inter
517 1551 713 1593 subsidia
732 1553 921 1594 auctoris
942 1552 1081 1594 nostri
1101 1567 1129 1594 a
1146 1551 1267 1594 nullo
1286 1551 1454 1594 editore
1479 1551 1536 1592 ad
1564 1550 1681 1592 hunc

132 1634 270 1675 usque
291 1619 405 1661 diem
424 1635 520 1661 esse
541 1619 751 1661 adhibita.
805 1619 976 1670 Codex,
997 1620 1115 1662 unde
1135 1619 1284 1661 Maius
1303 1619 1387 1661 ista
1408 1617 1583 1660 Scholia
1606 1633 1683 1660 ex-

132 1687 308 1743 cerpsit,
329 1688 430 1728 noni
451 1687 597 1729 saeculi
617 1702 713 1729 esse
735 1687 989 1738 videbatur;
1010 1688 1216 1743 quocirca
1235 1686 1437 1729 dubitare
1458 1701 1546 1729 non
1563 1685 1685 1736 licet,

133 1755 238 1809 quin
272 1755 593 1810 antiquissimus
630 1756 685 1796 sit
721 1755 909 1797 omnium
938 1755 1015 1811 qui
1043 1755 1178 1798 verba
1212 1754 1458 1810 Calliopius
1486 1754 1685 1796 recensui-

134 1821 365 1876 unicuique
393 1820 551 1864 fabulae
580 1822 802 1879 adscripta
829 1822 1035 1865 habeant.
1096 1822 1211 1873 Haec
1241 1837 1342 1867 cum
1371 1823 1434 1867 ita
1463 1823 1565 1873 sint,
1594 1836 1681 1863 non
1704 1842 1730 1863 -:

134 1888 322 1930 diffiteor
343 1903 411 1955 αξ
430 1887 643 1943 Calliopio
665 1889 750 1944 ipsi
779 1888 955 1932 Scholia
981 1890 1067 1931 ista
1093 1890 1345 1932 attribuere.
1395 1888 1605 1932 Attamen
1625 1889 1682 1931 de

135 1956 222 1997 vita
242 1957 354 2012 ejus,
367 1955 457 2013 ffisi
477 1956 597 2011 quod
625 1956 797 1998 circiter-
818 1965 981 2001 nouum
1010 1955 1219 2001 saeouhm
1231 1956 1398 2007 floruit,
1417 1952 1464 1998 et
1483 1955 1682 1998 Terentii

136 2023 384 2066 Comoedias
415 2023 647 2074 recensuit,
681 2022 787 2064 nihil
822 2022 941 2073 aliud
973 2024 1081 2066 certi
1113 2023 1342 2069 habenas.
1406 2023 1509 2066 Nec
1537 2032 1684 2067 tamen

136 2106 221 2132 non
250 2091 449 2138 omnibus
471 2104 589 2133 curae
610 2091 857 2136 necessario
876 2089 960 2133 fuit
980 2091 1109 2143 scire,
1128 2091 1228 2148 quis
1253 2091 1337 2134 iste
1358 2091 1683 2137 Commentator

135 2165 267 2209 esset,
286 2159 410 2213 cujus
428 2158 562 2207 verba
580 2157 827 2214 Calliopins
844 2159 1041 2203 recensui
1056 2159 1115 2202 ad
1134 2159 1267 2203 finem
1281 2160 1471 2211 omnium
1483 2158 1682 2203 Terentii

137 2226 458 2268 Comoediarum
478 2226 787 2281 agnoscebant.
840 2224 1096 2276 Primanret
1115 2241 1211 2273 eam
1232 2225 1369 2271 solam
1386 2227 1483 2283 ejus
1502 2228 1683 2275 mentio·

137 2307 235 2335 nem
269 2292 370 2335 fecit
409 2292 709 2348 Eugraphius‚
743 2294 868 2349 cujus
902 2294 1037 2336 verba
1072 2301 1174 2336 sunt
1206 2294 1264 2336 ad
1293 2309 1444 2337 vocem
1462 2295 1683 2337 Plaudite

138 2359 298 2414 (Andr.
316 2376 357 2402 v.
374 2361 417 2402 6.
437 2361 523 2415 17.)
540 2364 569 2384 “
584 2360 734 2403 Verba
755 2368 857 2403 sunt
873 2360 1072 2418 calliopii
1091 2362 1188 2417 ejus
1207 2362 1467 2413 recitatoris,
1477 2363 1569 2418 qui,
1583 2378 1682 2405 cum

138 2428 325 2470 fabulam
353 2427 642 2479 terminasset,
672 2427 870 2473 elevabat
901 2427 1085 2475 aulaenim
1116 2444 1273 2481 scenae,
1304 2437 1351 2473 et
1378 2429 1681 2486 alloquebatur

138 2495 360 2550 populum,
385 2495 466 2537 Vos
486 2496 641 2547 valete,
666 2495 748 2538 Vos
758 2497 979 2553 plaudite,
995 2497 1083 2540 sive
1088 2497 1291 2552 favete.”
1322 2496 1561 2558 Scrspsisse
1580 2514 1680 2540 eum

139 2563 338 2618 quaedam
361 2563 418 2613 ad
444 2564 760 2606 emendandum
785 2564 983 2607 Terentii
1008 2572 1192 2616 textum,
1222 2566 1327 2608 satis
1357 2573 1458 2608 ante
1485 2580 1680 2622 comper-

142 2638 231 2672 tum
261 2630 364 2681 fuit3
397 2631 475 2673 sed
505 2630 650 2687 qualia
679 2646 733 2674 ea
759 2640 923 2683 essent,
964 2639 1111 2676 utrum
1141 2632 1286 2677 adhuc
1316 2634 1363 2675 in
1393 2632 1679 2677 bibliothecis

139 2697 338 2748 laterent,
369 2698 580 2742 hactenus
615 2699 911 2754 ignorabatur.
979 2699 1155 2743 Scholia
1183 2701 1361 2756 quidem
1389 2699 1681 2744 Ambrosiana

142 2764 460 2808 similitudinem
480 2766 696 2822 quandam
716 2766 881 2810 habent
897 2782 995 2810 cum
1014 2768 1109 2810 istis
1129 2768 1367 2825 anonymis,
1382 2783 1482 2824 quae
1496 2770 1681 2825 primum

139 2832 276 2874 edidit
301 2832 352 2874 P.
375 2832 421 2875 J.
443 2833 674 2886 Brunsius,
694 2834 856 2889 (Halae,
883 2836 986 2878 1811
994 2835 1024 2890 ‚)
1045 2850 1070 2877 e
1091 2835 1240 2879 codice
1259 2834 1457 2880 Halensi.
1510 2836 1680 2880 Utcun-

141 2914 226 2954 que
254 2914 324 2943 res
356 2915 401 2942 se
431 2899 605 2952 habeat,
627 2917 679 2945 ea
700 2902 790 2958 jam
818 2902 983 2947 hancce
1014 2909 1207 2950 nostram
1234 2903 1502 2960 ampliabunt
1525 2905 1679 2961 editio-
