1852 3216
125 194 267 223 semu
290 180 344 232 1.]

121 278 162 308 ³5
179 269 242 312 Et
260 283 328 311 me
347 268 543 310 irridere.

718 176 1138 219 EUNUCHUS.

598 267 719 315 Quid
739 267 817 318 ais,
837 267 1025 322 inquam,
1049 266 1178 308 homo
1197 266 1457 322 impudens?

1587 178 1667 219 177

179 334 329 389 Lepus
350 340 442 375 tute
460 347 524 382 es,
546 339 590 374 et
609 332 934 388 pulpamentum
953 333 1127 387 quaeris.
1179 331 1276 375 Gn.
1297 331 1385 381 Ha,
1407 331 1478 379 ha,
1501 331 1572 372 he.

177 398 269 439 ΤΗ.
292 397 414 445 Quid
433 399 530 439 est?
582 397 675 438 GN-
698 397 873 447 Facete,
893 397 1052 453 lepide,
1074 397 1206 448 laute,
1227 396 1334 439 nihil
1354 411 1501 452 supra.

176 461 395 511 Tuumne,
417 462 601 504 obsecro
620 470 679 512 te,
700 461 784 503 hoc
804 462 967 504 dictum
985 465 1108 504 erat?
1137 470 1260 504 vetus
1283 462 1463 504 credidi.

177 526 268 568 ΤΗ.
284 526 533 568 Audieras2
573 526 667 568 GN.
683 527 811 582 Saepe
829 544 839 577 3
868 535 912 569 et
925 527 1063 569 fertur
1072 527 1115 568 in
1128 527 1291 582 primis.

1336 525 1428 568 ΤΗ.
1444 525 1664 568 Meum'st.

118 599 161 629 40
178 591 272 633 GN.
295 590 431 633 Dolet
450 592 613 633 dictum
632 592 895 646 imprudenti
914 590 1194 641 adolescenti,
1216 598 1260 634 et
1280 590 1432 633 libero.

119 691 198 730 sus).
247 692 419 722 Abdomen
442 690 490 722 in
504 701 638 732 corpore
665 690 870 729 feminarum,

119 734 402 817 ξ’ἒὲῗὲῧιῧέἓὲῗιῗ
416 733 700 808 εἰῗὲᾬηῗὲἔέ
731 733 873 818 {⁰333

122 829 199 860 ergo
215 819 265 850 sui
288 819 474 850 meretrices
496 824 596 850 scorta
618 818 787 850 dicuntur:
821 819 874 850 vel

121 861 183 892 ἀπὸ
210 862 268 892 τοῦ
296 861 445 901 σκαίρειν,
466 861 551 902 quod
576 862 690 892 Graece
714 861 874 903 palpitare

122 904 333 944 intelligitur:
372 904 458 944 quod
487 903 552 934 illae
575 903 699 935 faciunt
726 904 874 935 saltando

121 947 270 977 assidue:
295 946 347 977 vel
369 947 478 988 potius
499 946 674 982 crissando,
691 953 728 977 ut
750 946 872 978 Lucre-

122 989 187 1020 tius
200 989 329 1030 (Dousa
344 989 516 1030 legendum
531 995 634 1030 putat,
652 990 801 1026 Lucilius,
815 999 872 1020 cu-

118 1033 173 1072 jus
189 1033 286 1063 verba
302 1039 379 1063 sunt
398 1031 452 1062 lib.
469 1031 513 1062 xi.
536 1033 689 1068 cristam,
705 1037 740 1062 ut
754 1034 783 1062 si
796 1030 872 1071 sru-

121 1079 253 1105 mentun
278 1076 408 1105 clunibu'
434 1079 556 1104 vannat.
602 1073 766 1115 Scriptum
790 1074 873 1105 forte

121 1116 236 1153 fuerat,
260 1117 297 1147 L.
313 1116 365 1147 vel
387 1116 480 1155 Luc.)
502 1116 558 1153 ait,
582 1117 623 1147 ob
639 1126 709 1147 eam
731 1127 872 1154 causam,

120 1166 158 1190 ut
168 1159 410 1190 concinniorem
421 1158 585 1190 Venerem
597 1158 773 1190 exhibeant
783 1159 873 1196 viris,

120 1208 178 1233 aut
196 1201 258 1233 sibi
278 1201 410 1242 abigant
424 1208 628 1243 conceptum,
645 1202 731 1243 quod
748 1202 784 1232 in
799 1202 871 1233 vul-

121 1255 195 1276 vam
209 1244 348 1282 feminae,
364 1244 400 1275 in
414 1244 487 1286 ipso
502 1244 591 1275 coitu
605 1255 671 1275 non
687 1255 722 1275 se
736 1255 871 1275 moven-

120 1287 172 1324 tis,
194 1287 318 1318 incidit.
358 1287 550 1327 D.—Coep··e
570 1289 613 1318 ud
632 1289 668 1318 id
682 1287 802 1328 ludere]
819 1288 874 1319 Ad

121 1329 156 1361 id
170 1337 313 1361 scortum
328 1329 451 1360 ludere.
483 1330 522 1361 Ε.

166 1374 218 1403 35.
242 1373 326 1403 Cum
347 1374 484 1403 alludere
505 1373 549 1403 sit
570 1372 762 1409 adblandiri,
779 1383 872 1403 oscu-

123 1415 193 1451 lari,
210 1425 342 1446 manum
364 1414 399 1445 in
418 1415 517 1445 scorti
532 1415 640 1446 sinum
663 1415 816 1452 inserere,
833 1415 875 1446 ad

124 1457 308 1488 evitandam
332 1457 540 1498 tautologiam
564 1467 625 1499 pro
652 1459 783 1488 irridere
809 1457 875 1498 legi

122 1499 220 1531 debet
248 1502 384 1531 irritare.
430 1500 559 1531 Deinde
589 1499 651 1540 leg.
685 1502 769 1534 Quid
795 1503 874 1540 agis,

122 1544 235 1573 homini
247 1544 570 1583 inquomimpudens?
607 1543 695 1573 Nam
706 1545 874 1583 ugiecom-

122 1586 279 1626 probatur
297 1585 514 1616 recentiorum
529 1584 621 1616 codd.
645 1585 719 1622 fide,
742 1591 777 1615 et
791 1585 875 1616 serie

123 1627 289 1664 orationis,
304 1627 381 1668 quia
394 1627 488 1658 miles
502 1627 597 1664 facta,
612 1637 678 1658 non
693 1627 792 1658 verba
803 1638 874 1658 cas-

123 1669 214 1711 tigat.
246 1670 355 1710 Atque
368 1671 480 1701 laomim·
491 1670 589 1701 habet
598 1670 668 1701 cod.
683 1669 808 1700 Bembi.
835 1670 874 1701 Β.

168 1713 220 1743 36.
243 1714 346 1752 Lepus
361 1717 426 1743 tute
440 1724 482 1750 ee,
497 1718 529 1743 et
547 1715 772 1752 pulpamentum
788 1722 873 1753 quae-

123 1754 212 1795 νίεἲ]
239 1756 340 1795 Lepas
366 1765 427 1796 pro
455 1755 590 1786 infamia
614 1755 718 1786 multa
742 1755 876 1796 ponitur

127 1797 208 1837 (Ms.
236 1797 281 1827 H.
306 1799 343 1827 ob
366 1799 471 1828 mlta.
526 1797 664 1828 Malim:
697 1798 799 1837 Lepus
817 1809 876 1837 pro

125 1839 233 1880 infami
248 1842 285 1870 ob
306 1841 402 1870 multa
420 1840 577 1912 ponihztnr)
602 1838 654 1871 vel
668 1840 755 1880 quod
771 1840 875 1880 magis

124 1892 144 1913 a
166 1882 338 1924 posteriori
359 1888 462 1923 parte,
482 1882 618 1919 h‚ocest
634 1882 815 1930 armigpul
811 1892 874 1930 ’pa-

123 1932 271 1956 mentum
285 1925 326 1955 de
349 1935 384 1955 se
405 1925 558 1965 praebeat,
579 1934 653 1955 cum
675 1924 711 1954 in
726 1924 876 1955 convivio

126 1968 271 2008 carpitur
285 1967 472 2009 appositum
497 1974 534 1998 ut
557 1966 715 1998 Horatius
731 1967 786 2004 ait,
803 1968 875 1997 Ρω-

124 2012 216 2041 enda
237 2012 347 2050 leporis
360 2013 483 2050 sapiens
496 2011 665 2040 sectabitur
679 2021 800 2040 mos.-
823 2009 876 2040 vel

124 2053 210 2094 quod
224 2059 385 2083 venantur
406 2052 509 2089 illum,
526 2059 559 2083 et
579 2059 805 2094 persecuntur
821 2062 874 2083 ca-

124 2105 193 2132 nes,
209 2106 290 2136 quos
304 2105 365 2136 pro
378 2095 575 2126 amatoribus
588 2094 810 2134 ἅλληγορικῶς
824 2095 875 2126 in-

124 2137 322 2179 telligimus:
345 2144 382 2168 ut
403 2138 473 2179 ipse
488 2138 663 2168 Terentius
678 2138 733 2174 ait,
752 2139 877 2168 Cervam

123 2179 355 2221 vidensque,
366 2183 479 2211 sectari
490 2191 599 2211 eones.-
622 2180 673 2211 vel
687 2180 773 2220 quod
783 2179 877 2211 illum

124 2232 201 2297 {1:5⁰
193 2222 320 2296 stiffi
334 2233 459 2306 οιιιιιιῖεέ
472 2223 649 2296 consltituat
663 2191 820 2306 ἶιὲαξὲιηο
835 2222 875 2295 1ίὲ

323 2272 399 2296 nata
460 2272 531 2296 orte
628 2277 662 2297 ue
792 2276 820 2296 ει
835 2277 846 2296 ι

126 2309 187 2339 lan
209 2310 361 2349 ligarunt
381 2310 522 2345 hontines,
536 2275 726 2348 coi-{piatur
741 2313 814 2339 tune

126 2352 197 2382 bido
209 2351 413 2390 &abetost
436 2351 489 2382 vel
504 2351 590 2391 quod
599 2361 619 2381 a
632 2350 776 2392 physicis
787 2350 876 2381 dica-

125 2399 181 2424 tur
192 2393 309 2425 incerti
319 2402 428 2430 sexus,
439 2404 477 2424 ac
488 2403 558 2425 esse
573 2394 670 2424 modo
685 2403 764 2431 mas,
780 2393 877 2424 modo

125 2435 255 2467 femina.
299 2437 402 2476 Lepus
432 2441 497 2467 tute
526 2447 567 2474 ee,
591 2441 623 2467 et
648 2438 877 2485 pulpamentum

127 2477 418 2519 quetidQuodin
438 2485 472 2510 te
493 2478 603 2516 habes,
625 2479 687 2510 boo
702 2478 820 2519 quaeris
841 2479 876 2509 in

127 2519 239 2551 altero.
284 2520 329 2551 Et
342 2527 393 2552 est
405 2520 522 2561 τρόπος
536 2520 724 2562 ἂλληγορίσ.
767 2522 823 2552 Ha
837 2523 878 2552 ha

127 2561 182 2602 he]
199 2562 364 2594 Parasitus
377 2563 454 2594 hie·
444 2564 703 2604 interiectionem
720 2563 804 2595 risus
819 2564 877 2595 ad-

128 2604 230 2635 didit.
248 2615 312 2645 quo
319 2605 425 2678 magis
433 2615 520 2637 nunc
526 2606 669 2648 primum
678 2607 740 2637 boc
748 2606 878 2638 audisse

127 2646 287 2678 credatur.
319 2646 508 2697 ll—Lepu
522 2653 587 2680 ute
596 2648 647 2690 es]
659 2649 725 2680 Hic
737 2657 788 2680 est
802 2659 877 2680 sen-

128 2699 204 2725 sus:
241 2699 315 2720 cum
352 2696 422 2721 tute
453 2690 526 2732 ime
560 2692 671 2732 preda
700 2691 755 2729 sis,
791 2701 875 2733 prze-

128 2732 204 2763 dam
230 2731 358 2772 queris.
409 2732 551 2768 Quidam
586 2733 784 2775 intelligunt,
814 2736 876 2765 Le-

126 2780 327 2815 pustuoees,
343 2774 429 2815 quod
450 2783 567 2806 namra
586 2775 707 2817 leporis
729 2776 878 2814 taliaest,

128 2823 166 2848 ut
187 2817 312 2848 incesto
333 2827 415 2848 sexu
438 2817 535 2848 vivat.
581 2818 706 2849 Iterum
727 2827 805 2860 ergo
825 2819 879 2851 hic

128 2860 221 2900 quasi
244 2866 349 2891 tactus
372 2859 568 2891 adolescens.
605 2860 691 2892 1³2—
814 2866 879 2893 inte

161 2907 223 2940 ‚et
238 2901 483 2943 pulpamentum]
507 2902 593 2934 Livii
615 2903 796 2935 Andronici
817 2903 878 2935 hoc

129 2944 264 2982 dictum,
275 2951 313 2976 ut
329 2945 355 2976 F
357 2945 377 2976 1.
392 2945 553 2986 Vopiscus
565 2950 678 2976 auctor
687 2951 739 2977 est
752 2946 788 2977 in
805 2946 877 2978 Nu·

130 2987 293 3019 neriano:
329 2989 394 3028 Ipsi
422 2989 550 3028 deniqne
577 2990 681 3019 comici
703 2989 877 3030 pler-nque

914 694 960 723 εἱι·
984 693 1095 723 milites
1120 693 1277 728 inducunt,
1299 696 1333 722 ut
1351 702 1400 722 eos
1414 690 1540 731 saciant
1566 697 1670 722 vetera

915 734 1000 765 dicta
1022 745 1178 774 usurpare.
1224 735 1307 765 Num
1321 739 1361 770 et,
1385 735 1488 773 Lepus
1503 739 1567 764 tute
1582 745 1622 771 ee,
1639 739 1670 764 et

912 779 1140 818 pulpamentum
1149 779 1271 818 queris,
1281 778 1366 808 Livii
1376 778 1546 807 Andronici
1553 778 1669 807 dictum

916 826 983 851 est:
1006 822 1160 861 multaque
1175 822 1249 856 alia,
1266 831 1333 860 quae
1355 820 1487 850 Plautus
1511 820 1668 850 Cae-ilius-

916 873 973 903 que
979 868 1154 902 posuerunt.
1187 862 1325 893 L.—Ne
1335 869 1488 893 accentus
1496 861 1669 893 invenuste

916 905 1044 942 cadant,
1066 915 1128 947 pro
1145 906 1373 945 pulpamentum
1388 914 1510 946 repone
1530 906 1668 944 puls-en-

917 952 990 984 tum,
1014 954 1070 978 aut
1092 949 1255 987 palpamen
1268 960 1279 983 ‚·
1302 954 1359 978 aut
1373 948 1476 987 Lepus
1500 952 1574 984 tute,
1595 949 1668 988 pul-

913 995 1098 1030 pamentum,
1114 995 1171 1021 etc.
1215 990 1378 1021 Caeterum
1394 999 1525 1021 versum
1543 999 1604 1031 per
1618 990 1670 1020 in·

917 1032 1168 1073 terrogationem
1184 1032 1302 1073 profer.
1335 1032 1373 1062 B.

961 1074 1012 1107 37.
1040 1077 1123 1108 Quid
1130 1080 1175 1105 est
1182 1074 1215 1114 ?]
1229 1075 1310 1105 Haec
1320 1074 1532 1115 interrogatio
1542 1081 1672 1116 gestum

917 1117 1106 1158 vultumque
1128 1117 1274 1148 continet
1295 1117 1463 1156 cujusdam
1491 1117 1607 1148 alacris
1638 1124 1672 1148 et

916 1160 1008 1197 certi,
1024 1160 1110 1200 quod
1124 1159 1306 1191 laudandus
1318 1159 1370 1190 sit.
1393 1159 1523 1200 Facete]
1540 1161 1673 1190 Facetias

916 1209 975 1239 est,
999 1202 1054 1243 qui
1076 1202 1154 1233 facit
1174 1203 1283 1233 verbis
1308 1202 1395 1242 quod
1416 1202 1497 1233 vult.
1535 1201 1671 1243 Lepide]

916 1247 1063 1286 Lepidus,
1084 1245 1141 1286 qui
1160 1245 1282 1286 politus
1304 1251 1363 1282 est,
1379 1252 1417 1276 ut
1437 1244 1538 1281 λεπὶς,
1557 1244 1592 1275 id
1611 1251 1672 1282 est,

916 1288 1047 1319 lamina.
1093 1287 1212 1328 Lanae]
1243 1289 1372 1324 Lautus,
1395 1287 1452 1328 qui
1473 1287 1616 1318 mundus
1638 1294 1674 1318 et

918 1330 1108 1371 splendidus
1124 1337 1182 1361 est.
1212 1331 1253 1361 D.

962 1374 1014 1403 38.
1041 1374 1138 1404 Tuum
1159 1375 1316 1403 obsec-rone
1337 1375 1391 1403 hoc
1416 1374 1531 1403 dietum
1557 1377 1624 1404 erat
1633 1371 1669 1412 2]

919 1415 965 1446 Et
979 1415 1075 1452 dicta,
1092 1423 1125 1446 et
1139 1415 1320 1456 proverbia,
1338 1421 1371 1445 et
1386 1415 1570 1456 adagiones,
1588 1415 1675 1455 quod

917 1468 986 1489 rem
1002 1464 1110 1499 agant,
1122 1458 1237 1488 facetis
1247 1457 1434 1488 hominibus
1448 1457 1672 1488 ascribuntur:

919 1507 952 1531 et
962 1501 1023 1531 hoc
1035 1500 1140 1531 laudis
1151 1510 1254 1541 genus
1264 1506 1323 1537 est,
1333 1499 1374 1530 ad
1385 1500 1529 1541 potiores
1539 1499 1673 1537 referre,

919 1543 1006 1583 quod
1016 1542 1099 1573 alter
1110 1542 1407 1591 probaturdixme.
1436 1544 1528 1573 Vetus
1536 1541 1672 1583 credidi]

919 1585 1006 1620 Quia
1034 1585 1144 1616 omnia
1174 1591 1294 1620 vetera,
1317 1594 1436 1626 magna
1462 1589 1548 1615 sunt.
1585 1585 1675 1616 D.—

919 1628 1032 1659 Placet
1054 1633 1130 1659 vett.
1154 1627 1227 1658 edd.
1250 1627 1358 1664 lectio,
1378 1628 1475 1658 Tuum
1496 1629 1616 1658 obsecro
1636 1639 1674 1658 ne

919 1673 973 1701 hoc
995 1672 1109 1701 dictum
1131 1671 1227 1701 emt?
1257 1670 1289 1700 h.
1313 1679 1341 1700 e.
1364 1679 1425 1711 per
1446 1669 1591 1708 Tmesin,
1614 1679 1675 1711 pro

921 1714 1056 1744 Tuumne
1071 1715 1199 1744 obsecro.
1224 1711 1278 1743 Sic
1294 1712 1379 1742 Eun.
1396 1712 1439 1743 iv.
1455 1713 1486 1743 4.
1504 1713 1555 1743 53.
1578 1712 1672 1743 Adel.

917 1755 965 1786 iii.
981 1757 1013 1786 4.
1033 1756 1081 1786 19.
1107 1755 1213 1786 Plaut.
1229 1755 1326 1786 Truc.
1342 1754 1377 1785 ii.
1395 1755 1425 1787 7.
1441 1756 1494 1785 42.
1527 1755 1565 1785 B.

963 1798 1015 1828 39.
1039 1797 1143 1838 Saepe]
1176 1798 1252 1828 Non
1282 1807 1325 1828 ex
1352 1797 1445 1838 ipso;
1480 1807 1556 1828 nam
1588 1803 1674 1828 esset

918 1840 1117 1871 contrarium
1147 1839 1318 1881 superiori.
1362 1840 1468 1870 Mem-
1499 1838 1562 1880 est]
1595 1839 1674 1870 Non

918 1893 1017 1913 sensu
1031 1882 1265 1918 tantummodo,
1281 1882 1339 1912 sed
1354 1881 1463 1912 verbis
1478 1891 1606 1922 quoque
1619 1881 1672 1923 ip-

919 1925 965 1956 sis
980 1931 1107 1965 agreste
1122 1931 1181 1962 est,
1194 1924 1278 1964 quod
1294 1933 1382 1954 nunc
1396 1923 1487 1960 dicit,
1498 1925 1603 1955 Mem
1616 1929 1673 1955 est.

921 1967 1055 1998 .—Et
1060 1966 1167 2008 fertur
1182 1969 1214 1997 in
1229 1965 1356 2007 primis]
1377 1966 1418 1997 V.
1438 1966 1475 1997 C.
1494 1967 1622 2005 der-tur
1639 1969 1674 1997 in

916 2012 1035 2050 primis.
1068 2010 1107 2040 L.

963 2054 1015 2083 40.
1038 2054 1131 2083 Dolet
1153 2053 1268 2083 dietum
1287 2053 1473 2092 imprudenti
1491 2053 1675 2083 adolescenti

920 2100 951 2126 et
972 2094 1084 2135 libero]
1110 2095 1213 2126 Deest
1234 2097 1318 2132 malti,
1340 2101 1378 2125 ut
1399 2094 1452 2131 sit,
1475 2096 1567 2126 Dolet
1587 2096 1673 2125 nihi.

922 2138 966 2169 Et
987 2139 1111 2175 dietum,
1132 2137 1342 2185 participium
1366 2142 1425 2173 est,
1447 2136 1483 2167 id
1504 2142 1564 2173 est,
1586 2137 1675 2177 qnod

919 2180 1041 2211 dixisti.
1076 2179 1215 2211 Addidit
1228 2180 1316 2210 enim
1331 2178 1504 2227 parasitus,
1519 2189 1584 2221 quo
1597 2188 1672 2227 gra—

919 2223 992 2254 vius
1009 2222 1052 2253 sit
1069 2222 1202 2259 dictum,
1217 2220 1532 2253 commiserationem
1550 2222 1620 2261 eju·
1637 2221 1674 2252 in

919 2275 1015 2306 quem
1044 2264 1168 2296 dictum
1198 2270 1257 2301 est,
1287 2270 1402 2305 utpote
1430 2263 1674 2312 imprudentem

835 2308 874 2338 li-
919 2307 1156 2339 adolescentem
1175 2313 1210 2338 et
1225 2307 1374 2338 liberum.
1412 2305 1482 2337 scit
1502 2305 1591 2337 enim
1612 2306 1671 2337 1ιο-

920 2351 1026 2382 mines
1039 2350 1166 2387 stultos,
1178 2347 1281 2381 malos
1295 2348 1400 2380 videri
1414 2348 1508 2379 velle.
1538 2348 1584 2379 Et
1597 2347 1673 2380 vide

919 2393 1097 2435 parasitum
1107 2393 1142 2424 in
1154 2393 1269 2424 iisdem
1280 2391 1413 2428 versari,
1422 2401 1497 2422 cum
1508 2390 1672 2433 aitsupra,

919 2438 1100 2477 Iugularas,
1115 2435 1179 2472 hic,
1195 2437 1287 2466 Dolet
1301 2437 1425 2466 dietum.
1463 2401 1672 2476 Iri-prudenti]

921 2478 1055 2510 Scilicet
1069 2478 1124 2519 qui
1139 2477 1275 2528 minime
1289 2477 1446 2514 crederet,
1462 2476 1520 2508 tali
1540 2486 1576 2507 se
1594 2486 1672 2518 pers

920 2521 987 2552 cuti
1110 2519 1276 2552 convicioz
1300 2526 1358 2551 aut
1371 2527 1446 2550 eum
1458 2518 1515 2550 tali
1527 2518 1599 2550 viro
1608 2517 1673 2551 sibi

920 2573 990 2595 rem
1011 2563 1164 2595 futuram.
1204 2563 1248 2594 Et
1269 2562 1315 2594 sic
1336 2561 1449 2593 laudat
1469 2561 1618 2599 militem,
1634 2566 1674 2593 ut

920 2606 1130 2637 miseratione
1155 2607 1224 2646 jam
1252 2605 1371 2646 dignus
1400 2604 1444 2635 sit
1472 2584 1671 2636 adolescens

920 2649 1002 2680 Tam
1019 2648 1134 2680 festive
1149 2649 1170 2670 ὓ
1186 2654 1224 2679 ιιι
1238 2647 1337 2678 etiam
1357 2646 1504 2678 misereri
1520 2646 1671 2678 inimico-

920 2702 994 2723 rum
1005 2698 1096 2722 vacet
1108 2690 1208 2730 (Edd.
1220 2695 1298 2721 vett.
1311 2690 1392 2721 Em-
1402 2700 1458 2721 πα·
1466 2700 1524 2720 non
1533 2688 1671 2730 insum

923 2735 1030 2765 Locus
1043 2739 1216 2774 corruptus
1230 2732 1314 2763 forte
1327 2732 1376 2763 ita
1393 2731 1524 2764 reetimi
1541 2737 1670 2774 potestz

922 2785 1068 2808 manao.
1111 2777 1186 2806 Tan:
1200 2786 1259 2806 non
1272 2777 1406 2812 iucem
1420 2779 1456 2806 at
1468 2776 1562 2806 etin·
1579 2776 1671 2806 nise-

921 2822 986 2851 ren'
1001 2821 1188 2850 inimicorum
1203 2823 1297 2849 vacet.
1321 2817 1410 2853 Quin
1421 2816 1509 2848 enim
1523 2816 1563 2848 τὸ
1577 2819 1673 2848 libero

921 2872 987 2893 non
1003 2861 1112 2892 minus
1127 2870 1223 2902 quam
1237 2861 1423 2901 inpudenti
1432 2859 1673 2901 interpretatus

921 2905 974 2942 sit,
990 2903 1124 2935 dubium
1140 2913 1206 2934 non
1221 2908 1281 2935 est.
1317 2902 1403 2934 Tum

921 2946 1076 2978 Gnatho
1066 2955 1230 2977 incessere
1245 2945 1411 2978 Rhodium
1430 2944 1524 2977 illum
1543 2944 1671 2977 adoles·

921 2989 1098 3025 centulum,
1107 2988 1253 3020 vocando
1265 2987 1421 3025 liberunt,
1410 2997 1433 3019 ι.
1442 2998 1473 3020 e.
1481 2996 1670 3030 procacem:

1099 3041 1156 3062 Aa

1168 3166 1199 3192 Μ
