1852 3216
71 127 210 156 semu
233 112 320 167 nn]

677 109 1010 154 ADELPHI.

1513 109 1596 151 447

128 204 227 259 Ego
248 204 398 246 sentio.
448 202 534 245 M1.
557 202 659 245 Ah!
690 203 922 259 pergisne'?
974 202 1064 244 De.
1087 202 1272 258 Jamjam
1291 200 1459 244 desino.

86 272 90 275 ’
129 269 213 311 M1.
236 269 257 310 I
278 283 382 325 ergo
402 268 536 310 intro:
568 276 612 311 et
629 269 699 311 cui
715 268 777 311 rei
798 282 907 324 opus
929 277 1012 319 est,
1041 269 1080 310 ei
1107 267 1285 310 hilarem
1313 266 1429 309 hunc
1459 280 1598 309 suma-

213 350 307 376 mus
328 335 455 376 diem.

304 485 559 571 ACTUS
620 522 925 576 QUINTI·
968 522 1222 570 SCENA
1275 521 1369 569 1v.

744 649 924 680 DEMEA.

127 732 366 777 NUNQUAM
388 733 447 774 ita
468 734 691 788 quisquam
713 733 822 774 bene
845 732 1058 774 subducta
1077 731 1240 773 ratione
1262 731 1318 773 ad
1339 730 1467 772 vitam
1486 729 1581 781 fuit,

128 798 247 847 Quin
268 813 351 849 res,
374 805 494 848 aetas,
515 813 618 839 usus
641 812 810 852 semper
829 796 989 852 aliquid
1010 804 1212 852 apportet
1231 797 1354 847 novi3

127 863 307 919 Aliquid
327 870 512 914 moneat,
535 870 582 905 ut
601 862 687 913 illa,
709 878 806 918 quae
826 869 869 904 te
888 862 997 904 scire
1019 862 1187 912 credas,
1210 862 1375 904 nescias
1392 879 1402 912 3

70 985 181 1006 rursus
203 977 270 1016 Ego
291 977 386 1006 sentio
407 984 514 1005 amare
530 984 705 1015 severeque
720 972 813 1004 dixit.

72 1019 115 1049 Et
137 1020 228 1055 ridet,
251 1018 306 1058 qui
329 1017 520 1067 simpliciter
546 1017 651 1048 ridet:
685 1018 813 1053 deridet,

70 1064 122 1102 qui
138 1072 210 1092 cum
227 1060 382 1092 alterius
374 1060 523 1092 irrisione
539 1067 572 1091 et
586 1066 751 1091 contemtu
770 1059 813 1090 ri-

70 1104 134 1135 det.
165 1106 361 1139 Fortunatus.
378 1106 430 1144 qui
445 1106 519 1134 istoc
533 1105 632 1135 animo
644 1102 720 1144 sles]
739 1103 815 1134 Non

69 1147 232 1179 laudantis
254 1154 302 1178 est
325 1147 409 1187 quod
437 1146 491 1184 ait,
513 1145 694 1187 fortunatus
710 1158 719 1176 ε
757 1146 814 1177 sed

70 1190 234 1222 moraliter
269 1190 546 1232 reprehendentis,
579 1196 616 1221 ut
651 1190 679 1221 si
716 1189 813 1226 dicas,

70 1244 170 1275 quum
192 1241 223 1265 te
246 1233 367 1274 aliquid
382 1244 459 1265 cura
474 1233 652 1270 offenderit,
670 1233 813 1263 fortuna-

70 1284 120 1308 tos
142 1277 257 1308 stultos
280 1276 389 1318 (adde,
415 1279 549 1307 imitaris
573 1276 639 1316 Z.),
655 1275 711 1316 qui
733 1275 815 1306 nihil

70 1320 225 1352 sentiunt.
264 1321 310 1351 At
325 1319 387 1361 (ΛΤ
406 1318 492 1358 noo)
508 1319 568 1350 hoc
584 1329 710 1360 quoque
731 1318 816 1349 dixit

71 1364 105 1394 in
123 1363 290 1400 Eunucho,
306 1365 350 1394 At
365 1374 418 1403 ego
433 1362 540 1403 infelix
554 1374 647 1403 neque
667 1363 816 1393 ridiculus

71 1418 143 1444 esse,
160 1417 253 1447 neque
271 1408 382 1447 plagas
399 1408 469 1446 pati
487 1417 614 1445 possum.
644 1405 814 1436 D.—Ver-

72 1460 127 1481 sns
142 1450 257 1491 probat
276 1448 422 1480 Bembini
439 1451 505 1486 isto,
521 1459 580 1490 pro
596 1450 679 1480 istoc.
713 1448 750 1479 B.

116 1493 166 1526 67.
184 1492 318 1533 Jamjam
333 1491 452 1532 desino]
472 1492 515 1523 Et
529 1492 582 1522 hic
597 1492 686 1523 velut
701 1501 812 1522 neces-

73 1535 201 1567 sitatem
209 1534 481 1576 queriturimponi
490 1535 551 1566 sibi
558 1533 762 1576 (silendi.Z.).
772 1534 812 1565 D.

115 1580 166 1610 68.
190 1580 234 1609 Et
255 1581 304 1609 cui
326 1580 372 1609 rei
393 1589 464 1618 opus
479 1577 542 1619 est]
559 1578 620 1608 Cui
636 1578 682 1608 rei
699 1577 813 1614 credis,

71 1621 135 1653 nisi
151 1621 273 1664 nuptiis
286 1623 298 1652 ‘l
329 1622 388 1652 hoc
407 1627 465 1657 est,
481 1621 557 1652 ludo
572 1627 667 1662 atque
684 1620 813 1658 laetitiae,

71 1671 147 1696 voto
169 1672 202 1696 et
222 1665 340 1706 gaudio
361 1664 508 1706 nuptiali.
553 1665 645 1695 Hunc
666 1675 816 1695 sumamus

71 1707 166 1749 diem]
185 1709 260 1739 Non
277 1708 481 1749 accipiamus,
502 1708 559 1739 sed
578 1707 813 1749 impendamus,

72 1758 106 1783 et
116 1761 351 1782 consumamus.
376 1751 472 1782 Unde
487 1758 520 1782 et
534 1756 663 1782 sumtum
678 1751 815 1782 dicimus

71 1794 252 1836 pecuniam,
269 1805 340 1835 quae
355 1794 547 1824 insumenda
560 1800 618 1825 est.
651 1794 812 1825 D.-Me-

70 1838 132 1869 lior
147 1837 243 1869 lectio
259 1844 307 1868 est
321 1837 355 1868 in
372 1837 475 1867 Vatic.
494 1836 622 1868 Basilio.
637 1843 670 1867 et
683 1836 813 1868 Bembi-

71 1891 123 1919 no,
149 1882 168 1911 I
187 1892 257 1922 ergo
279 1883 367 1917 intro,
384 1885 414 1911 et
434 1882 483 1912 cui
503 1882 548 1911 rei
563 1885 618 1917 est,
634 1882 662 1911 ei
677 1882 723 1911 rei
737 1881 815 1910 hunc

64 1936 220 1965 *sumamus
235 1926 322 1955 diem.
348 1923 432 1954 Nam
447 1923 494 1954 ita
509 1923 646 1954 efficitur
661 1923 815 1954 senarius

70 1974 107 1999 ut
122 1967 239 1999 caeteri.
282 1967 320 1998 In
339 1967 443 1998 verbis
459 1969 509 1997 eui
523 1969 569 1997 rei
584 1971 640 2003 est,
657 1966 813 1997 subintel-

71 2011 135 2052 lige
150 2013 236 2042 dies.-
259 2017 296 2041 ut
311 2010 362 2048 sit,
378 2009 431 2041 cui
453 2010 500 2041 rei
524 2010 593 2041 dies
616 2009 667 2040 hic
690 2009 815 2040 dicatus

71 2061 129 2086 est.
163 2054 299 2085 Binan.

117 2099 144 2128 1.
162 2099 325 2138 Nunquam
341 2099 386 2128 ita
402 2098 557 2137 quisquam
582 2098 653 2127 bene
668 2097 815 2126 subducta

70 2140 205 2182 ratione]
222 2141 260 2171 In
274 2140 333 2171 hac
346 2150 443 2171 scena
455 2138 639 2180 exemplum
653 2139 817 2170 inducitur

72 2183 248 2220 hominum,
274 2183 329 2224 qui
354 2183 505 2214 virtutem
530 2182 625 2213 taedio
651 2182 814 2219 deserunt,

72 2227 113 2258 ob
125 2234 323 2258 contemtum
337 2228 405 2266 ejus
422 2226 507 2268 apud
517 2236 638 2263 omnes,
655 2225 814 2257 seculum-

72 2280 134 2311 que
162 2270 310 2301 vitiosius
342 2269 467 2311 (Forte,
496 2271 617 2300 obtentu
639 2269 714 2310 ejus,
739 2270 818 2309 quod

72 2316 156 2353 apud
169 2324 266 2344 omnes
280 2324 412 2344 severum
427 2324 490 2344 esse
503 2315 640 2343 vitiosum
655 2312 732 2351 sit).
773 2311 817 2342 Et

72 2356 153 2387 adeo
177 2356 264 2387 favet
289 2356 462 2387 Terentius
488 2355 750 2386 clementioribus
778 2365 814 2385 ac

72 2399 251 2430 mitissimis
273 2399 427 2440 patribus,
451 2406 487 2429 ut
508 2399 594 2430 hunc
617 2409 742 2439 quoque
758 2398 814 2429 ad-

72 2441 169 2473 ducat
183 2442 224 2473 ad
238 2442 432 2473 sententiam
450 2442 613 2479 Micionis,
626 2452 691 2473 non
708 2448 816 2472 tamen

74 2485 134 2516 hoc
163 2484 367 2522 sentientem,
390 2485 475 2526 quod
497 2485 543 2516 ita
567 2485 637 2516 fieri
660 2491 815 2526 oporteat,

74 2528 130 2559 sed
146 2527 231 2568 quod
245 2527 292 2559 ita
306 2538 358 2559 res
372 2535 474 2569 cogat.
521 2528 601 2559 Vult
616 2528 702 2559 enim
718 2535 813 2559 natu-

73 2570 173 2602 ralem
196 2570 302 2601 inesse
317 2571 402 2602 veris
423 2570 568 2612 patribus
583 2571 791 2602 acrimoniam
805 2582 812 2601 ε

74 2613 131 2645 sed
152 2623 222 2644 eam
240 2623 368 2654 semper
385 2613 576 2645 invidiosam
598 2624 668 2646 esse
690 2613 814 2645 adoles-

73 2657 231 2687 centibus.
275 2657 359 2687 Bene
388 2658 535 2688 subducta
563 2656 697 2697 ratione]
727 2658 817 2688 Bene

73 2699 238 2741 disposita,
263 2699 344 2730 bene
365 2706 567 2740 computata:
592 2702 709 2737 ducere,
729 2699 815 2731 enim

74 2750 124 2774 est
145 2742 256 2784 digitis
277 2749 484 2783 computare:
509 2742 566 2773 sed
587 2744 694 2779 ducere
710 2741 815 2783 (sedu-

73 2797 139 2817 cere
164 2786 243 2817 Mss.
270 2785 313 2816 H.
332 2792 365 2816 et
389 2785 425 2815 B.
466 2785 571 2822 Forte,
587 2784 752 2826 adducere)
768 2791 818 2816 est

73 2829 160 2878 apud
174 2829 272 2860 alium
289 2835 321 2859 et
343 2828 467 2870 palam:
491 2829 664 2866 subducere,
682 2828 767 2870 apud
782 2838 817 2860 se

74 2871 180 2921 ipsum
208 2878 240 2903 et
266 2878 407 2903 secreto:
440 2881 504 2912 quo
531 2870 633 2912 magis
659 2871 694 2902 in
722 2871 818 2902 verbo

75 2914 138 2946 isto
155 2915 286 2955 majoris
301 2914 490 2946 attentionis
505 2920 538 2946 et
552 2914 729 2966 diligentia!
751 2914 816 2955 sig-

75 2967 153 2990 num
169 2965 227 2990 est.
263 2959 304 2990 D.
306 2959 514 2999 —Nunquam
529 2959 576 2989 ita
586 2960 743 2999 quisquam
757 2962 819 2988 tam

860 974 931 1004 bene
942 974 1090 1003 subducta
1100 974 1218 1003 ratione
1231 974 1273 1003 ad
1282 970 1463 1012 vitamsuit]
1479 972 1604 1003 Demea

857 1026 931 1047 cum
947 1015 1228 1046 animadvertisset
1243 1025 1348 1046 mores
1364 1025 1439 1046 suos
1454 1015 1603 1047 castitate

858 1058 966 1096 duros,
995 1058 1182 1099 integritate
1219 1058 1438 1089 intolerandos
1474 1058 1604 1089 laudem

859 1112 924 1132 non
947 1101 1073 1139 mereri,
1096 1101 1362 1132 consuetudinem
1385 1108 1507 1137 mutat;
1542 1102 1602 1132 hoc

858 1145 971 1176 doctus
994 1145 1034 1176 de
1057 1155 1091 1175 se
1114 1145 1218 1176 facere
1244 1152 1424 1186 propterea,
1450 1145 1603 1185 quoniam

856 1188 926 1219 haec
941 1188 1027 1229 apud
1049 1188 1196 1219 homines
1218 1188 1416 1219 consuetudo
1437 1194 1495 1219 est.
1541 1188 1603 1219 Est

858 1242 934 1272 ergo
949 1231 1024 1262 huic
1040 1242 1146 1262 scenae
1160 1231 1306 1272 qualitas,
1323 1232 1378 1262 An
1391 1232 1479 1272 juste
1495 1231 1602 1269 faciat,

858 1274 942 1315 quod
959 1280 1062 1305 mutet
1076 1274 1340 1305 consuetudinem
1353 1275 1366 1305 2
1406 1274 1528 1306 Sumtis
1543 1285 1601 1306 au-

859 1325 924 1348 tem
944 1317 1230 1348 consuetudinibus
1246 1317 1381 1348 rationis
1397 1318 1600 1358 (consuetudi-

858 1363 905 1391 nis
921 1362 1004 1391 illius
1019 1362 1187 1391 rationibus
1203 1360 1269 1399 Z.)‚
1287 1360 1372 1401 quod
1387 1370 1482 1391 nemo
1495 1360 1601 1392 homi-

859 1414 937 1435 num
951 1403 995 1434 ita
1005 1404 1161 1434 subducta
1176 1403 1301 1434 ratione
1315 1410 1347 1434 et
1362 1403 1495 1434 collecta
1509 1403 1603 1442 vixit,

859 1454 896 1477 ut
918 1457 982 1478 non
1005 1446 1126 1487 aliquid
1148 1453 1203 1478 aut
1225 1457 1284 1477 sua
1298 1457 1334 1477 re
1349 1453 1405 1477 aut
1419 1452 1514 1477 aetate
1529 1457 1600 1478 mu-

858 1497 998 1527 neretur,
1014 1489 1091 1521 licet
1105 1500 1191 1521 nunc
1207 1489 1267 1520 sibi
1283 1489 1438 1520 utendum
1454 1489 1602 1530 (mutave-

857 1535 910 1570 rit,
934 1535 1050 1573 colligit
1071 1535 1174 1564 eadem
1191 1544 1270 1563 nunc
1290 1535 1350 1564 sibi
1371 1544 1433 1564 esse
1449 1534 1602 1564 utendum.

859 1576 924 1615 Z.).
964 1575 1128 1616 Siquidem
1145 1576 1179 1607 in
1195 1583 1370 1612 senectute,
1382 1577 1450 1616 jam
1466 1576 1602 1607 decurso

858 1619 972 1661 spatio,
985 1619 1120 1650 dimittit
1136 1619 1233 1650 vitam
1255 1618 1451 1668 praeteritam
1469 1625 1601 1660 propte-

859 1673 922 1700 rea,
940 1662 1015 1704 quia
1030 1662 1110 1693 nihil
1126 1661 1241 1693 melius
1257 1661 1429 1693 clementia
1444 1669 1477 1693 et
1498 1662 1600 1693 facili-

860 1712 924 1736 tate
954 1716 1024 1737 esse
1050 1705 1209 1747 cognovit.
1243 1705 1384 1755 Quippe
1408 1715 1482 1736 cum
1503 1705 1603 1737 frater

860 1749 961 1780 Micio
982 1749 1101 1780 vixerit
1121 1749 1220 1780 vitam
1243 1748 1276 1779 in
1292 1748 1459 1785 conviviis,
1475 1748 1516 1779 ab
1531 1759 1601 1779 om-

858 1792 953 1823 nibus
964 1792 1149 1823 laudaretur
1163 1793 1330 1829 (laudetur,
1345 1796 1375 1822 et
1393 1791 1428 1822 Z.
1433 1791 1603 1829 >omnium

857 1835 974 1866 famam
994 1837 1114 1875 justam
1140 1836 1404 1875 honestatemque
1429 1840 1601 1865 mereatur.

858 1879 980 1909 Contra
1001 1878 1053 1909 hic
1075 1889 1180 1915 saevus,
1195 1880 1302 1915 tristis,
1319 1879 1457 1918 agrestis,
1477 1888 1602 1917 pareus,

858 1923 1053 1959 truculentus,
1069 1927 1101 1952 et
1117 1926 1207 1952 tenax
1222 1931 1292 1952 esse
1307 1920 1441 1957 dicatur,
1454 1919 1598 1952 laborem

858 1964 1045 2005 susceperit,
1069 1971 1106 1995 ut
1127 1974 1260 1995 uxorem
1278 1963 1420 2000 duceret,
1442 1963 1603 1994 dotaverit

858 2007 985 2044 liberos,
1006 2007 1199 2038 laboraverit
1220 2006 1370 2048 primum,
1388 2013 1425 2037 ut
1445 2006 1601 2047 patrimo-

859 2050 949 2082 nium
966 2057 1132 2091 quaereret,
1144 2050 1243 2090 (adde
1257 2055 1287 2080 et
1302 2049 1365 2087 Z.),
1376 2055 1504 2080 aetatem
1515 2055 1601 2081 tere-

858 2101 917 2125 ret.
963 2093 1112 2124 Efficitur
1126 2093 1216 2134 quasi
1238 2092 1359 2134 duplex
1380 2092 1446 2124 vita
1465 2099 1498 2124 et
1512 2103 1601 2124 com-

858 2136 993 2179 paratio,
1017 2137 1063 2167 ita
1082 2143 1119 2168 ut
1140 2136 1289 2167 laudetur
1305 2146 1378 2173 una,
1401 2135 1604 2177 vituperetur

860 2180 981 2216 altera3
1013 2186 1046 2210 et
1067 2180 1127 2210 hoc
1150 2190 1215 2210 non
1238 2185 1361 2210 tantum
1385 2189 1427 2210 ex
1448 2179 1539 2210 vobis
1560 2189 1604 2210 ex

859 2223 969 2272 (urbis,
992 2228 1023 2254 et
1046 2221 1100 2263 Z.)
1122 2221 1246 2263 Judicio
1275 2221 1396 2264 populi.
1442 2222 1504 2253 Est
1525 2232 1602 2263 ergo

859 2266 951 2308 quasi
977 2276 1036 2308 per
1066 2265 1172 2298 thesin
1202 2265 1265 2297 ista
1291 2264 1478 2314 propositio,
1507 2264 1604 2301 Quod

860 2309 944 2341 mala
959 2310 1061 2340 altera
1075 2309 1126 2340 sit.
1172 2309 1291 2340 Utrum
1307 2318 1348 2339 ex
1359 2307 1482 2357 judicio
1498 2317 1602 2350 popu-

859 2353 918 2384 lari
934 2352 1018 2384 mala
1034 2352 1078 2384 sit
1099 2352 1163 2390 illa,
1180 2362 1251 2393 quae
1272 2351 1450 2400 ignoscitur
1465 2357 1498 2382 et
1519 2351 1602 2383 tabi-

859 2403 921 2428 tur.
967 2396 1013 2426 Ut
1029 2395 1221 2436 (probatur,
1244 2406 1284 2426 an
1302 2394 1356 2435 Ζ.)
1372 2393 1488 2425 merito
1502 2394 1555 2426 hic
1570 2400 1604 2426 et

854 2441 942 2480 juste
953 2439 1218 2470 consuetudinem
1232 2438 1307 2469 vitae
1317 2437 1455 2469 voluerit
1466 2445 1603 2470 mutare.

861 2483 1010 2514 E.--Pro
1025 2481 1095 2522 suit
1115 2482 1203 2523 leges
1225 2481 1344 2523 linguae
1367 2487 1504 2522 poscunt
1515 2479 1603 2522 suat,

857 2526 888 2557 h.
913 2537 940 2557 e.
964 2537 1026 2556 esse
1044 2527 1151 2566 possit.
1196 2525 1281 2555 Nam
1301 2523 1328 2555 si
1335 2523 1403 2565 suit
1417 2524 1457 2555 ab
1472 2529 1603 2556 auctore

859 2575 955 2606 esset,
964 2569 1005 2600 ob
1014 2575 1195 2610 temporum
1207 2567 1467 2599 consecutionem
1473 2566 1602 2610 poeuis-

860 2619 910 2644 set
925 2622 1010 2649 mox,
1027 2616 1212 2652 apporuwet,
1228 2616 1367 2642 moneret.
1399 2610 1437 2641 B.

904 2657 933 2686 2.
954 2657 1033 2689 Quin
1049 2653 1114 2695 res]
1134 2656 1223 2691 Quin,
1241 2653 1336 2685 modo
1351 2664 1406 2684 cur
1421 2664 1479 2685 non
1500 2652 1603 2695 signi-

859 2698 944 2730 ficat.
993 2700 1073 2732 Quin
1095 2709 1153 2735 res,
1169 2703 1254 2734 oetas,
1270 2696 1359 2738 usus]
1383 2696 1461 2728 Tria
1481 2696 1602 2738 posuit,

860 2751 901 2773 ex
930 2741 1046 2782 quibus
1071 2751 1119 2771 res
1142 2750 1202 2782 pro
1228 2739 1428 2781 experientia
1450 2739 1600 2781 ponitur:

860 2791 893 2816 et
905 2784 965 2815 hac
981 2783 1060 2814 dicit
1074 2793 1109 2815 se
1125 2793 1196 2815 esse
1211 2789 1379 2815 mutatum.
1425 2782 1509 2814 Nam
1525 2793 1603 2815 mox

860 2827 954 2864 dicet,
977 2828 1023 2857 Re
1045 2829 1112 2867 ipsa
1138 2828 1248 2867 reperi,
1261 2825 1419 2867 facilitate
1439 2827 1519 2857 nihil
1537 2837 1601 2858 ene

848 2872 972 2910 ¹homini
985 2871 1100 2908 melius,
1115 2880 1209 2911 neque
1223 2871 1390 2901 clementia.
1422 2869 1463 2901 D.

905 2914 934 2944 3.
960 2915 1091 2954 Aliquid
1115 2912 1247 2954 moneat]
1275 2911 1438 2954 Σύλληψις
1467 2919 1517 2945 est
1542 2923 1602 2955 per
1634 2922 1638 2925 ’

862 2966 977 2988 casus:
1001 2956 1192 2988 subauditur
1207 2956 1294 2988 enim
1308 2966 1403 2998 quem.
1435 2956 1477 2988 D.
