1852 3216
135 188 276 217 scama
297 175 412 230 vnn]

686 170 1102 218 EUNUCHUS.

1570 177 1648 218 5251

187 264 273 307 Pu.
294 263 538 308 Dictum’st.
590 263 683 307 GN.
704 264 809 307 Non
835 279 1048 321 cognosco
1067 271 1257 307 vostrum
1287 271 1374 307 tam
1402 266 1647 321 superbum.

272 329 357 372 ΡΗ.
380 330 452 372 Sic
471 331 567 373 erit.

188 394 284 437 Gn.
305 394 431 437 Prius
451 396 597 438 audite
616 396 789 451 paucis:
821 396 938 452 quod
958 411 1090 452 quum
1110 396 1276 447 dixero,
1296 396 1331 437 si
1351 394 1575 452 placuerit,

186 458 395 503 Facitote.
446 460 531 503 Pu.
555 460 808 504 Audiamus.

271 526 458 569 Thraso.

859 462 953 504 GN.
975 461 1049 504 Tu
1068 462 1255 504 concede
1280 461 1497 518 paululum
1524 463 1650 512 istuc,

187 589 405 648 Principio
423 607 506 648 ego
524 607 599 635 vos
618 594 794 636 credere
814 594 961 636 ambos
978 593 1062 636 hoc
1081 593 1183 635 mihi
1203 593 1478 636 vehementer
1498 593 1635 644 velim,

129 664 171 695 40
187 656 265 699 Me
279 657 409 713 hujus
429 659 632 714 quicquid
652 659 776 709 facio,
798 659 842 700 id
862 658 1002 700 facere
1021 672 1216 699 maxume
1237 672 1366 699 causa
1387 672 1494 699 mea.

186 722 352 765 Verum
372 723 407 765 si
426 724 539 765 idem
556 725 676 766 vobis
695 725 888 780 prodest,
909 738 984 765 vos
1004 738 1089 764 non
1109 722 1250 765 facere
1271 722 1504 765 inscitia’st.

186 787 272 830 Pu.
293 788 412 837 Quid
428 790 524 831 est?
566 788 659 832 GN.
682 789 865 832 Militem
884 803 966 844 ego
982 787 1154 830 rivalem
1170 789 1460 844 recipiendum
1479 803 1647 831 censeo.

270 853 354 896 Pu.
375 854 505 905 Hem,

127 946 273 985 quendam
292 944 416 986 posuit:
447 951 485 976 ut
505 943 557 981 sit,
579 946 725 985 quendam
746 955 861 985 quaere·

128 990 205 1025 bam,
220 988 254 1018 id
271 994 329 1024 est,
345 987 501 1028 aliquem;
524 993 580 1018 aut
600 989 705 1024 alium,
721 987 780 1018 hoc
803 994 862 1024 est,

126 1040 192 1062 non
207 1041 301 1071 quem
317 1037 352 1061 tu
373 1037 484 1072 putas:
508 1030 569 1060 hoc
591 1036 648 1067 est,
672 1030 780 1068 alium,
797 1040 863 1061 non

126 1073 292 1104 Thaidem.
342 1073 406 1104 Sed
430 1073 458 1104 si
483 1075 575 1104 aliam
601 1073 734 1110 diceret,
759 1083 862 1114 neque

125 1116 300 1153 commode,
316 1126 420 1157 neque
441 1116 587 1156 ἐμφῶνως
599 1116 696 1157 (forte
712 1116 863 1157 εὐφώνως,

125 1166 182 1191 aut
190 1159 308 1199 εὔφυῦς
321 1158 375 1201 Ζ.)
387 1159 588 1200 loqueretur3
611 1159 765 1200 praevalet
777 1159 864 1190 enim

124 1202 337 1233 masculinum
363 1212 475 1243 genus.
527 1201 658 1243 Per-isti]
690 1203 778 1234 Ordo
805 1209 863 1240 est,

123 1251 292 1287 postquam
307 1245 341 1276 in
356 1245 462 1287 platea
481 1245 541 1277 hac
563 1252 595 1276 te
617 1245 788 1283 offendero,
805 1256 864 1287 pe-

122 1288 205 1320 risti.
241 1288 320 1330 Eia]
342 1289 508 1320 Interdum
523 1289 681 1320 hortantis
696 1295 762 1324 est;
786 1299 863 1330 ergo

124 1341 210 1363 nunc
225 1334 283 1370 eia,
299 1332 530 1363 correctionem
546 1331 715 1372 significat.
748 1332 789 1363 D.

168 1375 219 1406 36.
243 1376 312 1406 Non
443 1387 460 1405 ο
473 1380 600 1406 vestr-um
614 1381 674 1406 tam
685 1374 860 1415 superbum]

125 1417 261 1449 Locutio
290 1418 488 1449 annotanda:
528 1418 609 1449 mire
645 1417 797 1456 laudavit,
826 1425 863 1449 ut

124 1461 318 1502 persuadere
343 1460 508 1502 potuisset.
560 1462 697 1492 Vestrum
722 1467 785 1492 tam
810 1473 861 1492 su-

120 1503 263 1544 perbum]
281 1505 367 1541 Non,
378 1510 506 1535 vestrum
520 1506 687 1544 superbum.
726 1506 863 1535 Vestrum

123 1546 298 1588 superbum]
317 1547 489 1578 Absolute:
513 1553 558 1584 ut,
576 1549 642 1584 Pol,
663 1549 756 1584 Crito,
779 1550 861 1578 anti-

123 1602 213 1631 quum
224 1592 348 1622 obtines.
371 1590 459 1631 Ergo
471 1590 696 1622 subaudiamus
709 1590 759 1621 vel
775 1593 860 1631 inge-

122 1635 214 1672 nium,
231 1633 281 1664 vel
299 1635 440 1671 animum,
455 1633 507 1664 vel
527 1645 645 1671 morem,
661 1633 711 1665 vel
733 1636 857 1665 institu-

123 1681 195 1707 tam.
242 1677 398 1708 D.—N‹m
432 1688 572 1717 cognosco
606 1675 752 1717 vestrum]
785 1677 858 1708 Hoc

123 1719 208 1760 quod
218 1719 422 1761 respondisti,
435 1726 484 1750 est
494 1721 661 1760 superbum.
696 1720 781 1751 Nam
793 1731 858 1751 ves-

124 1767 203 1793 trum
217 1772 286 1794 esse
300 1773 365 1793 non
379 1773 546 1803 cog-nosco,
561 1773 620 1794 nec
642 1763 747 1794 credo.
775 1763 859 1794 E.—

123 1806 194 1836 Non
367 1811 495 1836 vestrum
518 1811 578 1836 tam
599 1817 663 1845 sup.
687 1806 719 1837 h.
742 1816 770 1837 e.
794 1816 858 1837 non

122 1848 272 1879 solebatis
288 1858 357 1879 esse
377 1855 441 1879 tam
464 1848 611 1889 superbi;
634 1849 695 1879 hoc
717 1855 782 1880 tam
804 1859 859 1880 su-

122 1891 266 1932 perbum,
296 1901 361 1922 nou
391 1898 533 1923 vestrum
569 1899 628 1928 est,
665 1902 730 1922 non
761 1892 858 1923 vestri

121 1934 229 1965 moris.
267 1934 315 1966 Ut
337 1934 439 1966 Plaut.
461 1934 550 1966 Trin.
567 1934 600 1965 ii.
623 1935 654 1965 4.
677 1936 728 1966 44.
764 1936 861 1966 Haud

120 1988 207 2008 nosco
222 1982 313 2014 tuum,
330 1983 385 2009 etc.
415 1978 453 2008 B.

159 2021 209 2053 37.
218 2022 311 2052 Prius
317 2023 420 2052 audite
423 2020 547 2062 paucis]
555 2021 590 2052 M
594 2020 640 2052 ira
647 2020 707 2052 insi
711 2021 862 2052 nuatione

121 2063 198 2104 agit:
207 2064 343 2104 quinon,
351 2071 387 2095 ut
394 2064 605 2101 consentiant,
613 2065 670 2095 sed
677 2071 713 2095 ut
718 2064 860 2101 audiant,

121 2106 231 2148 paucis
238 2107 327 2148 petit.
340 2107 384 2138 Et
391 2108 471 2138 bene
475 2110 571 2147 prius,
577 2107 667 2148 quasi
675 2118 739 2138 non
746 2108 859 2145 obstet,

120 2160 183 2191 quo
190 2150 295 2181 minus
302 2150 418 2182 faciant
425 2150 509 2191 quod
519 2150 628 2182 velint.
652 2151 735 2181 Tum
742 2150 858 2182 deinde

121 2203 184 2234 quo
205 2193 391 2225 attentiores
413 2193 562 2231 existant,
583 2193 708 2225 addidit
727 2196 835 2234 paucis
846 2206 858 2229 ‚-

119 2235 245 2274 deinde,
262 2239 291 2268 si
306 2239 457 2277 placuerit
470 2250 480 2268 :
508 2236 631 2268 facilius
650 2237 736 2268 enim
755 2236 857 2268 flecti-

121 2285 183 2317 tur,
192 2290 265 2311 cum
276 2290 338 2321 quo
350 2290 414 2311 non
424 2291 614 2322 pugnamus,
624 2287 660 2311 ut
668 2280 857 2312 consentiat.

120 2323 213 2353 Prius
223 2323 343 2364 audite]
359 2323 524 2354 Fiduciam
536 2330 677 2354 ostentat
688 2334 855 2365 persuaso-

120 2364 200 2396 riam
209 2375 277 2397 rem
286 2366 412 2397 dicturi.
433 2367 613 2398 D.—Pr2'us
621 2369 725 2398 audite
729 2366 855 2408 paucis]

122 2407 195 2439 noc
216 2408 431 2441 deliberativae
452 2410 576 2452 species
594 2417 652 2441 est.
692 2410 859 2441 Deliberat

122 2450 269 2482 Phaedria
282 2462 323 2483 an
338 2452 471 2484 rivalem
486 2453 520 2484 in
536 2460 659 2495 partem
680 2453 858 2484 meretricis

120 2495 638 2575 ssa
650 2497 690 2528 ab
702 2519 779 2579 ···‚·
790 2497 858 2571 52:220

164 2558 172 2567 ο
623 2552 681 2571 um·
742 2563 749 2570 ι
841 2558 855 2564 “

120 2578 268 2616 locatum,
278 2590 351 2611 cum
359 2581 451 2619 dixit,
460 2584 487 2613 si
494 2584 655 2622 placuen't,
658 2582 798 2623 facitote.
816 2583 855 2614 E.

164 2623 214 2653 38.
238 2623 422 2664 Audiamus]
454 2625 543 2656 Bene
559 2637 567 2656 :
604 2636 670 2657 non
691 2625 855 2667 facimus,

118 2665 176 2696 sed
197 2667 355 2697 audiamus
375 2667 477 2698 dixit:
508 2678 582 2699 nam
603 2669 706 2710 prima
723 2669 858 2700 oratoris

121 2708 305 2750 impetratio
326 2709 360 2740 in
382 2709 466 2740 mala
486 2721 581 2742 causa
595 2718 653 2749 est,
670 2711 772 2743 audiri
788 2722 854 2743 me-

119 2751 231 2782 ruisse.
272 2754 316 2783 Tu
327 2754 449 2784 concede
458 2755 612 2793 paululum
623 2756 710 2792 istuc,
726 2754 855 2796 Thraso]

118 2794 243 2826 Thraso
257 2795 317 2826 hoc
332 2795 366 2826 in
381 2795 496 2826 bonam
516 2803 640 2838 partem
657 2798 800 2839 accepit:
823 2804 857 2829 et

118 2837 191 2868 ideo
205 2845 296 2880 paret
309 2851 317 2874 ;
340 2845 433 2879 putat
449 2838 536 2870 enim
550 2839 601 2870 vel
617 2846 710 2882 turpe
732 2850 811 2878 esse,
826 2841 855 2872 si

117 2880 282 2912 humiliter
297 2889 446 2923 precetur
458 2892 516 2913 suo
532 2882 670 2920 nomine,
685 2893 782 2924 seque
796 2894 853 2915 au-

118 2923 236 2961 diente,
259 2925 441 2966 parasitus:
475 2924 526 2956 vel
550 2925 761 2966 incongruum
783 2926 854 2964 sibi,

118 2966 145 2998 si
172 2967 206 2998 in
232 2978 268 2998 os
292 2978 434 3009 praesens
458 2978 478 2999 a
503 2968 675 3000 Gnathone
697 2969 853 3001 laudetur.

117 3011 209 3050 letne,
229 3010 359 3052 Thraso]
384 3012 458 3043 Non
481 3011 521 3043 ad
541 3022 576 3044 se
591 3019 702 3045 vocat:
735 3012 791 3045 sed
805 3012 852 3045 lo-

904 954 979 975 cum
1001 943 1150 980 ostendit,
1171 954 1235 984 quo
1256 945 1350 976 abeat
1371 950 1466 985 atque
1484 944 1647 976 concedat.

906 987 1091 1027 D.—Lege‚
1104 989 1228 1026 paulum
1243 990 1330 1018 istuc.
1361 987 1398 1018 B.

948 1030 999 1060 39.
1024 1031 1188 1069 Principio,
1206 1042 1260 1071 ego
1277 1029 1343 1070 vos]
1367 1030 1466 1061 Videt
1487 1041 1591 1071 neque
1613 1041 1648 1062 se

905 1072 979 1103 odio
994 1072 1114 1109 haberi,
1132 1083 1235 1113 neque
1254 1073 1366 1111 (Videt
1378 1084 1433 1104 non
1449 1076 1523 1104 adeo
1536 1085 1567 1105 se
1582 1076 1649 1105 odio

906 1118 1021 1151 haberi,
1036 1118 1090 1147 sed
1106 1115 1158 1154 Z.)
1179 1115 1296 1147 offendi
1317 1116 1441 1147 animos
1461 1117 1647 1148 audientum

906 1159 941 1190 in
967 1158 1080 1190 militis
1106 1158 1246 1190 nomine.
1289 1159 1362 1190 Hoc
1386 1169 1462 1200 ergo
1488 1160 1646 1191 oratorie:

905 1212 965 1243 pro
980 1212 1019 1233 eo
1033 1202 1163 1233 homine
1183 1202 1217 1233 in
1238 1212 1301 1244 quo
1321 1202 1501 1239 offenditur,
1519 1213 1592 1234 eum
1612 1203 1648 1234 in

905 1255 969 1286 quo
984 1255 1049 1276 non
1064 1245 1246 1282 offenditur,
1261 1245 1378 1287 posuit.
1402 1246 1648 1286 D.—Princ1·pio

904 1300 959 1330 ego
972 1300 1022 1320 vos
1036 1290 1146 1326 ambos,
1160 1288 1235 1329 eta]
1256 1289 1295 1320 In
1310 1289 1370 1320 hoc
1393 1288 1553 1330 principio
1574 1300 1647 1321 rur-

904 1342 959 1362 sus
969 1332 1108 1368 Gnatho,
1121 1332 1270 1372 quoniam
1283 1332 1343 1363 scit
1356 1332 1439 1370 odio,
1452 1343 1522 1363 sum
1534 1334 1648 1372 (odiose

904 1376 982 1405 hunc
1005 1375 1058 1414 Z.)
1081 1374 1217 1406 militem
1242 1375 1415 1416 interponi,
1438 1385 1473 1406 se
1498 1375 1647 1407 utilitatis

904 1428 1000 1448 causa
1015 1417 1048 1449 id
1063 1417 1166 1449 facere
1178 1418 1358 1449 confitetur.
1393 1418 1514 1450 Verum
1530 1429 1572 1450 ne
1585 1418 1647 1450 sibi

905 1460 1072 1492 consulere
1098 1460 1298 1502 intelligatur
1324 1467 1459 1498 tantum,
1481 1472 1553 1493 cum
1581 1462 1646 1493 uti-

905 1514 967 1544 que
989 1504 1113 1535 alienus
1134 1504 1177 1535 sit
1203 1504 1258 1544 qui
1279 1505 1374 1545 (quod
1393 1507 1496 1546 utique
1517 1507 1648 1536 alienum

904 1552 959 1584 est,
975 1549 1003 1577 .ςί
1017 1550 1085 1588 quis
1101 1546 1155 1586 Z.)
1172 1547 1281 1589 cupiat
1300 1548 1504 1589 persuadere,
1519 1548 1647 1588 adjecit,

910 1591 1018 1621 Verum
1039 1593 1067 1621 si
1087 1592 1122 1621 id
1141 1592 1222 1621 vobis
1243 1593 1376 1630 prodest,
1399 1602 1448 1622 vos
1468 1603 1525 1622 non
1538 1590 1646 1631 facere

901 1634 1074 1664 inscitia’st.
1129 1633 1324 1675 Exemplum
1363 1633 1480 1665 deinde
1510 1635 1645 1675 apponit

900 1675 1003 1717 ipsius
1017 1676 1195 1714 sententiae‚
1209 1687 1267 1718 per
1276 1676 1538 1718 propositionem,
1555 1679 1645 1709 Milz·-

902 1725 959 1750 tem
968 1731 1022 1761 ego
1033 1721 1156 1751 rivalem
1165 1722 1366 1760 recipiendum
1373 1719 1491 1761 censeo]
1502 1720 1646 1752 Primum

900 1762 961 1794 hoc
981 1762 1224 1794 deliberativum
1240 1770 1298 1800 est,
1314 1770 1351 1794 ut
1371 1763 1426 1804 qui
1446 1763 1569 1801 suadet,
1584 1763 1644 1794 ali-

901 1816 997 1846 quam
1022 1806 1215 1837 sententiam
1241 1806 1348 1837 dicat:
1377 1807 1644 1847 quemadmodum

901 1848 935 1879 in
954 1848 1153 1890 Philippicis,
1169 1860 1261 1889 quare
1281 1851 1326 1880 ita
1347 1860 1457 1880 censeo.
1497 1850 1643 1881 E.—Ve-

901 1893 1050 1923 hementer
1065 1891 1169 1932 velim]
1199 1892 1262 1922 Ms.
1287 1892 1327 1922 R.
1351 1899 1384 1922 et
1405 1898 1482 1923 vett.
1498 1892 1574 1924 libb.
1593 1904 1643 1924 ve-

902 1936 1051 1966 hementer
1075 1936 1148 1966 volo.
1187 1935 1334 1966 L.—Pro
1357 1936 1445 1966 velim
1469 1935 1560 1966 codd.
1585 1936 1643 1967 ha-

906 1978 983 2009 bent
997 1979 1068 2008 volo.
1100 1977 1139 2008 B.

948 2022 999 2051 40.
1022 2021 1075 2051 Me
1103 2020 1194 2060 hujus
1214 2022 1358 2061 quicquid
1368 2019 1464 2061 facio,
1487 2024 1522 2053 id
1535 2022 1643 2063 facere

903 2066 1030 2095 maa-ime
1050 2075 1142 2095 causa
1163 2063 1243 2104 mea]
1262 2064 1363 2096 Deest
1377 2067 1431 2101 rei,
1447 2071 1503 2096 aut
1516 2071 1585 2097 est.-
1607 2072 1645 2097 ut

903 2107 954 2143 sit,
967 2108 1021 2138 Me
1035 2107 1125 2147 hujus
1139 2108 1283 2148 quicquid
1293 2112 1339 2138 est
1355 2106 1533 2148 quodfacio,
1545 2107 1641 2149 idja-

902 2161 967 2181 cere
988 2152 1115 2181 maa-ime
1141 2161 1232 2181 causa
1256 2161 1330 2181 mea.
1377 2150 1442 2182 Hic
1464 2161 1483 2181 a
1505 2161 1644 2193 persona

901 2192 1067 2224 discessit:
1091 2199 1125 2224 et
1138 2203 1206 2224 rem
1222 2203 1285 2224 non
1302 2192 1442 2224 odiosam
1457 2204 1517 2235 pro
1532 2194 1642 2226 odiosa

901 2236 1018 2277 posuit,
1048 2235 1083 2267 id
1112 2242 1171 2273 est,
1200 2236 1415 2277 parasificam,
1448 2247 1508 2278 pro
1534 2238 1642 2269 aemuli

902 2290 1009 2310 amore
1025 2285 1058 2310 et
1075 2279 1251 2311 commodo.
1284 2280 1525 2321 D.—Quiequid
1536 2280 1642 2323 facio]

902 2322 943 2353 V.
967 2323 1004 2354 C.
1027 2334 1055 2364 q.
1069 2321 1197 2363 sociam.
1236 2322 1411 2354 L.—Libri
1434 2333 1546 2355 omnes
1567 2334 1641 2356 cum

901 2366 972 2397 edd.
989 2372 1066 2397 vett.
1074 2365 1202 2406 saviam.
1234 2365 1272 2396 B.

943 2410 995 2440 41.
1023 2410 1131 2440 Verum
1146 2411 1224 2440 idem
1241 2411 1369 2440 si-vobis
1386 2408 1525 2450 prodest]
1550 2410 1639 2442 Mul-

901 2458 970 2483 tum
990 2452 1099 2483 attulit
1116 2452 1158 2483 ad
1174 2452 1451 2493 persuadendum:
1483 2462 1549 2484 nou
1570 2463 1642 2485 esse

900 2496 1102 2526 commodum
1122 2495 1218 2526 militi
1237 2495 1374 2533 admitti,
1390 2502 1424 2526 et
1437 2505 1531 2526 suum
1550 2507 1639 2528 com-

899 2539 1030 2570 modum
1052 2538 1194 2580 ipsorum
1224 2548 1294 2569 esse
1323 2539 1534 2570 commodum.
1583 2541 1641 2572 Vos

899 2581 1076 2622 nonfacere,
1093 2584 1214 2613 inscitia
1226 2581 1288 2622 est]
1307 2581 1464 2618 Oratorie,
1478 2588 1511 2612 et
1523 2592 1638 2614 secun-

899 2624 975 2656 dum
982 2624 1374 2666 insinuationispraecepta
1382 2624 1428 2656 sic
1437 2624 1529 2656 dixit.
1553 2625 1640 2658 Nam

899 2668 1093 2699 remittendo
1105 2674 1136 2699 et
1149 2667 1334 2705 dubitando,
1346 2667 1448 2708 magis
1458 2667 1558 2700 flectit
1568 2669 1638 2700 ani-

899 2721 978 2749 mos,
992 2722 1087 2752 quam
1103 2710 1131 2742 si
1146 2717 1256 2753 aperte
1270 2721 1307 2742 ac
1324 2710 1531 2752 pertinaciter
1550 2721 1638 2744 asse-

899 2762 997 2786 veret.
1032 2755 1072 2785 D.

950 2799 1002 2828 42.
1036 2798 1167 2828 Militem
1201 2808 1255 2838 ego
1285 2798 1409 2828 rivalem
1436 2799 1638 2838 recipiendum

899 2840 1017 2881 censeo]
1033 2839 1215 2871 Artificiose
1228 2839 1316 2878 satis,
1331 2839 1429 2872 semel
1443 2840 1554 2872 intulit
1567 2852 1636 2873 om-

898 2894 940 2915 ne
970 2883 1055 2924 quod
1090 2883 1207 2914 durum
1240 2882 1329 2914 dictu
1364 2883 1405 2915 ad
1440 2885 1638 2925 persuaden-

897 2926 973 2957 dum
992 2933 1069 2957 erat.
1115 2926 1200 2957 Nam
1221 2925 1306 2967 quod
1324 2928 1448 2959 militem
1467 2934 1500 2958 et
1513 2930 1638 2960 rivalem

897 2970 990 3006 dixit,
1015 2969 1055 3000 ad
1081 2979 1151 3000 eam
1177 2979 1247 3001 rem
1270 2969 1365 3007 valet,
1387 2976 1426 3001 ut
1451 2971 1554 3012 magis
1579 2972 1636 3003 ad-

897 3012 1074 3045 mittendus
1109 3012 1160 3051 sit,
1195 3022 1291 3054 quam
1327 3013 1568 3046 excludendus:
1602 3022 1636 3045 et
