1852 3216
73 138 211 168 semu
231 124 318 181 ιιι]
375 120 1192 167 HEAUTONTIMORUMEN
1203 121 1301 163 OS.

1509 121 1596 163 309

128 215 207 258 CI..
230 214 350 262 Quid
369 228 452 270 ego
471 212 583 257 feci?
623 213 709 257 Cn.
723 212 883 256 Vidine
898 226 981 268 ego
1001 219 1044 255 te
1062 212 1191 255 modo
1205 225 1377 254 manum
1390 210 1435 253 in
1456 211 1595 253 sinum

210 277 312 321 huic
331 278 543 321 meretrici

127 343 349 387 InserereZ
381 343 459 385 SY.
477 342 696 386 Actahaec
711 357 782 386 res
797 350 891 385 est:
918 343 1046 399 perii!
1079 342 1329 385 CL.Mene2
1361 341 1448 384 Cn.
1459 341 1596 384 Hisce

211 408 360 460 oculis,
380 423 435 451 ne
454 424 578 464 nega.

79 520 82 522 v
126 472 250 517 Facis
271 474 382 517 adeo
400 475 574 531 indigne
594 474 790 530 injuriam
808 473 881 525 illi,
902 474 978 530 qui
996 489 1081 516 non
1102 474 1317 517 abstineas
1338 488 1523 516 manum.

92 547 112 577 5
128 538 243 582 Nam
262 540 381 583 istaec
400 540 573 595 quidem
592 539 846 582 contumelia
866 547 947 590 est,

80 635 82 637 v
127 604 357 648 Hominem
366 606 545 648 amicum
554 605 744 661 recipere
754 605 811 648 ad
824 612 882 655 te,
892 612 1022 660 atque
1034 605 1128 660 ejus
1142 604 1317 647 amicam
1328 603 1595 659 subagitare:

127 669 213 713 Vel
235 670 330 712 heri
356 671 400 712 in
424 671 614 714 convivio
641 685 769 726 quam
795 670 1071 713 immodestus
1097 669 1243 712 fuisti!
1295 669 1374 713 δι’.
1401 669 1595 712 Factum.

206 736 291 778 Cu.
315 736 459 785 Quam
477 735 706 779 molestus!

129 802 192 845 Ut
211 803 425 858 equidem,
445 802 505 844 ita
529 817 597 844 me
625 801 687 844 Di
708 808 866 853 ament,
886 802 1031 852 metui,
1058 801 1163 857 quid
1191 801 1381 844 futurum
1410 801 1596 857 denique

214 875 329 910 esset
342 869 352 910 !

128 933 247 977 Novi
273 948 356 990 ego
385 933 614 976 amantium
643 931 851 975 animum:
892 931 1124 978 advertunt
1152 932 1354 987 graviter,
1385 946 1483 987 quae
1511 946 1598 975 non

213 1013 403 1042 censeas.

70 1120 167 1143 scena
189 1110 294 1141 locum
324 1118 527 1141 communem
553 1114 642 1140 tenet
665 1108 700 1140 in
723 1118 808 1146 eum,

70 1154 125 1195 qui
137 1153 272 1196 hospitis
283 1152 334 1184 sui
348 1152 484 1184 anticam
495 1158 688 1194 corrumpat.
713 1151 811 1183 Pater

70 1204 178 1228 tamen
201 1207 265 1228 non
287 1195 382 1227 sicuti
401 1206 460 1227 cur
482 1202 632 1236 tanquam
647 1194 811 1227 communi

71 1242 91 1262 ⁸
106 1246 140 1271 at
156 1240 267 1280 (Pater
289 1244 387 1271 tamen
407 1250 466 1270 nou
486 1241 536 1270 hic
555 1241 654 1270 utitur

70 1286 215 1316 muni
237 1285 308 1320 loco,
332 1287 363 1314 ee
388 1282 443 1322 Ζ.)
463 1282 510 1313 ita
531 1281 707 1324 respondet
725 1281 812 1312 filius

72 1335 225 1375 tanquam
251 1336 383 1367 negans,
412 1332 450 1357 ut
482 1324 585 1366 magis
620 1326 813 1366 conjecturae

72 1380 169 1401 causa
184 1369 236 1407 sit,
252 1379 347 1410 quam
361 1368 540 1399 communis
554 1368 652 1399 locus.
690 1368 814 1398 Verum

72 1419 198 1455 patrem
226 1418 378 1461 tanquam
407 1421 609 1442 communem
635 1411 740 1442 locum
763 1410 813 1441 di-

73 1462 200 1487 centem
215 1455 419 1496 accipiamus,
434 1454 495 1485 hoc
517 1454 657 1503 primum
679 1463 814 1495 genera-

74 1499 150 1530 liter
163 1508 237 1530 cum
249 1497 389 1529 invidia:
413 1497 530 1528 deinde
545 1507 618 1528 cum
635 1497 814 1538 interroga·

76 1549 129 1573 tus
148 1548 277 1582 esset,q
278 1541 410 1572 uiduam
432 1540 569 1578 fecisset,
586 1540 642 1571 ille
662 1540 816 1571 continuo

76 1595 141 1616 non
156 1584 276 1616 factum
295 1584 353 1616 sed
368 1594 443 1615 vere
462 1584 582 1615 factum
604 1583 748 1626 protulit,
764 1583 814 1614 di-

76 1628 188 1665 cendo,
209 1629 316 1659 Vidine
330 1630 408 1669 ego?
430 1633 466 1658 ut
480 1637 500 1658 a
515 1626 702 1669 probatione
722 1637 815 1658 exor-

77 1671 210 1709 diretur,
233 1678 267 1702 et
286 1677 360 1712 post
380 1670 564 1702 ostenderet
584 1670 717 1706 crimen,
732 1669 818 1710 quod

77 1725 209 1746 manum
220 1713 405 1745 adolescens
416 1714 451 1744 in
462 1713 569 1745 sinum
580 1713 758 1744 meretricis
766 1713 817 1744 in-

78 1758 212 1789 serebat.
240 1756 492 1788 R-Bentleius
502 1766 576 1788 cum
592 1757 718 1788 Faemo
731 1762 819 1788 recte

80 1800 182 1832 edidit
198 1803 280 1832 iem
295 1802 369 1840 fieri
382 1802 521 1840 oportet?
545 1800 630 1831 Nam
644 1799 819 1841 repetitum

79 1855 179 1885 qnaeso
191 1844 298 1875 minus
313 1850 439 1884 gratum
452 1849 510 1874 est.
543 1843 580 1874 Z.

122 1889 152 1919 2.
175 1889 260 1918 Huic
286 1885 454 1926 meretrici]
478 1885 557 1917 Plus
579 1885 700 1923 intulit,
723 1895 819 1926 quam

78 1930 108 1962 si
125 1930 262 1961 dixisset
277 1931 405 1961 mulieri.
434 1930 642 1960 0.-Μωιωιι
656 1931 688 1960 in
702 1927 818 1969 sinum]

80 1973 184 2005 Plaut.
202 1973 332 2004 Asinar.
348 1973 369 2004 i.
394 1974 423 2003 3.
442 1973 492 2006 71.
513 1974 662 2013 papillam
677 1977 817 2013 pertrac-

79 2022 156 2048 tare.
191 2016 236 2047 Et
251 2016 286 2047 in
303 2015 451 2047 Pseudol.
472 2015 494 2046 i.
515 2017 543 2046 1.
559 2015 611 2047 66.
634 2017 819 2055 papillarum

79 2061 303 2091 horriduloem
331 2061 589 2100 oppressiuneulae.
634 2058 818 2090 Arisoenaet.

78 2103 134 2135 lib.
149 2103 171 2134 i.
188 2102 281 2145 epist.
295 2103 346 2134 21.
361 2101 516 2134 ἅπτεσθαι
529 2104 593 2133 τῶν
607 2103 743 2139 μαστῶν.
766 2101 820 2132 Sic

80 2156 123 2178 ex
147 2146 259 2178 eadem
284 2145 455 2188 disciplina
474 2146 696 2176 Venereorum
719 2155 820 2186 nepo-

80 2189 220 2222 mlomm
232 2196 310 2220 sunt
320 2188 433 2220 molles
447 2198 601 2220 manuum
609 2188 821 2237 compressio-

80 2243 149 2271 nes,
163 2232 408 2264 incitamentum
428 2238 508 2273 puta
529 2231 693 2263 interioris
696 2231 821 2280 yolup-

79 2277 166 2308 tatis.
196 2275 341 2307 Achilles
360 2275 474 2306 Tatius
490 2275 601 2306 Amor.
623 2274 727 2306 1ἰ1).“ιί.
745 2275 822 2306 τότε

81 2318 117 2352 δὲ
138 2317 281 2361 πρόσαγε
308 2318 369 2356 τὴν
396 2317 544 2359 δευτέραν
566 2317 723 2358 μηχανὴν,
754 2316 824 2357 θίγε
857 2316 980 2358 sactum
1000 2317 1085 2348 sicut
1102 2324 1203 2348 actam
1221 2323 1277 2354 est,
1291 2325 1330 2349 ut
1348 2317 1391 2349 sit
1406 2317 1427 2348 d

82 2363 198 2403 χειρὸς,
213 2361 327 2402 OQ!
342 2359 508 2399 δάκτυλον,
524 2362 643 2397 θλίβων
657 2360 822 2393 πένησιν.

86 2405 174 2437 Hine
188 2405 275 2447 apud
287 2405 462 2436 Plautum
453 2415 488 2436 m
505 2404 597 2436 Asin.
613 2404 657 2436 iv.
677 2405 704 2435 1.
720 2406 772 2435 32.
789 2404 824 2435 in

82 2448 165 2489 lege,
187 2458 283 2489 quam
303 2448 433 2489 juvenis
453 2448 583 2479 amasiae
601 2458 668 2479 suae
681 2447 824 2485 dederat,

82 2490 130 2522 ita
149 2501 275 2532 quoque
296 2498 426 2522 cautum
447 2491 526 2522 fuit·
549 2492 656 2532 Neque
681 2502 746 2522 eun
769 2492 823 2522 de-

84 2536 218 2571 scendat.
231 2535 302 2565 inae
315 2536 367 2565 det
499 2546 627 2566 namna.
666 2534 718 2565 Ne
735 2544 823 2565 ama-

86 2583 138 2608 tor
151 2576 258 2608 somn
267 2576 350 2608 alius
359 2577 427 2609 τοῖς
438 2576 557 2615 ἐκείνης
571 2575 738 2609 δακτύλου
751 2576 825 2609 τους

86 2620 199 2652 ἑαυτοῦ
221 2618 416 2659 περιπλέξας,
440 2620 492 2651 vel
516 2620 562 2652 sic
586 2620 700 2651 saltem
726 2631 824 2652 manu

85 2662 182 2695 alnei
197 2662 428 2693 libidinaretur.
465 2662 648 2694 Aristenaet.
671 2663 726 2694 lib.
739 2662 762 2694 i.
788 2673 823 2694 e-

86 2706 162 2748 pist.
178 2706 208 2737 9.
224 2705 381 2736 Themist.
400 2705 490 2737 Orat.
506 2705 553 2736 iii.
577 2706 703 2737 Laudat
717 2713 825 2738 autern

85 2749 173 2781 hunc
197 2747 343 2780 Terentii
366 2747 473 2779 locum
495 2748 604 2780 Juliu-
632 2749 826 2781 Rufinianus

88 2792 186 2824 Rhet.
201 2792 236 2823 in
253 2790 415 2833 Epiplexi.
446 2791 485 2822 Ι..

131 2837 161 2867 3.
184 2837 266 2867 Acta
281 2837 345 2866 haec
363 2833 429 2876 res]
451 2834 595 2866 Verbum
616 2834 825 2876 desperantis.

89 2877 238 2910 Timebat
258 2878 345 2909 enim
367 2878 477 2920 Syrus,
499 2888 540 2908 ne
561 2878 603 2908 ob
624 2877 684 2909 hoc
703 2877 828 2909 fallacia

89 2922 159 2962 eius
172 2922 384 2963 detegeretur.
419 2922 509 2952 Mene
519 2920 554 2962 2]
573 2920 667 2952 More
677 2921 827 2959 filiorum,

90 2965 175 3006 quod
198 2965 410 3003 commiserat,
434 2964 519 3006 patri
545 2964 697 2996 andater
719 2971 826 3005 negat.

852 1109 949 1139 Hisce
967 1106 1078 1149 oculis]
1099 1109 1270 1140 Δεικτικῶς
1293 1115 1325 1140 et
1346 1119 1420 1140 curn
1442 1108 1598 1153 emphasi.

852 1151 1017 1183 Q—Aeaea
1031 1153 1095 1182 haec
1109 1163 1157 1183 res
1171 1151 1234 1192 est]
1252 1152 1352 1194 Syrus
1366 1162 1479 1183 servus
1495 1148 1600 1184 credit

853 1205 964 1226 senem
975 1194 1139 1226 invenisse
1150 1194 1252 1226 filium
1265 1205 1373 1226 amare
1384 1196 1599 1233 meretricem,

854 1248 925 1279 quae
937 1248 990 1269 res
1004 1244 1100 1270 antea
1117 1248 1177 1280 per
1193 1238 1302 1270 dolum
1318 1238 1501 1270 celabatur:
1525 1238 1599 1270 ideo

854 1281 1063 1312 vehementer
1103 1281 1228 1312 metuit.
1282 1282 1432 1313 E.—-Pro
1469 1284 1600 1313 inserere

856 1324 967 1355 Bemb.
984 1324 1081 1355 habet
1095 1326 1243 1365 ingerere,
1259 1325 1344 1366 quod
1359 1325 1467 1356 minus
1483 1325 1600 1367 placet.

856 1367 953 1398 Certe
969 1367 1058 1398 Naso
1074 1367 1184 1398 Amor.
1201 1367 1235 1398 ii.
1256 1369 1303 1399 15.
1320 1368 1427 1406 habet,
1448 1373 1479 1399 et
1496 1370 1601 1400 lavam

857 1412 968 1441 tunicis
982 1412 1142 1441 inseruisse
1156 1422 1285 1442 manum.
1318 1411 1355 1442 B.

900 1454 930 1484 4.
947 1455 1039 1484 Facis
1049 1456 1124 1484 adeo
1134 1455 1257 1494 indigne
1272 1454 1417 1495 injuriam
1427 1453 1494 1495 illi]
1510 1454 1602 1486 Bene

857 1503 958 1538 pater,
973 1503 1046 1538 poet
1061 1497 1328 1538 objurgationem,
1347 1498 1388 1529 ad
1408 1497 1601 1529 admonitio-

857 1550 933 1571 nem
948 1540 1073 1571 transit.
1104 1540 1140 1571 C.

895 1584 924 1613 5.
937 1584 1011 1615 Ista
1019 1585 1137 1623 quidem
1142 1582 1343 1624 eontumelioe]
1355 1583 1460 1625 Supra
1471 1583 1602 1625 quidem

859 1626 976 1666 injuria
995 1626 1131 1664 dixerat,
1147 1637 1259 1658 verum
1280 1626 1398 1668 adjecit
1416 1629 1603 1658 contumelia

859 1675 938 1701 aunt.
971 1669 1033 1700 Est
1046 1669 1133 1700 enim
1146 1670 1272 1710 injuria,
1285 1670 1376 1711 qnasi
1388 1681 1462 1701 cum
1478 1670 1602 1702 violen-

860 1712 907 1743 tia
920 1712 1066 1753 aliquid
1057 1723 1092 1744 m
1107 1723 1223 1755 corpus
1244 1713 1401 1744 efficitur:
1425 1715 1604 1745 contumelia

861 1766 948 1794 vero,
975 1766 1049 1787 cum
1078 1763 1196 1798 praeter
1224 1756 1430 1806 violationem
1459 1757 1604 1798 corporis

861 1805 920 1830 est.
965 1799 1011 1830 Et
1037 1799 1168 1831 violatio
1193 1799 1364 1841 opinionis,
1386 1799 1452 1840 <ius
1477 1802 1605 1830 amicam

860 1844 1045 1883 subagitare.
1087 1842 1162 1873 Hoc
1184 1850 1234 1874 est
1254 1843 1377 1874 crimen
1398 1843 1484 1883 quod
1505 1853 1605 1884 supra

861 1884 978 1934 posuit.
1022 1886 1205 1926 Subagitare
1230 1893 1349 1934 autem,
1373 1885 1604 1927 perfectionem

906 1971 936 2002 6.
960 1973 1097 2002 Amicam
1111 1971 1303 2012 nbagitoee]
1318 1972 1357 2002 V.
1373 1972 1411 2003 C.
1426 1974 1604 2012 subigitare.

862 2013 970 2045 Acro
961 2024 995 2045 ιιι
1013 2014 1128 2046 Horat.
1146 2014 1201 2046 lib.
1217 2015 1239 2046 i.
1256 2015 1322 2046 Sat.
1341 2016 1371 2046 2.
1402 2015 1603 2046 L—Veter-

862 2057 937 2089 rimi
952 2057 1070 2099 quique
1085 2057 1188 2089 nostri
1208 2058 1363 2097 scribunt,
1378 2060 1556 2100 subigitare,
1571 2059 1605 2091 h.

863 2111 891 2133 e.
907 2100 1058 2132 lascivius
1071 2107 1280 2133 contrectare.
1311 2102 1350 2132 Β.

907 2143 938 2177 7.
966 2146 1021 2175 Vel
1040 2143 1124 2185 heri]
1149 2144 1273 2186 Ingerit
1293 2144 1381 2176 aliud
1402 2144 1606 2176 malefactum

863 2186 950 2219 inter
985 2187 1247 2226 admonitionem,
1281 2195 1319 2219 ut
1349 2187 1454 2219 solent
1487 2195 1605 2237 patres.

864 2229 1009 2271 Factum]
1034 2231 1168 2262 Fatetur
1188 2241 1310 2268 servus,
1329 2242 1403 2262 eum
1423 2231 1523 2263 fuisse
1542 2231 1605 2262 im·

864 2273 1074 2305 modestum
1065 2284 1100 2305 in
1119 2274 1207 2305 vino.
1245 2274 1318 2306 Nisi
1340 2274 1439 2306 etiam
1459 2274 1608 2316 capiatur

1429 2324 1608 2359 &penum

866 2360 998 2391 dictum.
1021 2361 1057 2392 C.
1059 2362 1163 2392 —Vel
1175 2363 1240 2392 heri
1255 2363 1287 2392 t'n
1300 2360 1384 2402 vino]
1402 2361 1475 2392 Hoc
1490 2371 1533 2392 ex
1546 2371 1605 2392 an·

867 2403 1089 2435 tecedentibus
1100 2410 1324 2445 argumentum
1339 2404 1493 2446 colligens
1505 2403 1606 2436 dixit.

867 2448 948 2478 Novi
968 2458 1022 2488 ego
1039 2450 1203 2478 amantium
1220 2450 1342 2485 animos,
1358 2449 1519 2479 adventu
1529 2458 1606 2489 gra·

865 2492 954 2528 viter,
969 2501 1035 2531 Μ
1049 2502 1107 2522 non
1121 2502 1250 2522 censeas.
1290 2471 1343 2522 Ita¹
1361 2490 1448 2522 enim
1467 2501 1536 2522 mos
1557 2497 1609 2523 est

866 2533 1062 2565 amatoribus
1078 2533 1216 2573 (excidit
1229 2539 1265 2565 ut
1280 2534 1316 2565 Z.
1320 2533 1346 2575 ),
1361 2533 1528 2583 ampliora
1535 2544 1608 2566 sm-

866 2576 1284 2660 Ψὶῗὼἓὶᾜΐὺῗῗὲ
1295 2584 1426 2652 3⁰3⁸.-
1441 2576 1609 2661 ῗὶῗῆῒ

867 2663 1025 2705 displicet.
1051 2663 1199 2694 L—Pro
1213 2665 1344 2696 ωιιυωὶο
1358 2664 1470 2695 Bemb.
1484 2669 1519 2695 et
1531 2674 1608 2696 nos-

867 2706 909 2738 tri
925 2716 1037 2738 omnes
1051 2708 1127 2737 vino.
1158 2706 1198 2737 B.

911 2751 940 2781 8.
970 2751 1012 2781 Ue
1025 2751 1161 2790 equidem
1179 2748 1289 2791 nui]
1316 2750 1440 2799 Utpro
1453 2755 1608 2791 quntum,

867 2791 919 2824 vel
933 2802 993 2834 pro
1013 2794 1154 2833 qualiter.
1192 2792 1282 2834 virg.
1305 2792 1375 2825 Ecl.
1397 2792 1464 2825 viii.
1485 2793 1536 2824 ss.
1565 2795 1609 2825 Ut

868 2837 932 2867 vido·
947 2841 982 2866 ut
992 2837 1082 2875 perii.
1113 2835 1151 2867 C.

912 2880 942 2910 9.
970 2880 1142 2910 Admau-e
1162 2877 1317 2920 grauiter]
1337 2878 1453 2916 Quia
1443 2890 1479 2911 m
1500 2889 1609 2912 amore

869 2921 977 2953 omnia
991 2928 1139 2963 suspecta
1153 2928 1239 2954 amt-
1265 2922 1426 2964 C.—Leg.
1441 2933 1515 2955 cum
1531 2923 1608 2954 Pal-

869 2965 1286 3006 merioNffiegooeunlist
1306 2969 1608 2999 uhu-amat
