1852 3216
102 174 244 204 semu
266 162 353 217 ιιι]

153 251 343 293 Fuerant
363 251 536 303 futurae,
559 251 678 294 fiant.

713 159 1019 204 ANDRIA.

739 251 825 294 Cn.
848 250 938 301 Ah,
959 265 1014 292 ne
1033 265 1100 292 me
1121 251 1323 292 obsecra:

1581 164 1635 205 73

153 316 292 364 Quasi
311 316 395 358 hoc
417 323 459 359 te
481 317 645 359 orando
666 331 691 358 a
710 331 778 359 me
795 317 1026 372 impetrare
1047 322 1260 371 oporteat.

155 379 301 422 Alium
321 395 418 423 esse
439 396 589 424 censes
610 395 723 424 nunc
743 395 826 431 me,
847 387 978 436 atque
998 379 1112 431 olim,
1134 395 1266 435 quum
1287 380 1474 422 dabam?

155 444 202 486 Si
223 446 266 486 in
286 461 376 488 rem
396 454 463 488 est
482 447 670 501 utrique,
691 453 740 488 ut
759 446 880 497 fiant,
904 446 1065 488 arcessi
1078 446 1200 501 jube.

97 517 135 547 15
153 509 242 550 Sed
264 510 299 551 si
320 526 375 551 ex
396 525 448 552 ea
468 525 514 553 re
535 511 634 566 plus
655 510 807 552 mali’st
826 525 955 566 quam
975 510 1188 552 commodi

153 573 354 628 Utrique,
374 575 419 617 id
440 590 516 617 oro
537 582 596 626 te,
618 576 660 616 in
678 590 900 618 commune
922 582 970 617 ut
989 574 1214 617 consulas:

152 638 293 686 Quasi
313 638 385 681 illa
406 647 480 681 tua
495 641 570 693 sit,
594 639 895 695 Pamphilique
915 655 998 696 ego
1020 641 1098 682 sim
1117 647 1256 695 pater.

152 702 218 745 SI.
243 703 335 745 Imo
354 705 413 745 ita
433 704 544 755 volo,
567 705 712 760 itaque
731 705 919 760 postulo,
941 711 990 747 ut
1010 705 1102 755 fiat,
1126 704 1336 746 Chreme:

151 766 311 822 Neque
331 768 546 823 postulem
566 770 643 810 abs
666 776 723 819 te,
742 770 824 811 nisi
844 771 939 825 ipsa
960 784 1030 812 res
1051 777 1236 812 moneat.
1287 769 1372 811 CH.
1397 768 1519 817 Quid
1538 770 1631 811 est?

93 838 135 868 20
152 831 217 872 Si.
241 831 324 873 Irae
346 840 446 874 sunt
466 833 577 874 inter
599 833 850 888 Glycerium
869 842 914 876 et
933 842 1124 890 gnatum.
1176 835 1261 876 Cn.
1283 834 1446 876 Audio.

150 895 213 938 S1.
238 896 305 938 Ita
322 912 503 953 magnae,
527 905 576 939 ut
597 913 767 953 sperem
787 914 916 954 posse
937 899 1073 940 avelli.
1124 899 1210 941 Cn.
1232 898 1424 941 Fabulae.

149 961 214 1003 S1.
235 962 439 1005 Profecto
461 964 522 1005 sic
542 970 623 1005 est.

677 963 762 1005 Cn.
785 963 857 1005 Sic
876 963 1036 1014 hercle,
1058 971 1107 1006 ut
1127 964 1266 1006 dicam
1285 965 1387 1006 tibi:

149 1025 399 1069 Amantium
418 1028 507 1078 irae,
531 1028 685 1070 amoris
707 1029 1006 1083 integratio’st.

87 1180 129 1212 ad
145 1180 287 1219 textum)
304 1180 407 1223 ipsam
426 1181 627 1223 petitionem.
661 1179 838 1223 D.-Leg·e

88 1233 162 1255 cum
178 1223 247 1254 cod.
266 1224 380 1265 Regio,
396 1230 487 1266 atque
499 1227 545 1256 ita
560 1227 616 1256 uti.
648 1225 687 1256 B.

141 1267 189 1296 ll.
227 1267 282 1297 Uti
310 1270 425 1308 naptiae
445 1267 575 1308 ficerunt
593 1266 724 1308 suturae,
739 1266 837 1308 fiant]

91 1306 241 1339 Breviter
264 1315 297 1340 et
318 1310 443 1342 Latine.
483 1310 528 1341 Et
546 1311 606 1341 hoc
626 1321 730 1351 genus
749 1321 836 1341 com-

90 1350 261 1390 positionis
276 1358 403 1383 veteres
426 1363 491 1383 non
512 1353 688 1384 mutabant.
727 1354 778 1384 Ne
792 1364 837 1383 me

88 1392 228 1433 obsecra]
253 1395 272 1414 ⁸
298 1406 343 1425 τω
366 1395 565 1433 εληνιΟμΟΝ
589 1395 644 1426 Mb
665 1399 837 1426 λιΤΑΝΕΚ

89 1436 331 1467 EMNMACOR.
358 1439 378 1458 ⁵
406 1437 569 1477 (Pithoeus
600 1443 633 1468 et
661 1438 836 1468 Lindenbr.

88 1476 100 1507 l
142 1478 261 1509 endum
280 1485 415 1521 putant:
447 1481 493 1511 τῶ
510 1480 701 1519 ἑλληνισμῶ.
721 1479 766 1519 μὴ
787 1485 837 1511 λι-

87 1531 110 1550 r
150 1531 210 1558 ευε,
225 1521 270 1559 μὴ
283 1519 405 1562 μάχου)
423 1522 496 1560 Pro,
514 1532 555 1553 ne
570 1523 727 1554 obsecres.
760 1523 802 1553 D.

89 1574 92 1576 ’
134 1563 184 1593 12.
211 1565 307 1597 Quasi
321 1566 375 1595 hoc
388 1570 416 1595 te
432 1567 544 1595 orando
559 1576 579 1596 a
605 1576 650 1596 me
673 1567 837 1604 impetrare

86 1604 239 1645 oporteat]
264 1606 346 1637 Haec
368 1606 466 1647 plena
485 1617 549 1638 vox
570 1613 620 1638 est
641 1613 674 1638 et
693 1607 837 1639 caritatis

87 1653 122 1677 et
146 1647 252 1678 officii.
298 1648 393 1683 Quod
415 1649 503 1680 enim
525 1649 648 1681 amicus
669 1651 710 1681 ab
733 1649 837 1681 amico

86 1689 179 1730 petit,
191 1691 316 1729 justum
331 1701 402 1723 esse
417 1692 530 1723 debet:
555 1702 614 1723 nec
626 1703 686 1734 pro
699 1703 738 1724 eo
750 1693 836 1733 quod

87 1741 152 1762 non
169 1739 218 1762 est
227 1734 362 1772 justum,
376 1735 559 1776 supplicare
574 1741 711 1776 oportet.
750 1736 791 1766 D.

134 1775 183 1805 13.
206 1777 310 1806 Alium
321 1787 384 1807 esse
397 1788 497 1808 censes
507 1789 587 1808 nunc
598 1789 643 1808 me
653 1783 744 1818 atque
756 1780 834 1815 olim,

85 1827 175 1856 quum
185 1819 295 1848 dabam
305 1817 338 1859 ?]
363 1819 439 1850 Non
451 1829 607 1861 personae,
620 1821 678 1851 sed
694 1820 743 1851 rei
758 1830 835 1852 con·

86 1858 168 1890 ditio
183 1866 232 1890 est
246 1868 451 1892 commutata.
493 1864 580 1899 Olim,
595 1874 684 1903 quum
705 1862 833 1903 dabam]

86 1901 157 1933 Nos
163 1902 311 1941 dicimus,
318 1905 619 1946 quumdarem,Virg.
628 1905 704 1936 AEn.
712 1905 754 1936 iv.
763 1905 836 1938 597.

89 1945 164 1975 Tum
176 1947 286 1982 decuit,
298 1957 386 1986 quum
397 1953 517 1987 sceptra
528 1949 632 1978 dabas.
662 1950 713 1980 En
727 1949 837 1979 dea-tm

78 1989 223 2028 fidesque.
263 1989 308 2019 Et
323 1996 399 2020 nota
413 1992 482 2021 olim
497 2000 557 2031 pro
572 2001 686 2032 nuper.
720 1991 761 2022 D.

131 2031 180 2062 14.
205 2032 239 2061 Si
261 2034 294 2062 in
315 2043 377 2063 rem
399 2038 444 2063 est
467 2033 605 2074 utrique]
629 2034 679 2073 Τῷ
701 2032 834 2074 δευτέρῳ

85 2074 297 2114 σνλλογισμῷ
310 2085 410 2116 prave
426 2076 604 2117 proposuit,
620 2083 657 2107 ut
671 2083 760 2107 recte
780 2087 830 2107 re-

84 2115 229 2157 plicaret.
269 2117 335 2148 Hic
348 2118 553 2159 syllogismus
565 2119 735 2160 negativus
750 2119 830 2150 dici-

86 2165 146 2190 tur.
201 2159 286 2190 Nam
316 2160 351 2191 in
379 2161 522 2192 secundo
557 2161 698 2201 λήμματι
735 2168 833 2203 negat

84 2202 169 2242 quod
191 2202 283 2244 prius
305 2203 405 2235 dixit:
435 2204 493 2235 sed
518 2204 545 2235 si
571 2215 613 2236 ex
637 2215 676 2236 ea
699 2215 734 2236 re
757 2205 832 2247 plus

83 2244 160 2276 mali
180 2252 238 2283 est,
255 2256 350 2286 quam
375 2247 545 2278 commodi.
586 2249 621 2278 Si
645 2250 677 2278 in
701 2259 763 2279 rem
786 2254 832 2279 est

82 2287 220 2362 ami]
233 2288 387 2362 ἒὲεἰὲῗὶ
409 2296 657 2374 Ἓέῒέῗέῗὲζῖὶ
685 2290 832 2364 ffifiq‘ssss

658 2356 666 2370 5

83 2373 158 2404 tibi:
183 2383 259 2411 non,
271 2373 363 2405 alteri
377 2374 466 2411 utile,
478 2375 572 2407 alteri
584 2375 710 2407 inutile.
742 2377 830 2407 D.—

83 2415 242 2447 Nonnulli
257 2416 331 2448 libri
346 2427 419 2448 cum
443 2418 574 2449 Donato
595 2418 710 2459 legunt
730 2421 763 2450 in
784 2430 827 2450 re.

82 2458 146 2489 Sed
160 2458 267 2500 placet
282 2459 378 2491 lectio
395 2460 585 2502 Eugraphii,
602 2463 637 2492 Si
652 2464 683 2492 in
699 2472 762 2493 rem
783 2467 830 2493 est

80 2503 211 2540 utrique,
219 2503 310 2540 fiant,
322 2505 436 2534 arcessi
442 2503 530 2543 jube.
562 2504 760 2536 B.—Scribe
774 2516 826 2535 ar-

80 2545 165 2616 cas-ti,
189 2544 244 2616 abz
255 2545 387 2586 antiquo
414 2548 517 2582 arcio.-
549 2556 579 2577 v.
605 2546 738 2578 Cellarii
765 2548 828 2578 Or-

81 2592 95 2616 t
118 2596 185 2626 ogr.
248 2608 256 2616 .

127 2629 175 2658 15.
200 2629 261 2659 Sed
274 2631 302 2660 εἰ
315 2639 353 2660 ex
367 2640 403 2661 ea
418 2630 468 2672 re]
488 2631 526 2662 Id
545 2637 604 2669 est,
620 2632 825 2673 nuptiarum:

79 2670 219 2702 mutavit
233 2681 413 2710 numerum,
430 2683 471 2704 ex
486 2673 604 2715 plurali
619 2674 826 2716 singularem,

70 2715 162 2753 fiant,
179 2719 212 2744 et
227 2725 264 2745 ex
278 2725 314 2745 ea
330 2725 372 2745 re.
405 2715 447 2746 D.

125 2757 174 2788 16.
198 2758 237 2787 In
258 2767 407 2788 commune
428 2758 563 2799 consule]
583 2759 622 2790 Id
644 2765 703 2797 est,
719 2770 762 2791 ex
783 2771 827 2792 ae·

78 2798 165 2839 quali
179 2799 323 2840 provide.
357 2799 499 2831 D.—Ne
520 2801 591 2842 lege
613 2811 687 2833 cum
710 2802 824 2844 pleris-

78 2851 141 2882 que
156 2841 248 2872 codd.
265 2844 300 2872 id
314 2847 344 2873 te
358 2854 418 2881 oro,
434 2853 476 2874 ne
498 2843 715 2885 suspendatur
729 2855 826 2886 syna-

78 2883 196 2925 }oepha.
236 2884 386 2916 Donatus
397 2885 477 2926 legit
485 2888 518 2917 in
532 2897 682 2918 commune
696 2890 823 2926 consule,

79 2926 164 2967 quod
179 2937 294 2968 parum
310 2928 418 2959 refert.
451 2929 489 2959 B.

126 2970 173 3002 17.
201 2971 297 3005 Quasi
319 2973 373 3003 illa
396 2977 450 3004 tua
471 2973 522 3011 sit,
540 2973 751 3014 Pamphilique
772 2984 826 3014 ego

881 1180 937 1213 sim
948 1180 1058 1222 pater]
1077 1181 1164 1212 Nota
1181 1177 1405 1212 suavissimam
1422 1179 1629 1212 varietatemt

881 1235 947 1256 non
960 1224 1048 1262 dicit,
1058 1224 1150 1265 quasi
1164 1230 1220 1255 tua
1231 1224 1283 1260 sit,
1297 1229 1329 1255 et
1340 1223 1397 1255 ille
1408 1234 1501 1255 meus
1545 1224 1633 1255 D.—

882 1268 962 1299 eod.
986 1267 1219 1298 Academicus:
1252 1269 1490 1308 Pamphiloque,·
1522 1267 1632 1298 nescio

881 1321 923 1342 an
939 1310 1057 1341 verius.
1088 1310 1125 1340 B.

927 1353 975 1383 18.
999 1354 1064 1383 Imo
1078 1355 1124 1383 ita
1138 1351 1219 1393 volo]
1237 1351 1321 1387 Quia
1337 1351 1417 1383 utile
1432 1357 1491 1389 est,
1505 1351 1581 1392 quia
1597 1351 1631 1382 in

880 1405 951 1426 rem
981 1401 1039 1426 est.
1088 1397 1196 1435 Itaque
1224 1394 1359 1435 postulo]
1388 1396 1506 1435 Itaque,
1535 1394 1631 1424 modo

881 1438 954 1469 duae
968 1444 1077 1479 partes
1093 1437 1247 1468 orationis
1262 1443 1356 1468 sunt:
1381 1443 1418 1468 ut
1433 1437 1467 1468 in
1490 1437 1631 1477 Hecyra,

884 1482 991 1521 ltaque
1009 1492 1061 1511 nos
1082 1491 1144 1511 una
1165 1482 1246 1511 inter
1259 1491 1312 1511 nos
1333 1485 1455 1511 aetatem
1476 1489 1566 1521 agere
1590 1481 1630 1509 11·-

879 1528 956 1554 ceat.
986 1523 1027 1554 D.

926 1566 974 1596 19.
999 1567 1106 1606 Neque
1117 1563 1283 1606 postulem]
1300 1564 1386 1600 Quia
1402 1564 1532 1607 postulo
1546 1574 1631 1606 prae-

880 1607 964 1638 tulit.
997 1608 1132 1639 D.—Ut
1152 1607 1311 1639 medearis
1326 1607 1444 1645 versui,
1462 1607 1533 1648 lege
1554 1616 1631 1638 cum

880 1650 971 1682 codd.
989 1650 1180 1691 quibusdam
1197 1659 1237 1680 m
1254 1652 1330 1690 ipsa.
1364 1651 1401 1681 B.

924 1694 975 1724 20.
1000 1695 1061 1724 Irae
1073 1699 1144 1724 sunt
1154 1696 1235 1724 inter
1249 1695 1424 1733 Glycerium
1438 1697 1471 1723 et
1481 1691 1628 1734 gnatum]

882 1735 956 1767 Hoc
971 1736 1045 1766 laeto
1060 1736 1153 1767 vultu
1167 1736 1363 1777 pronunciat
1380 1735 1487 1766 Simo:
1513 1741 1547 1766 et
1567 1735 1630 1765 hoc

880 1788 900 1809 a
914 1778 1061 1819 possibili
1076 1784 1143 1814 est3
1165 1778 1309 1819 loquitur
1324 1778 1412 1809 enim
1434 1777 1520 1820 apud
1543 1787 1630 1814 eum,

881 1830 923 1851 ex
938 1831 1001 1861 quo
1021 1821 1198 1858 audiverat,
1216 1821 1422 1862 Pamphilum
1468 1830 1505 1851 ro
1526 1829 1629 1850 uxore

879 1863 998 1894 habere
1005 1864 1088 1894 hanc
1096 1863 1312 1904 peregrinam.
1345 1865 1447 1894 Audio
1473 1861 1629 1902 Εἷρωνείιι

882 1905 974 1943 Mox,
982 1905 1120 1946 fabulae]
1140 1905 1186 1936 Et
1199 1905 1252 1936 hic
1268 1905 1366 1946 paulo
1380 1905 1559 1947 sapientior
1574 1905 1626 1935 in-

880 1947 1018 1985 ducitur,
1042 1954 1075 1979 et
1097 1948 1205 1979 minus
1226 1947 1386 1979 obnoxius
1409 1947 1500 1979 dolis.
1540 1947 1629 1978 D.-

880 1992 982 2022 Audio
1003 1991 1055 2022 hic
1079 1996 1115 2022 ut
1136 2001 1222 2032 saepe
1245 1990 1324 2022 alias
1348 1997 1398 2022 est
1421 1990 1571 2032 negantis
1595 1996 1629 2021 et

877 2033 1091 2075 aspernantis,
1108 2039 1145 2064 ut
1159 2043 1245 2071 mox,
1249 2032 1379 2073 fabula.
1413 2034 1450 2064 Β.

921 2078 972 2108 22.
1004 2076 1145 2118 Prqs'ecto
1169 2079 1215 2108 sic
1241 2075 1304 2117 est]
1331 2075 1481 2117 Profecto,
1505 2075 1625 2107 confir-

876 2119 976 2150 matio
991 2125 1049 2151 est.
1079 2119 1121 2150 D.

920 2164 970 2193 23.
994 2164 1171 2193 Amantium
1187 2164 1243 2193 irae
1258 2163 1368 2193 amoris
1383 2163 1548 2203 integratio
1558 2160 1622 2203 est]

877 2205 1046 2236 Sententia
1061 2204 1212 2245 γνωμικὴ,
1229 2205 1264 2236 in
1280 2215 1342 2246 qua
1359 2215 1379 2236 a
1402 2204 1512 2247 specie
1532 2213 1624 2235 rece-

875 2248 972 2285 ditur,
990 2254 1024 2279 et
1038 2248 1072 2279 in
1088 2258 1201 2279 omnes
1217 2247 1339 2289 aliquid
1354 2247 1491 2279 dicitur:
1515 2259 1622 2288 παροι-

874 2290 930 2329 μία
959 2297 1010 2322 est
1039 2298 1148 2322 autem
1178 2290 1249 2322 sine
1283 2296 1415 2322 auctore
1451 2290 1623 2321 sententia.

874 2333 1063 2375 Integratio]
1098 2333 1304 2365 Instauratio.
1358 2333 1624 2364 D.—Amantt'um

872 2375 945 2417 n'roe]
965 2377 1039 2407 Hoc
1061 2383 1252 2417 argumento
1274 2386 1352 2408 usus
1374 2386 1417 2407 ex
1438 2385 1548 2407 amore
1568 2385 1622 2407 re-

872 2419 955 2450 futat
985 2418 1161 2461 superiora,
1193 2419 1321 2451 dicens:
1361 2418 1447 2459 quod
1476 2424 1623 2450 amantes

872 2472 932 2503 per
953 2461 1035 2493 iram
1057 2461 1267 2499 reconciliati,
1284 2471 1450 2502 nunquam
1472 2471 1507 2492 se
1528 2460 1622 2492 dese-

871 2510 958 2541 runt,
985 2504 1013 2536 si
1041 2515 1076 2535 se
1104 2511 1178 2535 ante
1208 2505 1351 2546 perfecte
1381 2509 1540 2535 amarunt.
1590 2504 1622 2535 A

873 2547 1084 2588 consequenti
1109 2547 1187 2588 quid
1211 2547 1282 2579 fieri
1306 2546 1410 2589 possit
1436 2546 1622 2588 providens,

896 2590 1048 2621 recedere
1064 2595 1177 2627 tentat,
1194 2589 1324 2621 dicens:
1349 2592 1419 2621 dum
1436 2595 1551 2630 tempus
1565 2593 1621 2621 eet.

905 2639 919 2663 t
944 2643 1003 2674 per
1027 2632 1295 2672 χαρακτηρισμὸν,
1323 2632 1357 2662 id
1383 2638 1442 2670 est,
1466 2631 1621 2663 informa-

872 2674 993 2706 tionem
1020 2675 1213 2711 futurorum,
1240 2674 1317 2715 quid
1343 2684 1544 2716 consequens
1567 2674 1621 2713 sit,

871 2717 951 2748 dicit
974 2719 1014 2748 ab
1039 2717 1120 2748 utili.
1171 2719 1296 2748 Chreme
1321 2723 1430 2749 autem
1452 2716 1622 2750 vocativus

871 2761 1006 2792 Graecus
1024 2766 1081 2791 est.
1115 2760 1377 2791 E.--Amant⁸'am
1395 2759 1468 2801 ἱνα]
1485 2759 1622 2792 Plautus

871 2803 1035 2844 Amphitr.
1052 2802 1098 2833 iii.
1117 2804 1146 2833 2.
1163 2803 1214 2833 60.
1253 2804 1316 2834 Irae
1327 2805 1356 2834 n·
1369 2801 1530 2844 quaesorte
1551 2814 1619 2835 eve-

870 2848 958 2877 niunt
974 2845 1153 2886 hujusmodi,
1171 2846 1259 2876 Inter
1272 2856 1322 2877 eon
1335 2855 1456 2877 rursum
1470 2848 1498 2877 εἰ
1512 2857 1619 2878 reven-

870 2893 932 2919 tum
953 2891 985 2919 in
1005 2889 1141 2928 gratiam
1163 2892 1219 2926 est,
1242 2889 1301 2919 Bis
1324 2893 1411 2919 tanto
1432 2890 1525 2920 amici
1549 2894 1622 2930 sunt

870 2933 950 2962 n'nter
971 2941 1002 2962 se
1026 2941 1116 2970 quam
1135 2932 1234 2971 prius.
1275 2930 1492 2962 L.—Servius
1517 2937 1550 2962 et
1571 2932 1620 2963 A·

869 2984 947 3005 eron
970 2973 1091 3004 habent
1112 2975 1351 3014 redintegratio:
1376 2973 1556 3012 Charisius,
1569 2985 1618 3006 re-

1083 3024 1102 3046 1.
