1852 3216
415 491 854 551 C.'SULP1T11
898 501 1260 550 APOLLIN.

148 636 551 684 PERIOCHA
600 636 683 685 IN
731 636 1067 684 TERENT.
1116 636 1521 685 HECYRAM.

187 801 402 854 UXOREM
423 813 549 854 duxit
570 811 821 868 Pamphilus
843 810 1152 861 Philumenam,

188 877 272 919 Cui
287 878 502 933 quondam
521 878 722 933 ignorans
742 877 894 932 virgini
913 876 1062 918 vitium
1079 875 1256 918 obtulit:

188 944 425 1000 Cujusque,
446 958 525 999 per
544 944 626 985 vim
646 958 772 999 quem
792 941 995 992 detraxit,
1015 940 1188 983 anulum

187 1010 385 1052 Dederat
404 1010 550 1052 amicae
571 1008 780 1051 Bacchidi
796 1007 1091 1050 meretriculae.

188 1075 316 1118 Dein’
338 1075 557 1131 profectus
577 1075 620 1116 in
641 1074 831 1116 Imbrum
850 1081 937 1116 est:
969 1081 1148 1129 nuptam
1167 1073 1286 1115 haud
1305 1075 1473 1130 attigit:

187 1140 317 1182 Hanc
338 1148 474 1182 mater
494 1148 618 1182 utero
638 1140 871 1195 gravidam,
892 1155 947 1181 ne
966 1139 1011 1181 id
1033 1139 1138 1181 sciat
1159 1154 1325 1190 socrus,

188 1206 251 1248 Ut
272 1220 430 1262 aegram
451 1206 507 1247 ad
529 1221 574 1248 se
596 1204 824 1247 transfert:
856 1205 1020 1247 revenit
1039 1203 1315 1260 Pamphilus:

187 1270 494 1327 Deprehendit
513 1278 708 1326 partum:
741 1269 871 1312 celat:
904 1285 1083 1312 uxorem
1103 1277 1245 1312 tamen

187 1337 403 1392 Recipere
423 1351 509 1378 non
527 1336 640 1378 volt:
671 1344 796 1392 pater
815 1337 982 1379 incusat
1004 1336 1234 1388 Bacchidis

187 1402 412 1444 Amorem:
445 1402 548 1444 dum
570 1417 616 1444 se
637 1409 796 1457 purgat
816 1402 1017 1451 Bacchis,
1040 1401 1212 1443 anulum

189 1467 335 1508 Mater
355 1467 513 1508 vitiatae
534 1467 645 1508 forte
666 1468 859 1522 agnoscit
879 1466 1121 1523 Myrrhina.

191 1533 382 1575 Uxorem
402 1533 553 1588 recipit
574 1531 825 1588 Pamphilus
845 1548 941 1576 cum
961 1532 1064 1575 filio.

182 1781 309 1820 AELII
347 1781 581 1828 DONAT1‚
618 1781 669 1820 V.
703 1781 750 1820 C.
789 1780 1072 1820 ORATORIS
1106 1780 1268 1820 URBIS
1306 1779 1496 1827 ROMAE,

335 1856 632 1896 PRAEFATIO
661 1856 722 1894 IN
751 1856 1032 1895 HECYRAM
1062 1855 1347 1895 TERENTII.

130 1964 219 1995 Haec
237 1964 343 1995 fabula
360 1963 550 2006 Apollodori
567 1962 658 2005 (Vid.
675 1963 784 1995 Sidon.
804 1963 911 2006 Apoll.
926 1963 969 1996 iv.
988 1963 1094 2006 Epist.
1115 1964 1163 1994 12.
1186 1962 1242 2004 L.)
1260 1973 1330 1994 esse
1346 1962 1465 1994 dicitur
1480 1963 1602 1994 Graeca.

76 2021 161 2052 Nam
177 2027 211 2052 et
231 2020 302 2062 ipsa
322 2026 354 2051 et
369 2021 510 2051 Phormio
524 2019 564 2050 ab
588 2018 700 2050 eodem
719 2019 872 2051 dicuntur
894 2030 965 2051 esse
987 2019 1167 2051 translatae:
1191 2029 1290 2060 quum
1313 2018 1445 2059 reliquae
1468 2023 1605 2059 quatuor

74 2075 141 2107 sint
165 2074 340 2106 Menandri
362 2073 486 2105 comici.
531 2075 656 2114 Hecyra
679 2079 788 2105 autem
812 2073 931 2105 dicitur
953 2073 1038 2110 ideo,
1061 2073 1136 2114 quia
1157 2083 1216 2115 per
1237 2083 1348 2104 socrus
1371 2078 1403 2103 et
1424 2082 1552 2103 soceros
1568 2072 1604 2103 in

75 2139 114 2160 ea
137 2135 277 2171 aguntur
302 2128 412 2159 multa.
459 2128 545 2159 Nam
568 2134 601 2159 et
623 2126 730 2168 ἑκυρὸς
751 2133 784 2159 et
806 2127 908 2167 ἑκυρὰ,
932 2127 1035 2159 soceri
1058 2137 1186 2164 nomen,
1209 2136 1382 2167 socrusque
1410 2125 1604 2167 significant.

76 2183 138 2214 Est
151 2189 259 2214 autem
275 2182 376 2214 mixta
392 2182 537 2213 motoriis
552 2181 676 2213 actibus
691 2192 727 2212 ac
741 2181 901 2213 statariis:
925 2181 1126 2222 multumque
1139 2180 1373 2212 sententiarum
1385 2186 1418 2211 et
1429 2180 1604 2221 figurarum

75 2237 220 2268 continet
239 2236 273 2268 in
292 2243 358 2268 toto
378 2236 461 2268 stilo.
508 2235 604 2267 Unde
626 2246 725 2276 quum
747 2235 887 2267 delectet
907 2235 1101 2277 plurimum3
1125 2245 1190 2265 non
1213 2234 1320 2265 minus
1341 2233 1491 2265 utilitatis
1512 2233 1606 2266 affert

75 2290 318 2332 spectatoribus.
363 2290 471 2331 Atque
491 2288 525 2320 in
546 2289 606 2320 hac
626 2288 739 2331 primae
754 2295 863 2331 partes
878 2294 955 2320 sunt
971 2287 1130 2325 Lachetis,
1148 2287 1297 2319 secundae
1313 2286 1485 2328 Pamphili,
1501 2287 1605 2319 tertiae

77 2344 242 2386 Phidippi,
258 2350 380 2385 quartae
397 2342 626 2375 Parmenonis:
650 2353 687 2374 ac
711 2342 864 2385 deinceps
886 2342 1022 2374 aliarum
1044 2352 1264 2384 personarum,
1281 2351 1352 2382 quae
1373 2341 1425 2372 his
1446 2341 1606 2382 adjunctae

77 2405 162 2429 sunt.
218 2397 334 2429 Divisa
357 2404 407 2429 est
431 2404 550 2435 autem,
576 2403 613 2428 ut
636 2404 770 2434 caeterae‚
796 2396 937 2438 quinque
960 2396 1085 2428 actibus
1110 2395 1273 2437 legitimis,
1302 2405 1382 2436 quos
1407 2394 1441 2426 in
1468 2395 1606 2428 subditis

78 2451 321 2492 distinguemus.
369 2452 410 2483 In
435 2452 494 2483 hac
521 2451 678 2492 Prologus
702 2457 752 2482 est
778 2459 812 2481 et
834 2450 1014 2493 multiplex,
1040 2456 1072 2481 et
1095 2449 1274 2481 rhetoricus
1300 2448 1407 2486 nimis,
1434 2455 1607 2491 propterea

78 2505 164 2546 quod
186 2515 271 2546 saepe
295 2505 425 2537 exclusa
449 2506 517 2536 haec
540 2504 706 2542 comoedia,
729 2504 979 2546 diligentissima
1004 2503 1192 2535 defensione
1215 2502 1390 2544 indigebat.
1434 2503 1544 2544 Atque
1570 2504 1606 2536 in

78 2559 138 2590 hac
155 2560 292 2590 Protasn's
307 2559 491 2591 turbulenta
506 2566 564 2597 est,
581 2561 721 2599 Epitasis
741 2558 877 2596 mollior,
893 2558 976 2589 lenis
994 2559 1201 2598 Catastrophe.
1247 2557 1331 2588 Acta
1352 2567 1430 2588 sane
1452 2564 1501 2589 est
1521 2557 1607 2591 ludia

79 2611 331 2653 Megalensibus,
356 2612 456 2644 Sexto
478 2612 577 2650 Julio,
602 2612 638 2643 C.
656 2612 792 2643 Rabirio
814 2611 980 2644 AEdilibus
1002 2611 1185 2644 curulibus:
1210 2610 1339 2652 egitque
1363 2611 1400 2642 L.
1423 2611 1605 2646 Ambivium

81 2666 270 2698 Modulatus
292 2671 341 2696 est
364 2675 433 2696 eam
457 2665 591 2696 Flaccus
614 2665 769 2697 Claudius
794 2665 881 2696 tibiis
905 2665 1045 2707 paribus.
1090 2665 1173 2696 'rota
1196 2665 1311 2696 Graeca
1333 2671 1392 2702 est,
1407 2664 1554 2708 facmque
1573 2674 1607 2699 et

81 2720 168 2752 edita
183 2718 296 2760 quinto
311 2718 391 2755 loco,
409 2718 468 2749 Cn.
485 2717 631 2755 Octavio,
648 2718 686 2749 T.
704 2718 831 2749 Manlio
846 2719 935 2750 Coss.
967 2717 1101 2749 Cantica
1123 2724 1156 2749 et
1177 2718 1322 2750 diverbia
1344 2729 1469 2751 summo
1489 2719 1524 2751 in
1546 2721 1606 2754 hac

80 2774 189 2806 favore
205 2778 355 2814 suscepta
367 2779 452 2803 sunt.
498 2770 677 2810 Προτατικὰ
692 2771 725 2802 in
739 2771 799 2802 hac
814 2771 973 2812 πρόσωπα,
990 2771 1024 2802 id
1040 2778 1098 2809 est,
1115 2782 1260 2813 personae
1275 2778 1367 2804 extra
1382 2781 1605 2814 argumentum

82 2829 154 2860 duae
175 2833 260 2864 sunt,
278 2825 450 2857 Philotidis
466 2832 499 2856 et
522 2825 620 2866 Syrae.
668 2825 708 2855 ln
724 2830 791 2856 tota
806 2825 963 2856 comoedia
982 2825 1043 2856 hoc
1066 2825 1181 2866 agitur,
1198 2832 1235 2857 ut
1256 2836 1308 2857 res
1330 2836 1421 2858 novoe
1442 2827 1531 2866 fiant,
1546 2839 1606 2862 nec

81 2890 188 2914 tamen
212 2881 405 2912 abhorreant
427 2890 446 2910 a
467 2877 708 2910 consuetudine.
756 2878 959 2910 Inducuntur
981 2878 1067 2909 enim
1091 2878 1254 2910 benevolae
1275 2889 1404 2916 socrusz
1426 2884 1607 2915 verecunda

81 2946 198 2973 nurus3
224 2935 407 2967 lenissimus
424 2933 456 2965 in
474 2943 606 2964 uxorem
623 2931 768 2970 maritus,
785 2939 817 2964 et
833 2932 909 2964 item
926 2931 1054 2963 deditus
1071 2932 1164 2964 matri
1178 2943 1262 2970 suaeg
1286 2933 1439 2966 meretrix
1454 2935 1546 2968 bona.
