1852 3216
657 178 1071 223 EUNUCHUS.
1555 179 1637 221 193

151 271 313 327 Virgo:
344 270 450 326 quid
469 284 552 326 ego
571 270 667 326 ejus
687 270 767 312 tibi
786 284 900 312 nunc
921 269 1074 312 faciem
1100 268 1332 326 praedicem
1351 274 1427 310 aut
1446 266 1634 318 laudem,

234 335 457 392 Antipho;

148 401 298 449 Quum
313 401 455 457 ipsum
466 415 535 443 me
550 401 683 451 noris,
692 415 823 456 quam
835 399 1012 456 elegans
1026 399 1259 442 formarum
1273 404 1493 454 spectator
1504 398 1636 440 siem³

148 466 201 508 In
231 466 313 509 hac
343 473 581 509 commotus
613 481 721 508 sum.
780 465 872 508 Au.
902 465 1003 508 Ain’
1024 468 1102 508 tu?
1163 464 1250 507 Cn.
1282 463 1471 506 Primam
1501 463 1637 515 dices,

235 532 339 582 scio,
363 532 399 573 si
418 532 593 574 videris.
1571 547 1574 549 ¹

92 602 134 635 20
151 596 273 644 Quid
293 596 427 639 multa
446 597 608 639 verba?
640 611 782 639 amare
802 597 940 652 coepi:
973 595 1085 638 forte
1105 594 1279 637 fortuna
1297 594 1415 637 domi

150 662 262 704 Erat
278 662 454 718 quidam
474 661 715 713 eunuchus,
731 677 859 717 quem
876 669 1092 704 mercatus
1111 660 1256 703 fuerat
1275 659 1410 702 frater
1425 658 1612 702 Thaidi:

149 728 334 783 Neque
322 743 359 770 is
373 728 588 770 deductus
602 728 730 769 etiam
745 727 850 769 dum
861 728 918 770 ad
930 742 1043 769 eam.
1077 726 1326 769 submonuit
1338 740 1406 768 me
1423 724 1638 767 Parmeno

150 792 219 835 Ibi
237 808 401 843 servus,
418 793 537 848 quod
553 807 636 848 ego
652 792 829 847 arripui.
880 791 973 834 AN.
997 791 1118 840 Quid
1133 791 1179 833 id
1199 792 1296 833 est?
1347 790 1432 832 Cn.
1454 789 1638 832 Tacitus

237 858 362 900 citius
381 858 557 900 audies:

151 922 216 964 Ut
229 929 394 964 vestem
408 937 504 965 cum
518 937 572 964 eo
586 930 761 973 mutem,
780 930 826 964 et
841 936 923 977 pro
938 921 1011 963 illo
1020 922 1199 976 jubeam
1211 935 1280 963 me
1295 919 1392 962 illoc
1413 919 1636 962 deducier.

93 996 135 1026 25
150 986 243 1029 AN.
262 987 351 1029 Pro
366 987 637 1029 eunuchon’?
689 986 773 1029 Cn.
789 987 863 1029 Sic
875 994 958 1028 est.
1010 986 1103 1028 AN.
1124 985 1246 1033 Quid
1260 1000 1319 1027 ex
1333 999 1385 1027 ea
1400 999 1448 1027 re
1462 985 1638 1028 tandem

235 1059 284 1093 ut
304 1066 482 1106 caperes
504 1051 744 1093 commodi?

150 1117 235 1159 Cn.
257 1117 438 1172 Rogas?
475 1117 680 1168 viderem,
697 1117 905 1167 audirem,
919 1131 1059 1158 essem
1071 1130 1173 1166 una,
1189 1129 1374 1170 quacum
1394 1114 1636 1169 cupiebam,

234 1180 447 1237 Antipho.

148 1245 270 1288 Num
289 1261 424 1302 parva
443 1261 588 1298 causa,
607 1253 685 1289 aut
702 1261 837 1302 parva
857 1245 1049 1288 ratio’st't'
1091 1244 1276 1287 traditus
1298 1259 1394 1286 sum
1411 1243 1595 1287 mulieri.

149 1310 230 1352 Illa
250 1310 347 1353 ilico
366 1311 443 1353 ubi
460 1326 528 1353 me
548 1312 731 1367 accepit,
751 1311 852 1353 laeta
870 1325 974 1353 vero
993 1310 1050 1351 ad
1072 1324 1118 1352 se
1139 1309 1317 1351 abducit
1336 1309 1534 1351 domum:

93 195 235 226 semu
258 181 320 237 v.]

142 1460 192 1492 17.
219 1461 303 1493 Quid
322 1470 377 1500 ego
397 1458 464 1499 ejus
486 1458 562 1500 tibi]
586 1458 676 1490 Ordo
697 1458 751 1490 hic
773 1468 844 1490 esse

97 1501 203 1539 debet,
222 1504 306 1536 Quid
316 1513 372 1542 ego
384 1501 451 1542 ejus
466 1504 525 1533 tibi
540 1501 741 1542 nunesaciem
760 1512 843 1541 μνω-

97 1546 194 1576 dice-
216 1550 272 1576 aut
292 1546 421 1581 lauden,
445 1545 602 1585 Antipho?
631 1547 664 1575 in
686 1546 743 1575 hae
764 1555 843 1575 eou-

97 1593 193 1618 notus
203 1598 286 1618 suut.-
303 1599 392 1628 qnmm
406 1599 451 1618 me
466 1590 564 1627 ipsum
579 1590 670 1624 noris,
681 1598 770 1627 quam
781 1588 842 1618 ele·

887 1463 1060 1500 repertam,
1083 1457 1146 1488 fuit
1167 1456 1264 1499 plane
1286 1457 1356 1488 veri
1379 1457 1533 1490 amatoris
1555 1458 1637 1490 arria

887 1511 976 1542 pere.
1009 1501 1050 1531 D.
1053 1500 1170 1531 —Etsi
1185 1503 1279 1531 etiam
1293 1502 1366 1531 dum
1380 1500 1415 1531 in
1435 1500 1506 1532 cod.
1524 1501 1639 1533 Bemb.

887 1553 923 1574 re
947 1543 1066 1579 eritur;
1090 1553 1164 1574 cum
1178 1549 1286 1574 tamen
1302 1543 1338 1574 in
1354 1553 1389 1574 re
1403 1544 1557 1585 praesenti
1573 1544 1641 1576 dici

887 1592 999 1623 soeat,
1012 1585 1248 1634 praeferendum
1264 1592 1345 1626 puto
1358 1589 1452 1617 etiam
1466 1591 1540 1624 tum,
1552 1586 1640 1628 quod

93 1629 346 1671 genesar-narum
357 1635 509 1670 spectator
520 1632 603 1667 siem,
616 1636 653 1660 ut
665 1630 708 1660 sit
718 1640 844 1666 sensus,

97 1674 130 1704 ἔτι
145 1674 202 1704 hac
216 1678 375 1704 emmanu
388 1684 474 1704 sum:
497 1673 553 1704 ille
575 1672 709 1709 scilicet,
725 1672 792 1713 qui,
808 1678 845 1703 ut

98 1714 171 1751 scis,
187 1715 305 1746 formas
321 1716 403 1746 solet
418 1715 537 1757 eligere
559 1726 596 1747 ac
617 1715 763 1747 fastidire
785 1726 845 1757 pro

97 1757 225 1789 merito.
277 1757 399 1789 Faciem
431 1761 594 1798 praediceu
622 1764 678 1789 aut
707 1757 843 1798 laudem]

98 1802 317 1837 Praedicoenas.
345 1808 382 1832 ut
401 1811 455 1832 res
477 1808 577 1832 sunt:
606 1803 765 1832 laudamus
786 1811 843 1832 ex-

99 1843 252 1874 tollendo.
293 1843 357 1874 Vel
378 1845 581 1884 praedioamue
603 1854 706 1891 voce-2
735 1845 844 1891 lauda-

97 1897 213 1966 Etistet,
230 1886 723 1970 ponpffiejg.quiljeegzaadssin
745 1886 846 1917 Thea

145 1973 195 2002 18.
233 1974 330 2006 Οηαιη
354 1974 476 2013 elegans
495 1970 667 2011 sor-marum
695 1976 847 2011 spectator

96 2013 215 2055 sien-2]
254 2014 396 2055 Elegans
434 2022 597 2056 spectator
626 2021 685 2052 est,
712 2014 768 2054 qui
804 2013 848 2045 sit

98 2057 281 2088 cunctantis
302 2064 336 2088 et
359 2057 517 2088 fastidiosi
537 2057 671 2097 judicii:
704 2056 757 2088 cui
780 2067 847 2087 non

98 2100 177 2140 qnid
198 2100 306 2142 placet
326 2100 429 2131 facile.
469 2099 645 2141 Spectator]
670 2100 844 2131 Probatur:

98 2149 163 2217 uomm‘
163 2143 523 2217 Ξὲῗξωῗῖἑΐΐᾶἕ
530 2143 722 2220 νέἶῗὸἳίἑ.
737 2143 848 2225 ..ῗὶῖ

98 2239 165 2260 un
179 2231 270 2260 noris.
306 2229 371 2260 Sed
386 2230 510 2260 Auctor
525 2228 656 2270 scripsit
670 2231 743 2268 ipse.
774 2229 812 2260 B.

146 2272 196 2303 19.
218 2273 258 2303 In
271 2273 329 2303 hac
340 2277 499 2303 commotus
513 2271 595 2312 snm]
613 2271 644 2302 Ν
648 2281 690 2302 on
704 2277 754 2302 est
768 2281 846 2303 con-

98 2323 254 2355 coquens:
279 2321 365 2346 esset
380 2322 498 2352 autem,
511 2314 539 2345 si
550 2314 723 2351 diceretur,
735 2315 773 2344 In
789 2316 846 2345 hac

100 2365 271 2388 maun
295 2368 341 2388 ne
367 2360 456 2389 scias.
503 2357 579 2388 Erit
606 2367 684 2398 erg-o
710 2357 789 2388 ordo
813 2363 846 2387 et

100 2409 215 2431 sensus
232 2400 287 2440 qui
308 2410 416 2442 supra.
454 2402 592 2431 Primam
613 2401 705 2436 dices,
720 2399 800 2440 scio]
817 2399 847 2430 Ο

101 2440 253 2473 fidoeiam
275 2442 454 2484 elegantiae,
479 2450 514 2474 et
536 2443 577 2474 de
603 2442 719 2474 alienis
745 2441 847 2474 oculis

98 2483 254 2524 judicare.
287 2485 330 2516 D.

146 2527 198 2557 2⁰
234 2525 318 2561 Quid
338 2530 434 2559 nulla
457 2530 575 2560 verba?
623 2539 726 2560 amare
752 2527 846 2568 coepi]

103 2568 228 2600 Ordine
242 2569 319 2610 egit.
356 2571 443 2602 Nam
457 2571 549 2612 priua
565 2577 625 2608 est,
640 2571 847 2608 commoveri,

102 2611 179 2642 inde
192 2621 310 2643 amare.
349 2612 393 2643 Et
403 2613 486 2644 bene
497 2623 563 2644 non
578 2620 654 2644 ante
669 2613 758 2651 dicit,
771 2594 849 2654 quid

102 2664 274 2695 aggressus
302 2654 410 2692 fuerit,
441 2655 505 2687 nixi
533 2656 653 2688 amoris
682 2657 849 2687 mentione

102 2697 253 2738 praelata;
275 2707 339 2738 quo
359 2704 496 2739 cogente
516 2698 600 2730 nihil
622 2705 673 2730 est
692 2699 847 2731 infectum

102 2739 320 2781 cupientibus.
352 2740 394 2771 D.

145 2783 197 2813 21.
222 2782 274 2813 Ob
284 2782 376 2814 codd.
388 2789 422 2814 et
434 2793 557 2814 morem
568 2783 716 2815 Terentii
730 2784 851 2816 colloca

101 2824 488 2866 meatu-rsratersuemt.
520 2826 558 2857 B.

146 2869 198 2899 22.
231 2867 427 2910 Submonuit]
466 2868 600 2900 Leviter
632 2867 777 2904 monnit3
816 2874 850 2900 et

102 2917 200 2948 recte,
212 2910 578 2952 quiam-§dictum
589 2917 650 2943 est.
688 2911 735 2943 Et
746 2918 851 2943 totum

102 2952 242 2995 optime:
275 2963 351 2985 nam
375 2960 413 2985 ut
435 2963 501 2986 non
524 2960 596 2986 erat
621 2953 699 2986 boni
723 2953 849 2986 adole·-

99 2996 207 3029 centis
222 2996 307 3029 hanc
325 2997 474 3030 technam
491 2996 653 3039 reperires
676 2996 724 3030 sic
738 2997 780 3029 ab
794 2996 851 3029 illo

886 1628 923 1659 in
937 1639 974 1659 re
989 1627 1154 1670 praeterita
1169 1628 1298 1659 dicitur.
1331 1629 1368 1659 B.

931 1672 982 1702 23.
1009 1673 1135 1702 Tacitus
1156 1673 1248 1702 citius
1268 1670 1393 1712 audies]
1423 1671 1464 1703 In
1492 1671 1639 1704 oratione

887 1714 1028 1746 solemus
1043 1713 1206 1756 corripere
1221 1720 1315 1745 extra
1329 1715 1477 1746 ordinem
1498 1724 1638 1756 percon·

889 1763 1004 1788 tantes.
1042 1757 1086 1788 Et
1097 1757 1180 1788 bene
1191 1757 1391 1788 celeritatem
1402 1757 1562 1799 promisit,
1575 1768 1641 1799 qua

887 1800 982 1831 facile
997 1806 1128 1831 tenetur
1142 1799 1279 1831 auditor.
1318 1800 1364 1831 Et
1378 1800 1471 1838 mire,
1485 1806 1642 1841 tanquam

888 1842 958 1873 sola
981 1842 1193 1883 interrogatio
1214 1853 1315 1873 morae
1336 1843 1388 1873 sit.
1421 1843 1640 1874 D.—Taeim

889 1884 997 1925 citius]
1013 1885 1052 1915 V.
1070 1886 1107 1916 C.
1128 1886 1254 1916 Tacitus
1268 1887 1321 1923 sis,
1336 1888 1424 1916 citu.
1458 1885 1496 1916 L.

933 1929 984 1958 24.
1008 1929 1052 1958 Et
1069 1939 1128 1967 pro
1149 1929 1203 1958 illo
1209 1928 1338 1967 jubeant
1355 1938 1401 1958 me
1423 1929 1494 1958 illoc
1514 1927 1638 1969 ducier]

889 1972 1018 2002 Jubeam
1041 1969 1146 2001 amico
1169 1969 1262 2007 dixit,
1288 1976 1443 2011 tanquam
1468 1970 1556 2003 inter
1578 1971 1640 2004 ho,

889 2020 983 2044 nesta
1009 2012 1061 2050 sit,
1085 2012 1171 2053 quod
1192 2012 1257 2043 vile
1282 2013 1374 2053 (utile
1400 2013 1450 2044 ed.
1474 2013 1639 2046 Westerh.

890 2056 947 2087 sed
962 2066 1030 2093 cur,
1047 2055 1157 2086 nescio
1174 2055 1229 2095 Z.)
1245 2054 1299 2087 sit.
1335 2056 1383 2087 Et
1400 2062 1496 2098 turpe
1516 2056 1639 2090 sachun

913 2099 1081 2139 letumque
1104 2104 1335 2140 perseverante
1358 2098 1403 2130 im
1428 2099 1564 2131 udentia
1584 2109 1639 2131 re·

903 2148 1025 2173 evatur.
1058 2141 1099 2172 D.
1102 2143 1223 2173 —Cun
1238 2152 1273 2173 eo
1292 2147 1402 2173 nutem
1439 2141 1504 2174 Me.
1516 2142 1559 2173 R.
1570 2153 1641 2174 eun

890 2187 944 2216 illo
965 2190 1083 2215 nuum.
1116 2184 1325 2216 L—Omnes
1345 2184 1439 2216 codd.
1464 2185 1579 2223 nostri,
1605 2191 1641 2217 et

891 2227 963 2259 edd.
987 2233 1065 2258 vett.
1089 2238 1156 2258 cum
1177 2228 1253 2258 5110.-
1283 2233 1382 2258 recte.
1426 2226 1557 2261 Deinde
1577 2237 1642 2271 pro

890 2272 1035 2301 deaut-ier
1048 2280 1162 2301 versus
1176 2269 1319 2311 postulat
1332 2271 1447 2301 ducier.
1480 2269 1519 2301 B.
1631 2292 1634 2295 -

933 2314 983 2344 25.
1011 2312 1163 2347 Quidnam
1177 2323 1214 2344 ez
1231 2324 1268 2344 ea
1290 2324 1323 2344 re
1345 2312 1483 2354 tandm]
1507 2312 1641 2345 Transit

889 2366 909 2387 a
931 2355 1184 2397 reprehensione
1210 2354 1287 2387 facti
1313 2355 1355 2386 ad
1377 2365 1507 2386 causam
1536 2355 1642 2398 ipsius

889 2398 975 2430 facti.
994 2398 1036 2429 D.
1037 2399 1114 2430 -A
1121 2405 1197 2429 vett.
1206 2398 1278 2429 edd.
1286 2404 1319 2429 et
1326 2408 1442 2429 novem
1449 2398 1541 2430 codd.
1548 2399 1643 2431 abest

1058 2441 1136 2473 olim
1149 2441 1259 2472 sedem
1272 2440 1386 2472 habuit
1397 2447 1475 2482 post
1484 2443 1568 2482 qnid.
1599 2441 1640 2474 B.

935 2484 986 2515 26.
1011 2484 1109 2526 Lege,
1128 2486 1256 2525 quit-un.
1296 2483 1344 2515 Cf.
1362 2483 1483 2515 Adel.
1473 2483 1640 2518 1v.⁷.8³.

892 2527 1023 2559 Phorm.
1040 2537 1070 2558 v.
1091 2528 1118 2558 1.
1128 2496 1186 2558 932.
1217 2527 1256 2558 Β.

936 2571 988 2603 27.
1015 2571 1098 2601 Num
1118 2580 1217 2610 parva
1238 2580 1342 2607 ema,
1364 2575 1419 2601 aut
1438 2580 1537 2610 parva
1558 2572 1642 2602 rat-’0

892 2618 938 2644 est
946 2612 981 2654 2]
1006 2613 1059 2643 Sic
1074 2612 1188 2643 illata
1178 2612 1390 2654 interrogatio
1410 2619 1469 2650 est,
1475 2612 1577 2661 qnasi
1597 2612 1642 2644 ad

891 2656 975 2686 hanc
998 2665 1143 2686 annuere
1165 2661 1199 2686 et
1223 2654 1317 2685 vultu
1338 2654 1523 2686 consentire
1539 2655 1640 2688 Anti·

892 2699 958 2740 pho
980 2698 1023 2729 ἐι
1043 2705 1183 2729 coactus.
1222 2697 1462 2730 D.—-Trada·m
1481 2709 1548 2730 ann
1571 2708 1640 2730 nu-

894 2739 980 2781 lieri]
1026 2740 1246 2781 Persequitur,
1285 2740 1556 2781 quemadmodum
1597 2741 1642 2773 nd

894 2783 1043 2815 effectum
1066 2793 1133 2814 ωε
1154 2781 1343 2824 cupiditatis
1363 2783 1559 2825 pervenerit.
1597 2783 1641 2816 B.

890 2827 1025 2868 —Lege
1039 2836 1115 2857 cum
1131 2825 1303 2863 Palmerio,
1312 2836 1414 2866 prm
1425 2827 1557 2858 tuaest.
1587 2826 1629 2858 B.

936 2870 988 2900 28.
1020 2869 1111 2900 Lata
1133 2879 1203 2899 vero
1224 2869 1268 2899 ad
1289 2879 1324 2900 ae
1345 2869 1474 2908 abluere
1497 2870 1640 2901 dom.-

892 2913 1078 2943 mundat
1101 2913 1149 2942 vir
1145 2909 1266 2952 gruem]
1291 2910 1413 2944 Omlfin
1436 2911 1529 2951 mire,
1552 2912 1642 2954 quod

893 2957 975 2991 lata,
1001 2953 1087 2995 quod
1115 2955 1253 2992 nunde,
1281 2953 1368 2996 quod
1396 2955 1524 2994 doum,
1553 2954 1642 2997 quod

893 2998 1256 3070 mendatvirginen.
1304 2995 1643 3041 Specudngtilqet

1103 3049 1123 3071 c

890 2447 946 2473 at.-
970 2451 1047 2482 ergo
