1852 3216
236 137 321 178 lxvi
568 137 651 178 DE
690 136 935 178 METRIS
973 137 1438 179 TERENTIANIS.

378 219 475 259 Nun
489 221 521 259 d
531 222 637 259 remit
679 227 758 259 tent
772 221 955 270 quippiam
1000 222 1247 261 Philumenam
1307 224 1460 262 dolores.

378 273 505 322 Λνδρίς
531 275 635 322 φιλοι
681 289 736 311 και
754 274 899 321 δὴμσναι
999 290 1053 311 και
1069 275 1132 312 τοὺ
1148 291 1267 313 nonu
1307 277 1464 325 ερόστω.

382 327 603 375 Δημόσθοης
683 328 926 375 Δημόσθενυυς
999 331 1181 368 Παιάνωυς
1309 332 1457 379 (γράψε.

377 375 426 414 vi
441 376 632 414 commoda
683 378 733 422 vi,
751 377 942 414 commoda
1000 379 1050 422 vi,
1068 378 1259 416 commoda
1311 380 1361 423 vi,
1380 380 1536 416 commo.

239 447 319 488 Sed
342 455 383 487 et
401 448 440 487 in
460 448 521 487 his
539 451 675 487 διποδία
692 452 857 499 τροχαῖκὴ
876 457 1031 500 tempus
1051 449 1208 500 quidem
1227 458 1267 488 et
1286 450 1455 501 spatium
1473 457 1610 488 exacte
1630 457 1773 494 servat,

239 502 280 542 in
298 501 549 541 incisionibus
577 510 707 541 tamen
735 510 883 554 peccat.
941 501 1139 541 Caeterum
1168 513 1294 541 utram
1314 502 1409 541 velit
1435 504 1626 542 rationem
1651 502 1773 542 lector

238 564 446 608 sequatur:
476 565 659 595 accentus
688 556 727 595 in
755 565 900 594 nostrae
923 555 1103 595 editionis
1131 565 1243 595 textu
1271 557 1459 596 ambabus
1487 570 1598 607 aeque
1630 570 1773 596 conve·

237 610 371 649 niunt:
400 618 442 649 at
466 610 506 649 in
533 623 681 662 nupera
708 609 888 662 quadam,
910 611 1077 648 universi
1106 610 1222 662 hujus
1250 611 1417 662 generis,
1438 624 1605 662 quorum
1634 610 1772 663 ingens

238 664 351 716 copia
369 672 440 711 est,
461 676 596 703 versus
615 677 736 716 prava
754 677 916 702 caesurae
931 663 1179 703 distinctione
1192 663 1448 716 jugulantur3

471 726 704 763 Concurrunt
718 727 792 762 laeti
808 726 859 762 mi
875 725 1018 762 obviam
1036 738 1106 773 cup
1126 725 1134 774 Ι
1154 726 1302 773 pediarii
1318 738 1457 771 omnes,

471 772 616 816 Cetarii,
634 773 732 816 lanii,
751 774 871 821 coqui,
890 773 945 808 far
963 772 972 820 Ι
992 778 1100 817 tores,
1120 774 1327 821 piscatores.

239 833 340 873 Cum
359 834 415 873 sic
434 846 586 872 caesura
602 833 782 885 ponenda
799 841 915 879 esset,

470 894 702 932 Concurrunt
716 896 790 933 laeti
806 896 856 932 mi
873 896 1017 932 obviam
1037 895 1045 944 Ι
1065 895 1283 943 cuppediarii
1300 907 1439 940 omnes,

470 943 617 987 Cetarii,
634 943 733 987 lanii,
752 943 872 991 coqui,
894 942 902 992 Ι
922 943 1086 986 fartores,
1105 944 1310 990 piscatores.

238 1002 342 1042 Illud
358 1016 513 1055 quoque
541 1003 581 1042 in
608 1003 681 1043 hoc
710 1017 851 1056 genere
870 1003 1168 1050 observandum,
1190 1003 1329 1055 pedem
1349 1003 1458 1043 illum
1476 1012 1565 1043 ante
1583 1018 1774 1045 caesuram

236 1057 289 1098 mi
318 1057 464 1096 obviam
490 1065 531 1097 et
548 1056 575 1096 I
598 1057 705 1111 coqui
733 1071 899 1109 semper,
922 1066 965 1096 ut
994 1057 1068 1104 hic,
1089 1058 1276 1096 creticum
1298 1057 1360 1097 vel
1378 1058 1414 1097 ei
1440 1061 1625 1110 ι’σόχρονον
1645 1059 1775 1098 media

236 1112 348 1151 brevi
377 1124 463 1150 esse
491 1119 698 1164 oportere:
727 1111 876 1151 nullum
906 1112 969 1150 hic
998 1111 1104 1163 apud
1122 1120 1298 1151 nostrum
1325 1111 1496 1151 licentiae
1513 1112 1643 1152 locum
1661 1127 1772 1159 esse;

235 1178 316 1205 non
334 1165 458 1218 magis
477 1178 592 1216 quam
611 1166 650 1204 in
679 1165 754 1204 fine
773 1166 926 1204 senarii.
984 1165 1085 1205 Haec
1105 1179 1289 1205 versuum
1308 1166 1447 1206 horum
1466 1166 1614 1206 indoles
1633 1177 1673 1206 et
1691 1167 1774 1206 sola

235 1219 362 1271 gratia
388 1228 470 1259 est:
500 1233 617 1272 quam
645 1220 684 1258 in
711 1228 846 1259 nostra
863 1220 1035 1259 editione
1061 1219 1292 1259 incolumem
1310 1221 1479 1268 habent3
1510 1221 1548 1260 in
1576 1222 1773 1274 prioribus

234 1286 329 1313 vero
347 1282 436 1313 ante
454 1287 526 1312 nos
544 1273 756 1313 innumeris
774 1273 926 1313 mendis
945 1273 1223 1326 strangulatam
1243 1282 1284 1313 et
1301 1274 1507 1328 sepultam.

603 1371 782 1422 Cretici,
804 1371 1064 1422 Bacchiae-i,
1092 1370 1400 1414 Cher-iambici.

289 1450 425 1497 Porro,
445 1464 563 1503 super
581 1451 652 1490 hos
671 1451 856 1490 iambicos
877 1451 1183 1502 trochaicosque,
1204 1452 1320 1490 etiam
1348 1452 1515 1496 creticis,
1542 1451 1772 1498 bacchiacis,

235 1505 584 1557 choriambicisque
603 1505 796 1551 versibus,
812 1505 882 1544 sed
901 1504 1020 1544 semel
1042 1514 1191 1544 tantum
1211 1505 1387 1557 singulis,
1404 1507 1526 1544 utitur
1537 1505 1770 1552 Terentium

234 1559 367 1611 eisque
395 1559 434 1598 in
460 1559 643 1598 monodia
661 1559 864 1604 duntaxat,
883 1572 1082 1610 nunquam
1110 1559 1150 1598 in
1169 1559 1374 1599 diverbio:
1404 1560 1457 1606 hi,
1476 1560 1654 1612 ringente
1681 1559 1773 1599 licet

233 1612 390 1659 invidia,
409 1613 523 1652 nobis
542 1626 584 1652 se
603 1613 708 1665 apud
728 1621 906 1652 nostrum
925 1612 1096 1652 debent.
1087 1627 1096 1635 ·

290 1665 493 1706 Creticus:

513 1718 633 1755 Tanta
647 1730 691 1755 ve
737 1717 880 1755 cordia
871 1730 910 1754 m
954 1721 1039 1755 nata
1055 1720 1223 1767 cuiquam
1268 1721 1307 1755 iit
1323 1720 1402 1756 siet.

514 1765 671 1802 castitas
738 1766 882 1802 castitas
954 1767 1099 1804 castitas
1268 1768 1424 1803 castitas.

290 1814 550 1855 Bacchiacus:

512 1866 644 1903 Adhuc
660 1868 713 1903 Ar
730 1866 738 1955 Ι
757 1865 871 1914 chylis
887 1878 968 1914 quse
983 1867 1027 1903 ad
1072 1867 1190 1903 solent
1207 1879 1358 1916 quaeque
1375 1867 1384 1956 Ι
1402 1868 1555 1915 oportet.

515 1913 696 1950 Honestas
755 1913 924 1950 honestas
1071 1914 1242 1951 honestas
1402 1915 1582 1952 honestas.

288 1972 587 2013 Choriambicus
600 1987 610 2012 :

511 2035 720 2092 'Obstipuit‘
766 2038 910 2083 pectore
926 2048 996 2092 con
1015 2037 1022 2125 Ι
1041 2039 1165 2073 sistere
1187 2037 1240 2073 nil
1258 2042 1266 2131 ι
1283 2037 1410 2074 consili
1426 2038 1516 2093 quit.

513 2083 724 2120 contremui
768 2083 972 2120 contremui
1041 2085 1240 2121 contremui
1285 2085 1534 2121 contremisco.

237 2142 292 2182 Hi
310 2151 450 2190 tamen,
465 2157 572 2183 more
592 2142 748 2190 Graeco,
764 2144 1016 2183 novissimum
1037 2144 1111 2183 sibi
1127 2158 1283 2184 versum
1302 2144 1460 2185 alterius
1478 2145 1631 2197 generis
1650 2145 1768 2184 adsu-

234 2206 356 2244 munt,
376 2206 419 2237 ut
436 2211 508 2250 pro
527 2198 670 2250 rythmi
690 2198 838 2237 ratione
858 2211 946 2237 cum
966 2199 1132 2251 strepitu
1150 2213 1195 2238 ac
1214 2212 1354 2239 canore
1374 2198 1569 2238 finiantur.

887 2293 1118 2338 Clausulae.

288 2374 351 2415 De
379 2373 559 2414 clausulis
581 2374 637 2414 sic
656 2373 787 2413 Varro
809 2373 913 2426 apud
940 2374 1139 2421 Rufinum,
1168 2378 1349 2428 Ρ.2707
1382 2376 1584 2415 Clausulas
1606 2376 1769 2429 primum

235 2428 450 2482 appellatae
466 2427 608 2474 dicunt,
627 2427 726 2481 quod
741 2427 955 2467 clauderent
974 2429 1217 2468 sententiam:
1247 2437 1287 2470 ut
1305 2430 1409 2483 apud
1426 2430 1606 2476 Accium,-

561 2491 622 2527 An
636 2490 751 2527 haec
736 2502 813 2539 Jam
829 2490 932 2527 obliti
949 2491 1034 2529 sunt
1051 2491 1235 2541 Phryges?

235 2551 509 2605 Nonnunquam
527 2549 577 2590 ab
594 2550 653 2589 Ιιίε
670 2550 899 2602 initiumfie:
929 2558 970 2590 ut
988 2551 1094 2605 apud
1112 2552 1322 2600 Gaeeibum,

560 2613 612 2650 Di
627 2613 728 2658 boni,
747 2612 835 2662 quid
849 2613 945 2650 hoc?

235 2673 353 2727 Apud
373 2673 594 2721 Terentium,

561 2735 772 2774 Discrucior
787 2736 909 2773 animi.

237 2795 343 2836 Huic
362 2795 508 2835 ultimae
528 2795 628 2836 adde
647 2796 761 2836 aliam
778 2810 831 2836 ex
845 2804 1000 2836 nostro:

561 2858 700 2897 Occidi.

234 2916 432 2959 Ceterum
450 2918 500 2958 de
518 2918 699 2958 clausulis
718 2920 791 2960 hoc
810 2932 888 2960 uno
905 2920 1029 2960 verbo
1047 2920 1195 2961 dixisse
1213 2921 1406 2963 sufficiat:
1425 2923 1460 2962 ei
1477 2921 1528 2962 ab
1544 2922 1599 2961 eie
1624 2923 1769 2962 initium

221 2973 286 3024 fle,
309 2972 443 3014 liberte
461 2982 551 3013 sunt
570 2982 610 3013 et
628 2973 771 3015 nulliu-
789 2973 903 3015 metri
920 2973 1074 3027 legibus
1089 2975 1312 3017 adstrictae:
1343 2977 1405 3017 sin
1428 2977 1647 3018 sententian
1661 2977 1767 3017 etau-
