<?xml version="1.0" encoding="UTF-8"?>
<!DOCTYPE html PUBLIC "-//W3C//DTD XHTML 1.0 Transitional//EN"
    "http://www.w3.org/TR/xhtml1/DTD/xhtml1-transitional.dtd">
<html xmlns="http://www.w3.org/1999/xhtml" xml:lang="en" lang="en">
 <head>
  <title>
</title>
<meta http-equiv="Content-Type" content="text/html;charset=utf-8" />
  <meta name='ocr-system' content='tesseract 3.04.00' />
  <meta name='ocr-capabilities' content='ocr_page ocr_carea ocr_par ocr_line ocrx_word'/>
</head>
<body>
  <div class='ocr_page' id='page_1' title='image "./comoediaesex00tereuoft_0683.png"; bbox 0 0 1852 3216; ppageno 0'>
   <div class='ocr_carea' id='block_1_1' title="bbox 105 131 348 188">
    <p class='ocr_par' dir='ltr' id='par_1_1' title="bbox 105 131 348 188">
     <span class='ocr_line' id='line_1_1' title="bbox 105 131 348 188; baseline -0.008 -13"><span class='ocrx_word' id='word_1_1' title='bbox 105 145 247 175; x_wconf 67' lang='lat' dir='ltr'>semu</span> <span class='ocrx_word' id='word_1_2' title='bbox 268 131 348 188; x_wconf 60' lang='grc' dir='ltr'>ιι]</span> 
     </span>
    </p>
   </div>
   <div class='ocr_carea' id='block_1_2' title="bbox 247 287 521 330">
    <p class='ocr_par' dir='ltr' id='par_1_2' title="bbox 247 287 521 330">
     <span class='ocr_line' id='line_1_2' title="bbox 247 287 521 330; baseline 0.004 -1"><span class='ocrx_word' id='word_1_3' title='bbox 247 287 521 330; x_wconf 81' lang='lat' dir='ltr'><strong>immutarier.</strong></span> 
     </span>
    </p>
   </div>
   <div class='ocr_carea' id='block_1_3' title="bbox 703 130 1064 175">
    <p class='ocr_par' dir='ltr' id='par_1_3' title="bbox 703 130 1064 175">
     <span class='ocr_line' id='line_1_3' title="bbox 703 130 1064 175; baseline -0.003 -1"><span class='ocrx_word' id='word_1_4' title='bbox 703 130 1064 175; x_wconf 87' lang='lat' dir='ltr'><strong>PHORMIO.</strong></span> 
     </span>
    </p>
   </div>
   <div class='ocr_carea' id='block_1_4' title="bbox 118 220 1168 278">
    <p class='ocr_par' dir='ltr' id='par_1_4' title="bbox 118 220 1168 278">
     <span class='ocr_line' id='line_1_4' title="bbox 118 220 1168 278; baseline 0 -15"><span class='ocrx_word' id='word_1_5' title='bbox 118 260 122 263; x_wconf 87' lang='lat'><strong>.</strong></span> <span class='ocrx_word' id='word_1_6' title='bbox 161 221 474 265; x_wconf 83' lang='lat' dir='ltr'>Commeruisse</span> <span class='ocrx_word' id='word_1_7' title='bbox 494 220 689 278; x_wconf 76' lang='lat' dir='ltr'>culpam-</span> <span class='ocrx_word' id='word_1_8' title='bbox 726 220 812 264; x_wconf 73' lang='lat' dir='ltr'>Pa.</span> <span class='ocrx_word' id='word_1_9' title='bbox 836 220 936 264; x_wconf 91' lang='lat' dir='ltr'>Hoc</span> <span class='ocrx_word' id='word_1_10' title='bbox 956 220 1168 264; x_wconf 86' lang='lat' dir='ltr'>verum&#39;st.</span> 
     </span>
    </p>
   </div>
   <div class='ocr_carea' id='block_1_5' title="bbox 1217 132 1635 276">
    <p class='ocr_par' dir='ltr' id='par_1_5' title="bbox 1217 132 1635 276">
     <span class='ocr_line' id='line_1_5' title="bbox 1549 132 1635 176; baseline 0 0"><span class='ocrx_word' id='word_1_11' title='bbox 1549 132 1635 176; x_wconf 83' lang='lat'>581</span> 
     </span>
     <span class='ocr_line' id='line_1_6' title="bbox 1217 219 1633 276; baseline 0.005 -14"><span class='ocrx_word' id='word_1_12' title='bbox 1217 221 1310 263; x_wconf 78' lang='lat' dir='ltr'>AN.</span> <span class='ocrx_word' id='word_1_13' title='bbox 1336 219 1438 263; x_wconf 86' lang='lat' dir='ltr'>Non</span> <span class='ocrx_word' id='word_1_14' title='bbox 1458 235 1633 276; x_wconf 90' lang='lat' dir='ltr'>possum</span> 
     </span>
    </p>
   </div>
   <div class='ocr_carea' id='block_1_6' title="bbox 105 350 1635 474">
    <p class='ocr_par' dir='ltr' id='par_1_6' title="bbox 105 350 1635 474">
     <span class='ocr_line' id='line_1_7' title="bbox 105 350 1634 409; baseline 0.001 -15"><span class='ocrx_word' id='word_1_15' title='bbox 105 361 148 393; x_wconf 75' lang='lat'>³0</span> <span class='ocrx_word' id='word_1_16' title='bbox 164 352 251 395; x_wconf 73' lang='lat' dir='ltr'>Gn.</span> <span class='ocrx_word' id='word_1_17' title='bbox 276 352 397 401; x_wconf 86' lang='lat' dir='ltr'><strong>Quid</strong></span> <span class='ocrx_word' id='word_1_18' title='bbox 418 352 595 404; x_wconf 85' lang='lat' dir='ltr'>faceres,</span> <span class='ocrx_word' id='word_1_19' title='bbox 617 353 654 395; x_wconf 88' lang='lat' dir='ltr'>si</span> <span class='ocrx_word' id='word_1_20' title='bbox 671 351 787 395; x_wconf 87' lang='lat' dir='ltr'>aliud</span> <span class='ocrx_word' id='word_1_21' title='bbox 807 352 978 409; x_wconf 86' lang='lat' dir='ltr'>gravius</span> <span class='ocrx_word' id='word_1_22' title='bbox 998 352 1075 394; x_wconf 88' lang='lat' dir='ltr'>tibi</span> <span class='ocrx_word' id='word_1_23' title='bbox 1096 366 1208 394; x_wconf 90' lang='lat' dir='ltr'>nunc</span> <span class='ocrx_word' id='word_1_24' title='bbox 1228 350 1474 394; x_wconf 86' lang='lat' dir='ltr'>faciundum</span> <span class='ocrx_word' id='word_1_25' title='bbox 1493 351 1634 395; x_wconf 68' lang='lat' dir='ltr'>foret?</span> 
     </span>
     <span class='ocr_line' id='line_1_8' title="bbox 161 416 1635 474; baseline -0.001 -13"><span class='ocrx_word' id='word_1_26' title='bbox 161 417 254 461; x_wconf 84' lang='lat' dir='ltr'>AN.</span> <span class='ocrx_word' id='word_1_27' title='bbox 288 418 434 466; x_wconf 85' lang='lat' dir='ltr'>Quum</span> <span class='ocrx_word' id='word_1_28' title='bbox 464 418 546 461; x_wconf 93' lang='lat' dir='ltr'>hoc</span> <span class='ocrx_word' id='word_1_29' title='bbox 570 434 656 461; x_wconf 88' lang='lat' dir='ltr'>non</span> <span class='ocrx_word' id='word_1_30' title='bbox 683 433 873 474; x_wconf 90' lang='lat' dir='ltr'>possum,</span> <span class='ocrx_word' id='word_1_31' title='bbox 894 417 999 460; x_wconf 88' lang='lat' dir='ltr'>illud</span> <span class='ocrx_word' id='word_1_32' title='bbox 1026 419 1164 459; x_wconf 90' lang='lat' dir='ltr'>minus</span> <span class='ocrx_word' id='word_1_33' title='bbox 1185 432 1370 474; x_wconf 88' lang='lat' dir='ltr'>possem.</span> <span class='ocrx_word' id='word_1_34' title='bbox 1424 416 1511 459; x_wconf 81' lang='lat' dir='ltr'>GE.</span> <span class='ocrx_word' id='word_1_35' title='bbox 1534 417 1635 460; x_wconf 89' lang='lat' dir='ltr'>Hoc</span> 
     </span>
    </p>
   </div>
   <div class='ocr_carea' id='block_1_7' title="bbox 248 483 860 534">
    <p class='ocr_par' dir='ltr' id='par_1_7' title="bbox 248 483 860 534">
     <span class='ocr_line' id='line_1_9' title="bbox 248 483 860 534; baseline 0.002 -9"><span class='ocrx_word' id='word_1_36' title='bbox 248 483 354 525; x_wconf 90' lang='lat' dir='ltr'>nihil</span> <span class='ocrx_word' id='word_1_37' title='bbox 372 492 452 534; x_wconf 92' lang='lat' dir='ltr'>est,</span> <span class='ocrx_word' id='word_1_38' title='bbox 475 484 701 526; x_wconf 82' lang='lat' dir='ltr'>Phaedria:</span> <span class='ocrx_word' id='word_1_39' title='bbox 734 483 860 526; x_wconf 89' lang='lat' dir='ltr'><strong>ilicet.</strong></span> 
     </span>
    </p>
   </div>
   <div class='ocr_carea' id='block_1_8' title="bbox 163 548 1636 605">
    <p class='ocr_par' dir='ltr' id='par_1_8' title="bbox 163 548 1636 605">
     <span class='ocr_line' id='line_1_10' title="bbox 163 548 1636 605; baseline 0 -14"><span class='ocrx_word' id='word_1_40' title='bbox 163 548 284 597; x_wconf 81' lang='lat' dir='ltr'>Quid</span> <span class='ocrx_word' id='word_1_41' title='bbox 300 550 558 591; x_wconf 90' lang='lat' dir='ltr'>conterimus</span> <span class='ocrx_word' id='word_1_42' title='bbox 575 564 748 605; x_wconf 85' lang='lat' dir='ltr'>operam</span> <span class='ocrx_word' id='word_1_43' title='bbox 763 549 952 592; x_wconf 68' lang='lat' dir='ltr'>frustra?</span> <span class='ocrx_word' id='word_1_44' title='bbox 983 550 1086 605; x_wconf 90' lang='lat' dir='ltr'>quin</span> <span class='ocrx_word' id='word_1_45' title='bbox 1104 550 1237 592; x_wconf 70' lang='lat' dir='ltr'>abeo?</span> <span class='ocrx_word' id='word_1_46' title='bbox 1276 548 1363 591; x_wconf 85' lang='grc' dir='ltr'><strong>ΡΗ.</strong></span> <span class='ocrx_word' id='word_1_47' title='bbox 1384 548 1446 591; x_wconf 91' lang='lat' dir='ltr'>Et</span> <span class='ocrx_word' id='word_1_48' title='bbox 1461 549 1636 605; x_wconf 88' lang='lat' dir='ltr'>quidem</span> 
     </span>
    </p>
   </div>
   <div class='ocr_carea' id='block_1_9' title="bbox 165 614 844 854">
    <p class='ocr_par' dir='ltr' id='par_1_9' title="bbox 166 614 844 730">
     <span class='ocr_line' id='line_1_11' title="bbox 249 614 736 669; baseline 0 -13"><span class='ocrx_word' id='word_1_49' title='bbox 249 629 345 669; x_wconf 86' lang='lat' dir='ltr'>ego.</span> <span class='ocrx_word' id='word_1_50' title='bbox 396 614 488 656; x_wconf 69' lang='lat' dir='ltr'>AN.</span> <span class='ocrx_word' id='word_1_51' title='bbox 513 614 736 657; x_wconf 86' lang='lat' dir='ltr'>Obsecro:</span> 
     </span>
     <span class='ocr_line' id='line_1_12' title="bbox 166 680 844 730; baseline 0.001 -8"><span class='ocrx_word' id='word_1_52' title='bbox 166 681 287 729; x_wconf 84' lang='lat' dir='ltr'>Quid</span> <span class='ocrx_word' id='word_1_53' title='bbox 308 681 342 722; x_wconf 90' lang='lat' dir='ltr'>si</span> <span class='ocrx_word' id='word_1_54' title='bbox 363 680 578 730; x_wconf 88' lang='lat' dir='ltr'>assimulo,</span> <span class='ocrx_word' id='word_1_55' title='bbox 606 680 726 722; x_wconf 89' lang='lat' dir='ltr'>satin&#39;</span> <span class='ocrx_word' id='word_1_56' title='bbox 750 683 844 723; x_wconf 72' lang='lat' dir='ltr'>est?</span> 
     </span>
    </p>

    <p class='ocr_par' dir='ltr' id='par_1_10' title="bbox 165 745 774 854">
     <span class='ocr_line' id='line_1_13' title="bbox 252 745 679 801; baseline 0 -14"><span class='ocrx_word' id='word_1_57' title='bbox 252 745 534 801; x_wconf 88' lang='lat' dir='ltr'>templamini:</span> <span class='ocrx_word' id='word_1_58' title='bbox 566 745 679 796; x_wconf 90' lang='lat' dir='ltr'>hem,</span> 
     </span>
     <span class='ocr_line' id='line_1_14' title="bbox 165 810 774 854; baseline -0.003 0"><span class='ocrx_word' id='word_1_59' title='bbox 165 812 299 854; x_wconf 88' lang='lat' dir='ltr'>Satin’</span> <span class='ocrx_word' id='word_1_60' title='bbox 321 812 380 853; x_wconf 89' lang='lat' dir='ltr'>sic</span> <span class='ocrx_word' id='word_1_61' title='bbox 400 810 494 853; x_wconf 69' lang='lat' dir='ltr'>est?</span> <span class='ocrx_word' id='word_1_62' title='bbox 546 810 633 853; x_wconf 78' lang='lat' dir='ltr'>Gss.</span> <span class='ocrx_word' id='word_1_63' title='bbox 656 810 774 853; x_wconf 91' lang='lat' dir='ltr'>Non.</span> 
     </span>
    </p>
   </div>
   <div class='ocr_carea' id='block_1_10' title="bbox 895 679 1637 724">
    <p class='ocr_par' dir='ltr' id='par_1_11' title="bbox 895 679 1637 724">
     <span class='ocr_line' id='line_1_15' title="bbox 895 679 1637 724; baseline 0.001 -2"><span class='ocrx_word' id='word_1_64' title='bbox 895 680 983 723; x_wconf 70' lang='lat' dir='ltr'>Gn.</span> <span class='ocrx_word' id='word_1_65' title='bbox 1008 680 1176 722; x_wconf 88' lang='lat' dir='ltr'>Garris.</span> <span class='ocrx_word' id='word_1_66' title='bbox 1228 679 1320 723; x_wconf 79' lang='grc' dir='ltr'><strong>ΑΝ.</strong></span> <span class='ocrx_word' id='word_1_67' title='bbox 1339 679 1518 724; x_wconf 79' lang='lat' dir='ltr'>voltum</span> <span class='ocrx_word' id='word_1_68' title='bbox 1536 695 1637 723; x_wconf 88' lang='lat' dir='ltr'>con-</span> 
     </span>
    </p>
   </div>
   <div class='ocr_carea' id='block_1_11' title="bbox 826 809 1640 868">
    <p class='ocr_par' dir='ltr' id='par_1_12' title="bbox 826 809 1640 868">
     <span class='ocr_line' id='line_1_16' title="bbox 826 809 1640 868; baseline 0.004 -16"><span class='ocrx_word' id='word_1_69' title='bbox 826 809 917 853; x_wconf 82' lang='grc' dir='ltr'><strong>ΑΝ.</strong></span> <span class='ocrx_word' id='word_1_70' title='bbox 945 811 1065 860; x_wconf 83' lang='lat' dir='ltr'><strong>Quid</strong></span> <span class='ocrx_word' id='word_1_71' title='bbox 1089 811 1124 853; x_wconf 90' lang='lat' dir='ltr'>si</span> <span class='ocrx_word' id='word_1_72' title='bbox 1149 811 1239 854; x_wconf 65' lang='lat' dir='ltr'>sic?</span> <span class='ocrx_word' id='word_1_73' title='bbox 1289 811 1379 854; x_wconf 74' lang='lat' dir='ltr'><strong>GE·-</strong></span> <span class='ocrx_word' id='word_1_74' title='bbox 1403 811 1640 868; x_wconf 85' lang='lat' dir='ltr'>Propemo-</span> 
     </span>
    </p>
   </div>
   <div class='ocr_carea' id='block_1_12' title="bbox 109 876 1617 1128">
    <p class='ocr_par' dir='ltr' id='par_1_13' title="bbox 109 876 1617 1128">
     <span class='ocr_line' id='line_1_17' title="bbox 250 876 1167 924; baseline -0.001 -5"><span class='ocrx_word' id='word_1_75' title='bbox 250 877 366 919; x_wconf 91' lang='lat' dir='ltr'>dum.</span> <span class='ocrx_word' id='word_1_76' title='bbox 415 876 508 918; x_wconf 80' lang='lat' dir='ltr'>AN.</span> <span class='ocrx_word' id='word_1_77' title='bbox 532 876 652 924; x_wconf 85' lang='lat' dir='ltr'><strong>Quid</strong></span> <span class='ocrx_word' id='word_1_78' title='bbox 673 877 709 918; x_wconf 92' lang='lat' dir='ltr'>si</span> <span class='ocrx_word' id='word_1_79' title='bbox 726 877 816 918; x_wconf 71' lang='lat' dir='ltr'>sic?</span> <span class='ocrx_word' id='word_1_80' title='bbox 865 876 955 918; x_wconf 73' lang='lat' dir='ltr'><strong>Gn.</strong></span> <span class='ocrx_word' id='word_1_81' title='bbox 978 876 1057 918; x_wconf 83' lang='lat' dir='ltr'>Sat</span> <span class='ocrx_word' id='word_1_82' title='bbox 1076 883 1167 918; x_wconf 87' lang='lat' dir='ltr'>est:</span> 
     </span>
     <span class='ocr_line' id='line_1_18' title="bbox 109 942 1617 1000; baseline 0.004 -19"><span class='ocrx_word' id='word_1_83' title='bbox 109 951 150 981; x_wconf 78' lang='grc'>35</span> <span class='ocrx_word' id='word_1_84' title='bbox 166 942 296 993; x_wconf 90' lang='lat' dir='ltr'>Hem,</span> <span class='ocrx_word' id='word_1_85' title='bbox 318 943 428 984; x_wconf 90' lang='lat' dir='ltr'>istuc</span> <span class='ocrx_word' id='word_1_86' title='bbox 449 956 596 984; x_wconf 84' lang='lat' dir='ltr'>serva:</span> <span class='ocrx_word' id='word_1_87' title='bbox 626 949 671 983; x_wconf 88' lang='lat' dir='ltr'>et</span> <span class='ocrx_word' id='word_1_88' title='bbox 690 942 868 983; x_wconf 89' lang='lat' dir='ltr'>verbum</span> <span class='ocrx_word' id='word_1_89' title='bbox 886 943 1034 993; x_wconf 87' lang='lat' dir='ltr'>verbo,</span> <span class='ocrx_word' id='word_1_90' title='bbox 1056 957 1137 998; x_wconf 89' lang='lat' dir='ltr'>par</span> <span class='ocrx_word' id='word_1_91' title='bbox 1156 942 1252 998; x_wconf 90' lang='lat' dir='ltr'>pari</span> <span class='ocrx_word' id='word_1_92' title='bbox 1268 950 1318 984; x_wconf 88' lang='lat' dir='ltr'>ut</span> <span class='ocrx_word' id='word_1_93' title='bbox 1335 944 1617 1000; x_wconf 80' lang='lat' dir='ltr'>respondeaS,</span> 
     </span>
     <span class='ocr_line' id='line_1_19' title="bbox 165 1005 1441 1063; baseline 0 -13"><span class='ocrx_word' id='word_1_94' title='bbox 165 1008 239 1050; x_wconf 94' lang='lat' dir='ltr'>Ne</span> <span class='ocrx_word' id='word_1_95' title='bbox 260 1015 302 1050; x_wconf 89' lang='lat' dir='ltr'>te</span> <span class='ocrx_word' id='word_1_96' title='bbox 322 1007 456 1049; x_wconf 91' lang='lat' dir='ltr'>iratus</span> <span class='ocrx_word' id='word_1_97' title='bbox 479 1008 566 1048; x_wconf 86' lang='lat' dir='ltr'>suis</span> <span class='ocrx_word' id='word_1_98' title='bbox 589 1008 796 1049; x_wconf 89' lang='lat' dir='ltr'>saevidicis</span> <span class='ocrx_word' id='word_1_99' title='bbox 817 1007 942 1049; x_wconf 90' lang='lat' dir='ltr'>dictis</span> <span class='ocrx_word' id='word_1_100' title='bbox 964 1006 1161 1063; x_wconf 85' lang='lat' dir='ltr'>protelet.</span> <span class='ocrx_word' id='word_1_101' title='bbox 1211 1005 1302 1049; x_wconf 79' lang='lat' dir='ltr'>AN.</span> <span class='ocrx_word' id='word_1_102' title='bbox 1326 1007 1441 1050; x_wconf 91' lang='lat' dir='ltr'>Scio.</span> 
     </span>
     <span class='ocr_line' id='line_1_20' title="bbox 165 1071 1466 1128; baseline 0.001 -13"><span class='ocrx_word' id='word_1_103' title='bbox 165 1073 254 1115; x_wconf 72' lang='lat' dir='ltr'>Gn.</span> <span class='ocrx_word' id='word_1_104' title='bbox 277 1072 336 1115; x_wconf 90' lang='lat' dir='ltr'>Vi</span> <span class='ocrx_word' id='word_1_105' title='bbox 356 1079 550 1115; x_wconf 85' lang='lat' dir='ltr'>coactum</span> <span class='ocrx_word' id='word_1_106' title='bbox 570 1079 612 1114; x_wconf 82' lang='lat' dir='ltr'>te</span> <span class='ocrx_word' id='word_1_107' title='bbox 633 1087 729 1115; x_wconf 89' lang='lat' dir='ltr'>esse</span> <span class='ocrx_word' id='word_1_108' title='bbox 746 1073 938 1123; x_wconf 83' lang='lat' dir='ltr'>invitum,</span> <span class='ocrx_word' id='word_1_109' title='bbox 959 1071 1070 1128; x_wconf 88' lang='lat' dir='ltr'>lege,</span> <span class='ocrx_word' id='word_1_110' title='bbox 1086 1073 1252 1128; x_wconf 91' lang='lat' dir='ltr'>judicio</span> <span class='ocrx_word' id='word_1_111' title='bbox 1271 1089 1281 1114; x_wconf 73' lang='grc' dir='ltr'>ε</span> <span class='ocrx_word' id='word_1_112' title='bbox 1313 1076 1466 1116; x_wconf 67' lang='lat' dir='ltr'>tenes?</span> 
     </span>
    </p>
   </div>
   <div class='ocr_carea' id='block_1_13' title="bbox 107 1159 851 1244">
    <p class='ocr_par' dir='ltr' id='par_1_14' title="bbox 107 1159 851 1244">
     <span class='ocr_line' id='line_1_21' title="bbox 151 1159 851 1201; baseline -0.001 -9"><span class='ocrx_word' id='word_1_113' title='bbox 151 1162 202 1192; x_wconf 86' lang='lat'>29.</span> <span class='ocrx_word' id='word_1_114' title='bbox 225 1162 293 1192; x_wconf 87' lang='lat' dir='ltr'>Hoc</span> <span class='ocrx_word' id='word_1_115' title='bbox 313 1171 414 1192; x_wconf 80' lang='lat' dir='ltr'>verum</span> <span class='ocrx_word' id='word_1_116' title='bbox 435 1159 497 1201; x_wconf 78' lang='lat' dir='ltr'>est]</span> <span class='ocrx_word' id='word_1_117' title='bbox 522 1160 672 1201; x_wconf 79' lang='lat' dir='ltr'>Congrue</span> <span class='ocrx_word' id='word_1_118' title='bbox 694 1159 740 1198; x_wconf 85' lang='lat' dir='ltr'>fit,</span> <span class='ocrx_word' id='word_1_119' title='bbox 763 1166 800 1191; x_wconf 88' lang='lat' dir='ltr'>ut</span> <span class='ocrx_word' id='word_1_120' title='bbox 817 1165 851 1191; x_wconf 91' lang='lat' dir='ltr'>et</span> 
     </span>
     <span class='ocr_line' id='line_1_22' title="bbox 107 1203 850 1244; baseline -0.003 -8"><span class='ocrx_word' id='word_1_121' title='bbox 107 1204 192 1236; x_wconf 86' lang='lat' dir='ltr'>Geta</span> <span class='ocrx_word' id='word_1_122' title='bbox 213 1210 246 1235; x_wconf 88' lang='lat' dir='ltr'>et</span> <span class='ocrx_word' id='word_1_123' title='bbox 269 1203 416 1235; x_wconf 65' lang='lat' dir='ltr'>Phaedria</span> <span class='ocrx_word' id='word_1_124' title='bbox 437 1203 623 1235; x_wconf 84' lang='lat' dir='ltr'>audaciores</span> <span class='ocrx_word' id='word_1_125' title='bbox 644 1203 718 1240; x_wconf 86' lang='lat' dir='ltr'>sint,</span> <span class='ocrx_word' id='word_1_126' title='bbox 740 1203 795 1244; x_wconf 90' lang='lat' dir='ltr'>qui</span> <span class='ocrx_word' id='word_1_127' title='bbox 817 1209 850 1234; x_wconf 89' lang='lat' dir='ltr'>et</span> 
     </span>
    </p>
   </div>
   <div class='ocr_carea' id='block_1_14' title="bbox 108 1246 868 1289">
    <p class='ocr_par' dir='ltr' id='par_1_15' title="bbox 108 1246 868 1289">
     <span class='ocr_line' id='line_1_23' title="bbox 108 1246 868 1289; baseline -0.003 -10"><span class='ocrx_word' id='word_1_128' title='bbox 108 1248 228 1288; x_wconf 79' lang='lat' dir='ltr'>absque</span> <span class='ocrx_word' id='word_1_129' title='bbox 243 1257 350 1278; x_wconf 85' lang='lat' dir='ltr'>amore</span> <span class='ocrx_word' id='word_1_130' title='bbox 365 1253 460 1278; x_wconf 87' lang='lat' dir='ltr'>sunt:</span> <span class='ocrx_word' id='word_1_131' title='bbox 485 1253 518 1278; x_wconf 89' lang='lat' dir='ltr'>et</span> <span class='ocrx_word' id='word_1_132' title='bbox 531 1247 590 1278; x_wconf 89' lang='lat' dir='ltr'>hos</span> <span class='ocrx_word' id='word_1_133' title='bbox 605 1253 732 1289; x_wconf 79' lang='lat' dir='ltr'>oportet</span> <span class='ocrx_word' id='word_1_134' title='bbox 743 1246 849 1287; x_wconf 87' lang='lat' dir='ltr'>objici,</span> <span class='ocrx_word' id='word_1_135' title='bbox 860 1251 868 1258; x_wconf 84' lang='lat'><strong><em>‘</em></strong></span> 
     </span>
    </p>
   </div>
   <div class='ocr_carea' id='block_1_15' title="bbox 107 1289 860 3015">
    <p class='ocr_par' dir='ltr' id='par_1_16' title="bbox 108 1289 852 1505">
     <span class='ocr_line' id='line_1_24' title="bbox 108 1289 851 1332; baseline -0.003 -10"><span class='ocrx_word' id='word_1_136' title='bbox 108 1301 169 1332; x_wconf 84' lang='lat' dir='ltr'>pro</span> <span class='ocrx_word' id='word_1_137' title='bbox 192 1290 389 1332; x_wconf 81' lang='lat' dir='ltr'>Antiphone,</span> <span class='ocrx_word' id='word_1_138' title='bbox 411 1289 494 1320; x_wconf 84' lang='lat' dir='ltr'>irato</span> <span class='ocrx_word' id='word_1_139' title='bbox 519 1289 598 1321; x_wconf 86' lang='lat' dir='ltr'>seni.</span> <span class='ocrx_word' id='word_1_140' title='bbox 644 1291 714 1321; x_wconf 86' lang='lat' dir='ltr'>Non</span> <span class='ocrx_word' id='word_1_141' title='bbox 733 1301 851 1330; x_wconf 72' lang='lat' dir='ltr'>possum</span> 
     </span>
     <span class='ocr_line' id='line_1_25' title="bbox 109 1332 851 1374; baseline -0.003 -9"><span class='ocrx_word' id='word_1_142' title='bbox 109 1333 312 1374; x_wconf 77' lang='lat' dir='ltr'>immutarier]</span> <span class='ocrx_word' id='word_1_143' title='bbox 328 1333 403 1363; x_wconf 86' lang='lat' dir='ltr'>Vim</span> <span class='ocrx_word' id='word_1_144' title='bbox 416 1333 564 1374; x_wconf 87' lang='lat' dir='ltr'>negantis</span> <span class='ocrx_word' id='word_1_145' title='bbox 576 1333 636 1364; x_wconf 86' lang='lat' dir='ltr'>hoc</span> <span class='ocrx_word' id='word_1_146' title='bbox 648 1333 753 1371; x_wconf 85' lang='lat' dir='ltr'>habet,</span> <span class='ocrx_word' id='word_1_147' title='bbox 766 1332 851 1374; x_wconf 91' lang='lat' dir='ltr'>quod</span> 
     </span>
     <span class='ocr_line' id='line_1_26' title="bbox 108 1376 852 1413; baseline -0.003 -4"><span class='ocrx_word' id='word_1_148' title='bbox 108 1377 156 1409; x_wconf 77' lang='lat' dir='ltr'>ait</span> <span class='ocrx_word' id='word_1_149' title='bbox 182 1378 368 1408; x_wconf 75' lang='lat' dir='ltr'>immutarier</span> <span class='ocrx_word' id='word_1_150' title='bbox 385 1388 395 1406; x_wconf 95' lang='grc'><strong>.·</strong></span> <span class='ocrx_word' id='word_1_151' title='bbox 433 1376 574 1407; x_wconf 85' lang='lat' dir='ltr'>ostendit</span> <span class='ocrx_word' id='word_1_152' title='bbox 599 1376 697 1413; x_wconf 80' lang='lat' dir='ltr'>enim,</span> <span class='ocrx_word' id='word_1_153' title='bbox 730 1383 852 1407; x_wconf 82' lang='lat' dir='ltr'>naturae</span> 
     </span>
     <span class='ocr_line' id='line_1_27' title="bbox 109 1419 852 1452; baseline -0.003 0"><span class='ocrx_word' id='word_1_154' title='bbox 109 1431 176 1452; x_wconf 79' lang='lat' dir='ltr'>suae</span> <span class='ocrx_word' id='word_1_155' title='bbox 207 1420 409 1451; x_wconf 71' lang='lat' dir='ltr'>timiditatem</span> <span class='ocrx_word' id='word_1_156' title='bbox 443 1419 541 1450; x_wconf 88' lang='lat' dir='ltr'>nullis</span> <span class='ocrx_word' id='word_1_157' title='bbox 576 1419 852 1451; x_wconf 82' lang='lat' dir='ltr'>adhortationibus</span> 
     </span>
     <span class='ocr_line' id='line_1_28' title="bbox 109 1463 376 1505; baseline 0 -11"><span class='ocrx_word' id='word_1_158' title='bbox 109 1463 183 1504; x_wconf 87' lang='lat' dir='ltr'>ejici</span> <span class='ocrx_word' id='word_1_159' title='bbox 199 1473 302 1505; x_wconf 87' lang='lat' dir='ltr'>posse.</span> <span class='ocrx_word' id='word_1_160' title='bbox 335 1463 376 1494; x_wconf 88' lang='lat' dir='ltr'>D.</span> 
     </span>
    </p>

    <p class='ocr_par' dir='ltr' id='par_1_17' title="bbox 107 1505 853 1883">
     <span class='ocr_line' id='line_1_29' title="bbox 154 1505 853 1546; baseline -0.001 -9"><span class='ocrx_word' id='word_1_161' title='bbox 154 1508 204 1537; x_wconf 91' lang='grc'>30.</span> <span class='ocrx_word' id='word_1_162' title='bbox 231 1509 313 1540; x_wconf 83' lang='lat' dir='ltr'>Quid</span> <span class='ocrx_word' id='word_1_163' title='bbox 324 1505 456 1546; x_wconf 81' lang='lat' dir='ltr'>faceres,</span> <span class='ocrx_word' id='word_1_164' title='bbox 479 1508 507 1536; x_wconf 70' lang='grc' dir='ltr'>εἰ</span> <span class='ocrx_word' id='word_1_165' title='bbox 528 1507 616 1536; x_wconf 80' lang='lat' dir='ltr'>aliud</span> <span class='ocrx_word' id='word_1_166' title='bbox 639 1507 766 1546; x_wconf 71' lang='lat' dir='ltr'>gravius</span> <span class='ocrx_word' id='word_1_167' title='bbox 795 1507 853 1536; x_wconf 83' lang='lat' dir='ltr'>tibi</span> 
     </span>
     <span class='ocr_line' id='line_1_30' title="bbox 108 1548 852 1590; baseline -0.001 -9"><span class='ocrx_word' id='word_1_168' title='bbox 108 1561 187 1581; x_wconf 82' lang='lat' dir='ltr'>nunc</span> <span class='ocrx_word' id='word_1_169' title='bbox 220 1549 402 1590; x_wconf 82' lang='lat' dir='ltr'>faciundum</span> <span class='ocrx_word' id='word_1_170' title='bbox 438 1548 540 1590; x_wconf 86' lang='lat' dir='ltr'>soret]</span> <span class='ocrx_word' id='word_1_171' title='bbox 578 1549 668 1579; x_wconf 86' lang='lat' dir='ltr'>Bene</span> <span class='ocrx_word' id='word_1_172' title='bbox 699 1551 825 1589; x_wconf 73' lang='lat' dir='ltr'>gravius</span> <span class='ocrx_word' id='word_1_173' title='bbox 841 1562 852 1580; x_wconf 91' lang='lat'><em>:</em></span> 
     </span>
     <span class='ocr_line' id='line_1_31' title="bbox 107 1591 851 1634; baseline -0.003 -10"><span class='ocrx_word' id='word_1_174' title='bbox 107 1593 184 1634; x_wconf 91' lang='lat' dir='ltr'>quia</span> <span class='ocrx_word' id='word_1_175' title='bbox 199 1593 259 1624; x_wconf 88' lang='lat' dir='ltr'>hoc</span> <span class='ocrx_word' id='word_1_176' title='bbox 272 1604 365 1633; x_wconf 81' lang='lat' dir='ltr'>grave</span> <span class='ocrx_word' id='word_1_177' title='bbox 375 1606 386 1623; x_wconf 88' lang='lat'>.·</span> <span class='ocrx_word' id='word_1_178' title='bbox 409 1599 445 1622; x_wconf 91' lang='lat' dir='ltr'>ut</span> <span class='ocrx_word' id='word_1_179' title='bbox 461 1591 570 1623; x_wconf 84' lang='lat' dir='ltr'>videas</span> <span class='ocrx_word' id='word_1_180' title='bbox 584 1591 687 1633; x_wconf 85' lang='lat' dir='ltr'>ipsam</span> <span class='ocrx_word' id='word_1_181' title='bbox 702 1591 851 1622; x_wconf 84' lang='lat' dir='ltr'>adhorta·</span> 
     </span>
     <span class='ocr_line' id='line_1_32' title="bbox 113 1635 853 1676; baseline -0.003 -9"><span class='ocrx_word' id='word_1_182' title='bbox 113 1636 234 1667; x_wconf 89' lang='lat' dir='ltr'>tionem</span> <span class='ocrx_word' id='word_1_183' title='bbox 248 1636 312 1667; x_wconf 90' lang='lat' dir='ltr'>vim</span> <span class='ocrx_word' id='word_1_184' title='bbox 324 1636 441 1667; x_wconf 87' lang='lat' dir='ltr'>habere</span> <span class='ocrx_word' id='word_1_185' title='bbox 452 1635 667 1672; x_wconf 76' lang='lat' dir='ltr'>concedentis,</span> <span class='ocrx_word' id='word_1_186' title='bbox 679 1646 771 1676; x_wconf 75' lang='lat' dir='ltr'>grave</span> <span class='ocrx_word' id='word_1_187' title='bbox 784 1645 853 1666; x_wconf 87' lang='lat' dir='ltr'>esse</span> 
     </span>
     <span class='ocr_line' id='line_1_33' title="bbox 111 1678 853 1721; baseline -0.001 -11"><span class='ocrx_word' id='word_1_188' title='bbox 111 1679 197 1721; x_wconf 86' lang='lat' dir='ltr'>quod</span> <span class='ocrx_word' id='word_1_189' title='bbox 230 1679 362 1720; x_wconf 87' lang='lat' dir='ltr'>geritur.</span> <span class='ocrx_word' id='word_1_190' title='bbox 408 1679 568 1710; x_wconf 87' lang='lat' dir='ltr'>D.-—Etsi</span> <span class='ocrx_word' id='word_1_191' title='bbox 600 1679 744 1709; x_wconf 87' lang='lat' dir='ltr'>Faernus</span> <span class='ocrx_word' id='word_1_192' title='bbox 773 1678 853 1709; x_wconf 82' lang='lat' dir='ltr'>illud</span> 
     </span>
     <span class='ocr_line' id='line_1_34' title="bbox 112 1721 852 1764; baseline -0.003 -10"><span class='ocrx_word' id='word_1_193' title='bbox 112 1725 188 1764; x_wconf 80' lang='lat' dir='ltr'>quid</span> <span class='ocrx_word' id='word_1_194' title='bbox 206 1730 281 1764; x_wconf 88' lang='lat' dir='ltr'>post</span> <span class='ocrx_word' id='word_1_195' title='bbox 301 1724 388 1753; x_wconf 83' lang='lat' dir='ltr'>aliud</span> <span class='ocrx_word' id='word_1_196' title='bbox 408 1723 448 1753; x_wconf 94' lang='lat' dir='ltr'>ob</span> <span class='ocrx_word' id='word_1_197' title='bbox 475 1721 571 1753; x_wconf 86' lang='lat' dir='ltr'>fidem</span> <span class='ocrx_word' id='word_1_198' title='bbox 601 1731 731 1752; x_wconf 84' lang='lat' dir='ltr'>suorum</span> <span class='ocrx_word' id='word_1_199' title='bbox 761 1721 852 1752; x_wconf 90' lang='lat' dir='ltr'>codd.</span> 
     </span>
     <span class='ocr_line' id='line_1_35' title="bbox 113 1765 853 1807; baseline -0.003 -10"><span class='ocrx_word' id='word_1_200' title='bbox 113 1766 222 1801; x_wconf 82' lang='lat' dir='ltr'>delet;</span> <span class='ocrx_word' id='word_1_201' title='bbox 261 1776 320 1807; x_wconf 84' lang='lat' dir='ltr'>ego</span> <span class='ocrx_word' id='word_1_202' title='bbox 344 1773 449 1796; x_wconf 87' lang='lat' dir='ltr'>tamen</span> <span class='ocrx_word' id='word_1_203' title='bbox 472 1765 513 1796; x_wconf 92' lang='lat' dir='ltr'>ob</span> <span class='ocrx_word' id='word_1_204' title='bbox 534 1765 687 1796; x_wconf 91' lang='lat' dir='ltr'>librorum</span> <span class='ocrx_word' id='word_1_205' title='bbox 710 1775 853 1796; x_wconf 87' lang='lat' dir='ltr'>meorum</span> 
     </span>
     <span class='ocr_line' id='line_1_36' title="bbox 112 1807 853 1840; baseline -0.003 0"><span class='ocrx_word' id='word_1_206' title='bbox 112 1809 334 1840; x_wconf 82' lang='lat' dir='ltr'>auctoritatem</span> <span class='ocrx_word' id='word_1_207' title='bbox 358 1815 391 1839; x_wconf 94' lang='lat' dir='ltr'>et</span> <span class='ocrx_word' id='word_1_208' title='bbox 413 1815 562 1839; x_wconf 81' lang='lat' dir='ltr'>accentus</span> <span class='ocrx_word' id='word_1_209' title='bbox 588 1807 747 1839; x_wconf 86' lang='lat' dir='ltr'>rationem</span> <span class='ocrx_word' id='word_1_210' title='bbox 776 1808 853 1839; x_wconf 86' lang='lat' dir='ltr'>reti-</span> 
     </span>
     <span class='ocr_line' id='line_1_37' title="bbox 112 1851 582 1883; baseline -0.002 0"><span class='ocrx_word' id='word_1_211' title='bbox 112 1852 254 1883; x_wconf 89' lang='lat' dir='ltr'>nendum</span> <span class='ocrx_word' id='word_1_212' title='bbox 271 1863 340 1883; x_wconf 88' lang='lat' dir='ltr'>esse</span> <span class='ocrx_word' id='word_1_213' title='bbox 356 1851 513 1882; x_wconf 86' lang='lat' dir='ltr'>existimo.</span> <span class='ocrx_word' id='word_1_214' title='bbox 546 1852 582 1882; x_wconf 91' lang='lat' dir='ltr'>B.</span> 
     </span>
    </p>

    <p class='ocr_par' dir='ltr' id='par_1_18' title="bbox 112 1895 860 2628">
     <span class='ocr_line' id='line_1_38' title="bbox 157 1895 856 1934; baseline -0.003 -8"><span class='ocrx_word' id='word_1_215' title='bbox 157 1897 208 1926; x_wconf 87' lang='lat'>31.</span> <span class='ocrx_word' id='word_1_216' title='bbox 235 1897 332 1929; x_wconf 78' lang='lat' dir='ltr'>Quum</span> <span class='ocrx_word' id='word_1_217' title='bbox 354 1897 407 1925; x_wconf 85' lang='lat' dir='ltr'>hoc</span> <span class='ocrx_word' id='word_1_218' title='bbox 429 1907 484 1925; x_wconf 80' lang='lat' dir='ltr'>non</span> <span class='ocrx_word' id='word_1_219' title='bbox 504 1906 630 1934; x_wconf 77' lang='lat' dir='ltr'>possum,</span> <span class='ocrx_word' id='word_1_220' title='bbox 654 1895 733 1925; x_wconf 83' lang='lat' dir='ltr'>illud</span> <span class='ocrx_word' id='word_1_221' title='bbox 759 1896 856 1925; x_wconf 73' lang='lat' dir='ltr'>minus</span> 
     </span>
     <span class='ocr_line' id='line_1_39' title="bbox 112 1937 855 1979; baseline -0.003 -9"><span class='ocrx_word' id='word_1_222' title='bbox 112 1938 241 1979; x_wconf 77' lang='lat' dir='ltr'>possem]</span> <span class='ocrx_word' id='word_1_223' title='bbox 258 1939 330 1969; x_wconf 90' lang='lat' dir='ltr'>Hoc</span> <span class='ocrx_word' id='word_1_224' title='bbox 341 1938 450 1969; x_wconf 87' lang='lat' dir='ltr'>intulit</span> <span class='ocrx_word' id='word_1_225' title='bbox 458 1937 540 1978; x_wconf 83' lang='grc' dir='ltr'>παρὰ</span> <span class='ocrx_word' id='word_1_226' title='bbox 550 1938 746 1978; x_wconf 77' lang='grc' dir='ltr'><strong>προσδοκίαν.</strong></span> <span class='ocrx_word' id='word_1_227' title='bbox 771 1938 855 1968; x_wconf 83' lang='lat' dir='ltr'>Nam</span> 
     </span>
     <span class='ocr_line' id='line_1_40' title="bbox 114 1980 855 2021; baseline -0.003 -8"><span class='ocrx_word' id='word_1_228' title='bbox 114 1981 282 2013; x_wconf 84' lang='lat' dir='ltr'>videbatur</span> <span class='ocrx_word' id='word_1_229' title='bbox 298 1982 357 2012; x_wconf 85' lang='lat' dir='ltr'>hac</span> <span class='ocrx_word' id='word_1_230' title='bbox 371 1980 622 2021; x_wconf 81' lang='lat' dir='ltr'>interrogatione</span> <span class='ocrx_word' id='word_1_231' title='bbox 635 1980 749 2011; x_wconf 87' lang='lat' dir='ltr'>adduci</span> <span class='ocrx_word' id='word_1_232' title='bbox 762 1991 855 2021; x_wconf 89' lang='lat' dir='ltr'>posse</span> 
     </span>
     <span class='ocr_line' id='line_1_41' title="bbox 114 2024 856 2066; baseline -0.004 -9"><span class='ocrx_word' id='word_1_233' title='bbox 114 2025 155 2057; x_wconf 78' lang='lat' dir='ltr'>ad</span> <span class='ocrx_word' id='word_1_234' title='bbox 177 2025 369 2057; x_wconf 82' lang='lat' dir='ltr'>sententiam</span> <span class='ocrx_word' id='word_1_235' title='bbox 392 2024 620 2066; x_wconf 75' lang='lat' dir='ltr'>percontantis-</span> <span class='ocrx_word' id='word_1_236' title='bbox 663 2024 706 2054; x_wconf 89' lang='lat' dir='ltr'>Et</span> <span class='ocrx_word' id='word_1_237' title='bbox 722 2024 788 2055; x_wconf 80' lang='lat' dir='ltr'>haec</span> <span class='ocrx_word' id='word_1_238' title='bbox 804 2034 856 2055; x_wconf 85' lang='lat' dir='ltr'>ars</span> 
     </span>
     <span class='ocr_line' id='line_1_42' title="bbox 115 2068 856 2116; baseline -0.003 -16"><span class='ocrx_word' id='word_1_239' title='bbox 115 2075 166 2100; x_wconf 86' lang='lat' dir='ltr'>est</span> <span class='ocrx_word' id='word_1_240' title='bbox 200 2068 368 2100; x_wconf 86' lang='lat' dir='ltr'>dialectica</span> <span class='ocrx_word' id='word_1_241' title='bbox 403 2074 514 2098; x_wconf 89' lang='lat' dir='ltr'>contra</span> <span class='ocrx_word' id='word_1_242' title='bbox 550 2068 727 2106; x_wconf 69' lang='grc' dir='ltr'>ἐπαγωγὴν,</span> <span class='ocrx_word' id='word_1_243' title='bbox 758 2077 856 2116; x_wconf 82' lang='lat' dir='ltr'>quum</span> 
     </span>
     <span class='ocr_line' id='line_1_43' title="bbox 115 2110 857 2160; baseline -0.004 -16"><span class='ocrx_word' id='word_1_244' title='bbox 115 2111 200 2143; x_wconf 85' lang='lat' dir='ltr'>male</span> <span class='ocrx_word' id='word_1_245' title='bbox 230 2111 455 2160; x_wconf 80' lang='lat' dir='ltr'>respondendo</span> <span class='ocrx_word' id='word_1_246' title='bbox 484 2110 599 2142; x_wconf 87' lang='lat' dir='ltr'>callide</span> <span class='ocrx_word' id='word_1_247' title='bbox 629 2110 857 2151; x_wconf 84' lang='lat' dir='ltr'>interrogantis</span> 
     </span>
     <span class='ocr_line' id='line_1_44' title="bbox 114 2154 860 2197; baseline -0.003 -11"><span class='ocrx_word' id='word_1_248' title='bbox 114 2154 380 2197; x_wconf 83' lang='lat' dir='ltr'>interrumpimus</span> <span class='ocrx_word' id='word_1_249' title='bbox 407 2161 641 2195; x_wconf 82' lang='lat' dir='ltr'>argumentum.</span> <span class='ocrx_word' id='word_1_250' title='bbox 686 2155 753 2185; x_wconf 88' lang='lat' dir='ltr'>Hoc</span> <span class='ocrx_word' id='word_1_251' title='bbox 782 2156 860 2184; x_wconf 80' lang='lat' dir='ltr'>nihil</span> 
     </span>
     <span class='ocr_line' id='line_1_45' title="bbox 115 2196 855 2237; baseline -0.004 -7"><span class='ocrx_word' id='word_1_252' title='bbox 115 2204 170 2236; x_wconf 74' lang='lat' dir='ltr'>eet,</span> <span class='ocrx_word' id='word_1_253' title='bbox 198 2200 370 2230; x_wconf 82' lang='lat' dir='ltr'>Phaedria:</span> <span class='ocrx_word' id='word_1_254' title='bbox 406 2196 505 2237; x_wconf 82' lang='lat' dir='ltr'>ilicet]</span> <span class='ocrx_word' id='word_1_255' title='bbox 531 2197 647 2228; x_wconf 88' lang='lat' dir='ltr'>Utrum</span> <span class='ocrx_word' id='word_1_256' title='bbox 671 2198 724 2227; x_wconf 83' lang='lat' dir='ltr'>hoc</span> <span class='ocrx_word' id='word_1_257' title='bbox 746 2196 855 2228; x_wconf 87' lang='lat' dir='ltr'>relati-</span> 
     </span>
     <span class='ocr_line' id='line_1_46' title="bbox 116 2242 855 2281; baseline -0.004 -8"><span class='ocrx_word' id='word_1_258' title='bbox 116 2243 214 2273; x_wconf 71' lang='lat' dir='ltr'>vum!</span> <span class='ocrx_word' id='word_1_259' title='bbox 247 2252 288 2272; x_wconf 90' lang='lat' dir='ltr'>an</span> <span class='ocrx_word' id='word_1_260' title='bbox 304 2243 358 2272; x_wconf 84' lang='lat' dir='ltr'>hoc</span> <span class='ocrx_word' id='word_1_261' title='bbox 376 2251 450 2272; x_wconf 91' lang='lat' dir='ltr'>cum</span> <span class='ocrx_word' id='word_1_262' title='bbox 465 2246 638 2276; x_wconf 88' lang='lat' dir='ltr'>contemtu,</span> <span class='ocrx_word' id='word_1_263' title='bbox 654 2250 711 2281; x_wconf 89' lang='lat' dir='ltr'>pro</span> <span class='ocrx_word' id='word_1_264' title='bbox 726 2242 775 2271; x_wconf 77' lang='lat' dir='ltr'>hic</span> <span class='ocrx_word' id='word_1_265' title='bbox 789 2242 855 2271; x_wconf 81' lang='lat' dir='ltr'>An-</span> 
     </span>
     <span class='ocr_line' id='line_1_47' title="bbox 116 2283 856 2324; baseline -0.003 -9"><span class='ocrx_word' id='word_1_266' title='bbox 116 2287 200 2324; x_wconf 75' lang='lat' dir='ltr'>tipho</span> <span class='ocrx_word' id='word_1_267' title='bbox 225 2287 302 2316; x_wconf 77' lang='lat' dir='ltr'>nihil</span> <span class='ocrx_word' id='word_1_268' title='bbox 326 2290 380 2316; x_wconf 78' lang='lat' dir='ltr'>ese.</span> <span class='ocrx_word' id='word_1_269' title='bbox 431 2283 484 2315; x_wconf 89' lang='lat' dir='ltr'>Sic</span> <span class='ocrx_word' id='word_1_270' title='bbox 506 2283 620 2315; x_wconf 87' lang='lat' dir='ltr'>Cicero</span> <span class='ocrx_word' id='word_1_271' title='bbox 642 2283 676 2314; x_wconf 92' lang='lat' dir='ltr'>in</span> <span class='ocrx_word' id='word_1_272' title='bbox 700 2283 856 2319; x_wconf 86' lang='lat' dir='ltr'>Verrinis‚</span> 
     </span>
     <span class='ocr_line' id='line_1_48' title="bbox 116 2328 858 2369; baseline -0.003 -10"><span class='ocrx_word' id='word_1_273' title='bbox 116 2329 188 2359; x_wconf 72' lang='lat' dir='ltr'>Em·</span> <span class='ocrx_word' id='word_1_274' title='bbox 209 2330 262 2359; x_wconf 73' lang='lat' dir='ltr'>hoc</span> <span class='ocrx_word' id='word_1_275' title='bbox 282 2330 389 2365; x_wconf 79' lang='lat' dir='ltr'>nescio,</span> <span class='ocrx_word' id='word_1_276' title='bbox 411 2329 485 2369; x_wconf 83' lang='lat' dir='ltr'>quid</span> <span class='ocrx_word' id='word_1_277' title='bbox 505 2332 678 2367; x_wconf 83' lang='lat' dir='ltr'>nugatorem</span> <span class='ocrx_word' id='word_1_278' title='bbox 701 2328 829 2357; x_wconf 75' lang='lat' dir='ltr'>sciebam</span> <span class='ocrx_word' id='word_1_279' title='bbox 842 2329 858 2357; x_wconf 84' lang='lat'><em>?</em></span> 
     </span>
     <span class='ocr_line' id='line_1_49' title="bbox 116 2369 858 2412; baseline -0.003 -10"><span class='ocrx_word' id='word_1_280' title='bbox 116 2381 176 2412; x_wconf 90' lang='lat' dir='ltr'>pro</span> <span class='ocrx_word' id='word_1_281' title='bbox 191 2373 276 2402; x_wconf 79' lang='lat' dir='ltr'>hune.</span> <span class='ocrx_word' id='word_1_282' title='bbox 314 2371 420 2412; x_wconf 80' lang='lat' dir='ltr'>Ilicet]</span> <span class='ocrx_word' id='word_1_283' title='bbox 438 2371 572 2412; x_wconf 87' lang='lat' dir='ltr'>Semper</span> <span class='ocrx_word' id='word_1_284' title='bbox 588 2371 669 2401; x_wconf 79' lang='lat' dir='ltr'>ilicet</span> <span class='ocrx_word' id='word_1_285' title='bbox 692 2370 788 2400; x_wconf 85' lang='lat' dir='ltr'>finem</span> <span class='ocrx_word' id='word_1_286' title='bbox 811 2369 858 2400; x_wconf 89' lang='lat' dir='ltr'>rei</span> 
     </span>
     <span class='ocr_line' id='line_1_50' title="bbox 117 2412 856 2455; baseline -0.001 -11"><span class='ocrx_word' id='word_1_287' title='bbox 117 2413 287 2455; x_wconf 82' lang='lat' dir='ltr'>significat,</span> <span class='ocrx_word' id='word_1_288' title='bbox 306 2421 342 2445; x_wconf 90' lang='lat' dir='ltr'>ut</span> <span class='ocrx_word' id='word_1_289' title='bbox 362 2420 461 2445; x_wconf 78' lang='lat' dir='ltr'>actum</span> <span class='ocrx_word' id='word_1_290' title='bbox 482 2419 535 2444; x_wconf 84' lang='lat' dir='ltr'>est.</span> <span class='ocrx_word' id='word_1_291' title='bbox 575 2412 679 2454; x_wconf 77' lang='lat' dir='ltr'>Ilicet]</span> <span class='ocrx_word' id='word_1_292' title='bbox 701 2413 763 2444; x_wconf 89' lang='lat' dir='ltr'>Per</span> <span class='ocrx_word' id='word_1_293' title='bbox 778 2424 856 2452; x_wconf 77' lang='lat' dir='ltr'>‹ro-y-</span> 
     </span>
     <span class='ocr_line' id='line_1_51' title="bbox 116 2455 859 2498; baseline -0.003 -10"><span class='ocrx_word' id='word_1_294' title='bbox 116 2455 225 2494; x_wconf 74' lang='grc' dir='ltr'>κωι-Ιιν.</span> <span class='ocrx_word' id='word_1_295' title='bbox 271 2457 324 2488; x_wconf 89' lang='lat' dir='ltr'>Sic</span> <span class='ocrx_word' id='word_1_296' title='bbox 346 2458 472 2498; x_wconf 85' lang='lat' dir='ltr'>judices</span> <span class='ocrx_word' id='word_1_297' title='bbox 495 2457 535 2487; x_wconf 88' lang='lat' dir='ltr'>de</span> <span class='ocrx_word' id='word_1_298' title='bbox 557 2456 692 2488; x_wconf 86' lang='lat' dir='ltr'>consilio</span> <span class='ocrx_word' id='word_1_299' title='bbox 716 2455 859 2487; x_wconf 88' lang='lat' dir='ltr'>dimitte-</span> 
     </span>
     <span class='ocr_line' id='line_1_52' title="bbox 118 2499 860 2542; baseline -0.001 -11"><span class='ocrx_word' id='word_1_300' title='bbox 118 2500 243 2537; x_wconf 86' lang='lat' dir='ltr'>bantur,</span> <span class='ocrx_word' id='word_1_301' title='bbox 266 2510 416 2542; x_wconf 86' lang='lat' dir='ltr'>suprema</span> <span class='ocrx_word' id='word_1_302' title='bbox 437 2501 523 2532; x_wconf 89' lang='lat' dir='ltr'>dicta</span> <span class='ocrx_word' id='word_1_303' title='bbox 549 2499 604 2541; x_wconf 81' lang='lat' dir='ltr'>(cf.</span> <span class='ocrx_word' id='word_1_304' title='bbox 637 2499 788 2541; x_wconf 85' lang='lat' dir='ltr'>Calpurn.</span> <span class='ocrx_word' id='word_1_305' title='bbox 819 2499 860 2530; x_wconf 87' lang='lat' dir='ltr'>ad</span> 
     </span>
     <span class='ocr_line' id='line_1_53' title="bbox 119 2542 857 2584; baseline -0.001 -10"><span class='ocrx_word' id='word_1_306' title='bbox 119 2543 239 2574; x_wconf 81' lang='lat' dir='ltr'>Heaut.</span> <span class='ocrx_word' id='word_1_307' title='bbox 253 2553 283 2574; x_wconf 91' lang='lat' dir='ltr'>v.</span> <span class='ocrx_word' id='word_1_308' title='bbox 295 2545 323 2574; x_wconf 84' lang='lat'>2.</span> <span class='ocrx_word' id='word_1_309' title='bbox 341 2543 407 2582; x_wconf 87' lang='grc'><strong>21.)</strong></span> <span class='ocrx_word' id='word_1_310' title='bbox 422 2554 519 2584; x_wconf 89' lang='lat' dir='ltr'>quum</span> <span class='ocrx_word' id='word_1_311' title='bbox 531 2553 636 2584; x_wconf 87' lang='lat' dir='ltr'>praeco</span> <span class='ocrx_word' id='word_1_312' title='bbox 648 2542 857 2584; x_wconf 86' lang='lat' dir='ltr'>pronuncias-</span> 
     </span>
     <span class='ocr_line' id='line_1_54' title="bbox 117 2586 793 2628; baseline -0.003 -10"><span class='ocrx_word' id='word_1_313' title='bbox 117 2593 168 2618; x_wconf 85' lang='lat' dir='ltr'>set</span> <span class='ocrx_word' id='word_1_314' title='bbox 182 2588 284 2617; x_wconf 81' lang='lat' dir='ltr'>ilicet:</span> <span class='ocrx_word' id='word_1_315' title='bbox 306 2586 391 2627; x_wconf 90' lang='lat' dir='ltr'>quod</span> <span class='ocrx_word' id='word_1_316' title='bbox 406 2586 566 2628; x_wconf 78' lang='lat' dir='ltr'>significat</span> <span class='ocrx_word' id='word_1_317' title='bbox 580 2589 625 2617; x_wconf 85' lang='lat' dir='ltr'>ire</span> <span class='ocrx_word' id='word_1_318' title='bbox 640 2588 719 2617; x_wconf 81' lang='lat' dir='ltr'>licet.</span> <span class='ocrx_word' id='word_1_319' title='bbox 752 2586 793 2617; x_wconf 92' lang='lat' dir='ltr'>D.</span> 
     </span>
    </p>

    <p class='ocr_par' dir='ltr' id='par_1_19' title="bbox 116 2629 859 3015">
     <span class='ocr_line' id='line_1_55' title="bbox 163 2629 857 2670; baseline -0.001 -10"><span class='ocrx_word' id='word_1_320' title='bbox 163 2630 213 2660; x_wconf 84' lang='lat'>32.</span> <span class='ocrx_word' id='word_1_321' title='bbox 240 2629 320 2663; x_wconf 75' lang='lat' dir='ltr'>Quin</span> <span class='ocrx_word' id='word_1_322' title='bbox 341 2629 454 2670; x_wconf 62' lang='lat' dir='ltr'>abeor]</span> <span class='ocrx_word' id='word_1_323' title='bbox 485 2629 547 2660; x_wconf 83' lang='lat' dir='ltr'>Hic</span> <span class='ocrx_word' id='word_1_324' title='bbox 574 2637 695 2660; x_wconf 85' lang='lat' dir='ltr'>terrore</span> <span class='ocrx_word' id='word_1_325' title='bbox 716 2639 857 2660; x_wconf 89' lang='lat' dir='ltr'>commo-</span> 
     </span>
     <span class='ocr_line' id='line_1_56' title="bbox 119 2672 859 2714; baseline 0 -11"><span class='ocrx_word' id='word_1_326' title='bbox 119 2679 173 2703; x_wconf 84' lang='lat' dir='ltr'>vet</span> <span class='ocrx_word' id='word_1_327' title='bbox 195 2672 439 2714; x_wconf 81' lang='lat' dir='ltr'>Antiphonem:</span> <span class='ocrx_word' id='word_1_328' title='bbox 470 2679 503 2703; x_wconf 90' lang='lat' dir='ltr'>et</span> <span class='ocrx_word' id='word_1_329' title='bbox 522 2675 595 2712; x_wconf 81' lang='lat' dir='ltr'>quin</span> <span class='ocrx_word' id='word_1_330' title='bbox 613 2672 701 2709; x_wconf 84' lang='lat' dir='ltr'>dicit,</span> <span class='ocrx_word' id='word_1_331' title='bbox 725 2682 784 2713; x_wconf 91' lang='lat' dir='ltr'>pro</span> <span class='ocrx_word' id='word_1_332' title='bbox 805 2683 859 2702; x_wconf 82' lang='lat' dir='ltr'>cur</span> 
     </span>
     <span class='ocr_line' id='line_1_57' title="bbox 117 2714 856 2756; baseline -0.001 -10"><span class='ocrx_word' id='word_1_333' title='bbox 117 2727 184 2747; x_wconf 79' lang='lat' dir='ltr'>non.</span> <span class='ocrx_word' id='word_1_334' title='bbox 230 2717 273 2746; x_wconf 85' lang='lat' dir='ltr'>Et</span> <span class='ocrx_word' id='word_1_335' title='bbox 298 2717 416 2756; x_wconf 78' lang='lat' dir='ltr'>quidem</span> <span class='ocrx_word' id='word_1_336' title='bbox 441 2714 511 2756; x_wconf 79' lang='lat' dir='ltr'>ego]</span> <span class='ocrx_word' id='word_1_337' title='bbox 536 2715 634 2752; x_wconf 84' lang='lat' dir='ltr'>Ordo,</span> <span class='ocrx_word' id='word_1_338' title='bbox 653 2715 697 2746; x_wconf 82' lang='lat' dir='ltr'>Et</span> <span class='ocrx_word' id='word_1_339' title='bbox 711 2725 771 2755; x_wconf 79' lang='lat' dir='ltr'>ego</span> <span class='ocrx_word' id='word_1_340' title='bbox 786 2715 856 2756; x_wconf 88' lang='lat' dir='ltr'>qui-</span> 
     </span>
     <span class='ocr_line' id='line_1_58' title="bbox 118 2758 857 2791; baseline -0.001 -1"><span class='ocrx_word' id='word_1_341' title='bbox 118 2759 213 2790; x_wconf 87' lang='lat' dir='ltr'>dem:</span> <span class='ocrx_word' id='word_1_342' title='bbox 246 2765 279 2789; x_wconf 90' lang='lat' dir='ltr'>et</span> <span class='ocrx_word' id='word_1_343' title='bbox 300 2758 390 2789; x_wconf 87' lang='lat' dir='ltr'>deest</span> <span class='ocrx_word' id='word_1_344' title='bbox 411 2760 492 2789; x_wconf 83' lang='lat' dir='ltr'>abeo.</span> <span class='ocrx_word' id='word_1_345' title='bbox 532 2758 704 2791; x_wconf 73' lang='lat' dir='ltr'><strong>D.——Qu1·d</strong></span> <span class='ocrx_word' id='word_1_346' title='bbox 720 2760 769 2788; x_wconf 81' lang='lat' dir='ltr'>hic</span> <span class='ocrx_word' id='word_1_347' title='bbox 788 2769 857 2789; x_wconf 80' lang='lat' dir='ltr'>con-</span> 
     </span>
     <span class='ocr_line' id='line_1_59' title="bbox 116 2801 858 2843; baseline -0.003 -10"><span class='ocrx_word' id='word_1_348' title='bbox 116 2801 257 2842; x_wconf 75' lang='lat' dir='ltr'>terimus]</span> <span class='ocrx_word' id='word_1_349' title='bbox 271 2802 353 2833; x_wconf 90' lang='lat' dir='ltr'>Cum</span> <span class='ocrx_word' id='word_1_350' title='bbox 366 2811 479 2843; x_wconf 90' lang='lat' dir='ltr'>parum</span> <span class='ocrx_word' id='word_1_351' title='bbox 491 2801 635 2832; x_wconf 90' lang='lat' dir='ltr'>crederet</span> <span class='ocrx_word' id='word_1_352' title='bbox 646 2811 681 2832; x_wconf 80' lang='lat' dir='ltr'>se</span> <span class='ocrx_word' id='word_1_353' title='bbox 693 2801 858 2842; x_wconf 88' lang='lat' dir='ltr'>perficere,</span> 
     </span>
     <span class='ocr_line' id='line_1_60' title="bbox 118 2843 857 2886; baseline -0.003 -10"><span class='ocrx_word' id='word_1_354' title='bbox 118 2845 167 2876; x_wconf 90' lang='lat' dir='ltr'>uti</span> <span class='ocrx_word' id='word_1_355' title='bbox 189 2845 330 2876; x_wconf 84' lang='lat' dir='ltr'>animum</span> <span class='ocrx_word' id='word_1_356' title='bbox 352 2845 557 2876; x_wconf 82' lang='lat' dir='ltr'>confirmaret</span> <span class='ocrx_word' id='word_1_357' title='bbox 574 2843 780 2886; x_wconf 66' lang='lat' dir='ltr'>Andpbonis,</span> <span class='ocrx_word' id='word_1_358' title='bbox 797 2844 857 2875; x_wconf 90' lang='lat' dir='ltr'>mi-</span> 
     </span>
     <span class='ocr_line' id='line_1_61' title="bbox 118 2887 859 2920; baseline -0.003 0"><span class='ocrx_word' id='word_1_359' title='bbox 118 2888 243 2920; x_wconf 84' lang='lat' dir='ltr'>nitatur</span> <span class='ocrx_word' id='word_1_360' title='bbox 279 2888 465 2919; x_wconf 82' lang='lat' dir='ltr'>discessum.</span> <span class='ocrx_word' id='word_1_361' title='bbox 517 2887 715 2918; x_wconf 85' lang='lat' dir='ltr'>E.--Nostri</span> <span class='ocrx_word' id='word_1_362' title='bbox 747 2897 859 2919; x_wconf 84' lang='lat' dir='ltr'>omnes</span> 
     </span>
     <span class='ocr_line' id='line_1_62' title="bbox 117 2930 859 2967; baseline -0.003 -4"><span class='ocrx_word' id='word_1_363' title='bbox 117 2931 191 2963; x_wconf 86' lang='lat' dir='ltr'>libri</span> <span class='ocrx_word' id='word_1_364' title='bbox 214 2942 287 2963; x_wconf 91' lang='lat' dir='ltr'>cum</span> <span class='ocrx_word' id='word_1_365' title='bbox 310 2932 421 2962; x_wconf 90' lang='lat' dir='ltr'>Bemb.</span> <span class='ocrx_word' id='word_1_366' title='bbox 442 2937 475 2962; x_wconf 91' lang='lat' dir='ltr'>et</span> <span class='ocrx_word' id='word_1_367' title='bbox 490 2930 612 2962; x_wconf 84' lang='lat' dir='ltr'>Victor.</span> <span class='ocrx_word' id='word_1_368' title='bbox 627 2936 714 2961; x_wconf 89' lang='lat' dir='ltr'>recte</span> <span class='ocrx_word' id='word_1_369' title='bbox 728 2930 859 2967; x_wconf 82' lang='lat' dir='ltr'>habent,</span> 
     </span>
     <span class='ocr_line' id='line_1_63' title="bbox 119 2973 859 3015; baseline -0.003 -8"><span class='ocrx_word' id='word_1_370' title='bbox 119 2974 204 3010; x_wconf 80' lang='lat' dir='ltr'>Quid</span> <span class='ocrx_word' id='word_1_371' title='bbox 224 2977 274 3007; x_wconf 76' lang='lat' dir='ltr'>hie</span> <span class='ocrx_word' id='word_1_372' title='bbox 295 2976 482 3013; x_wconf 68' lang='lat' dir='ltr'>conterimus,</span> <span class='ocrx_word' id='word_1_373' title='bbox 504 2979 560 3006; x_wconf 83' lang='lat' dir='ltr'>etc.</span> <span class='ocrx_word' id='word_1_374' title='bbox 604 2973 670 3005; x_wconf 81' lang='lat' dir='ltr'>Sed</span> <span class='ocrx_word' id='word_1_375' title='bbox 698 2975 772 3005; x_wconf 80' lang='lat' dir='ltr'>abeo</span> <span class='ocrx_word' id='word_1_376' title='bbox 799 2983 859 3015; x_wconf 84' lang='lat' dir='ltr'>pro</span> 
     </span>
    </p>
   </div>
   <div class='ocr_carea' id='block_1_16' title="bbox 892 1159 1642 2962">
    <p class='ocr_par' dir='ltr' id='par_1_20' title="bbox 892 1159 1604 1194">
     <span class='ocr_line' id='line_1_64' title="bbox 892 1159 1604 1194; baseline 0.003 -3"><span class='ocrx_word' id='word_1_377' title='bbox 892 1161 997 1191; x_wconf 86' lang='lat' dir='ltr'>abeam</span> <span class='ocrx_word' id='word_1_378' title='bbox 1010 1165 1136 1191; x_wconf 88' lang='lat' dir='ltr'>tantum</span> <span class='ocrx_word' id='word_1_379' title='bbox 1150 1159 1300 1191; x_wconf 88' lang='lat' dir='ltr'>meliores</span> <span class='ocrx_word' id='word_1_380' title='bbox 1314 1160 1388 1192; x_wconf 87' lang='lat' dir='ltr'>libri</span> <span class='ocrx_word' id='word_1_381' title='bbox 1404 1161 1532 1193; x_wconf 87' lang='lat' dir='ltr'>habent.</span> <span class='ocrx_word' id='word_1_382' title='bbox 1566 1162 1604 1194; x_wconf 91' lang='lat' dir='ltr'>B.</span> 
     </span>
    </p>

    <p class='ocr_par' dir='ltr' id='par_1_21' title="bbox 893 1202 1640 1623">
     <span class='ocr_line' id='line_1_65' title="bbox 936 1202 1636 1244; baseline 0.004 -10"><span class='ocrx_word' id='word_1_383' title='bbox 936 1205 987 1235; x_wconf 88' lang='grc'>33.</span> <span class='ocrx_word' id='word_1_384' title='bbox 1006 1203 1089 1238; x_wconf 83' lang='lat' dir='ltr'>Quid</span> <span class='ocrx_word' id='word_1_385' title='bbox 1101 1205 1129 1234; x_wconf 73' lang='lat' dir='ltr'>si</span> <span class='ocrx_word' id='word_1_386' title='bbox 1144 1202 1302 1244; x_wconf 69' lang='lat' dir='ltr'>arsimulo]</span> <span class='ocrx_word' id='word_1_387' title='bbox 1322 1204 1487 1236; x_wconf 83' lang='lat' dir='ltr'>Audacem</span> <span class='ocrx_word' id='word_1_388' title='bbox 1503 1204 1636 1237; x_wconf 88' lang='lat' dir='ltr'>scilicet.</span> 
     </span>
     <span class='ocr_line' id='line_1_66' title="bbox 896 1247 1638 1289; baseline 0.003 -12"><span class='ocrx_word' id='word_1_389' title='bbox 896 1248 1032 1284; x_wconf 76' lang='lat' dir='ltr'>Obsecro,</span> <span class='ocrx_word' id='word_1_390' title='bbox 1048 1248 1123 1287; x_wconf 83' lang='lat' dir='ltr'>quid</span> <span class='ocrx_word' id='word_1_391' title='bbox 1136 1248 1164 1278; x_wconf 72' lang='lat' dir='ltr'>ri</span> <span class='ocrx_word' id='word_1_392' title='bbox 1178 1249 1328 1285; x_wconf 76' lang='lat' dir='ltr'>assimulo,</span> <span class='ocrx_word' id='word_1_393' title='bbox 1338 1248 1430 1282; x_wconf 73' lang='lat' dir='ltr'>satin’</span> <span class='ocrx_word' id='word_1_394' title='bbox 1442 1253 1487 1279; x_wconf 80' lang='lat' dir='ltr'>est</span> <span class='ocrx_word' id='word_1_395' title='bbox 1497 1247 1530 1289; x_wconf 84' lang='lat'>?]</span> <span class='ocrx_word' id='word_1_396' title='bbox 1547 1248 1638 1280; x_wconf 90' lang='lat' dir='ltr'>Adeo</span> 
     </span>
     <span class='ocr_line' id='line_1_67' title="bbox 894 1289 1638 1333; baseline 0.004 -13"><span class='ocrx_word' id='word_1_397' title='bbox 894 1289 1013 1321; x_wconf 85' lang='lat' dir='ltr'>morale</span> <span class='ocrx_word' id='word_1_398' title='bbox 1036 1289 1149 1321; x_wconf 89' lang='lat' dir='ltr'>vitium</span> <span class='ocrx_word' id='word_1_399' title='bbox 1173 1296 1231 1326; x_wconf 85' lang='lat' dir='ltr'>est,</span> <span class='ocrx_word' id='word_1_400' title='bbox 1254 1299 1295 1321; x_wconf 84' lang='lat' dir='ltr'>ex</span> <span class='ocrx_word' id='word_1_401' title='bbox 1317 1289 1514 1322; x_wconf 84' lang='lat' dir='ltr'>conscientia</span> <span class='ocrx_word' id='word_1_402' title='bbox 1527 1302 1638 1333; x_wconf 88' lang='lat' dir='ltr'>pavor,</span> 
     </span>
     <span class='ocr_line' id='line_1_68' title="bbox 893 1332 1637 1375; baseline 0.005 -12"><span class='ocrx_word' id='word_1_403' title='bbox 893 1339 931 1364; x_wconf 91' lang='lat' dir='ltr'>ut</span> <span class='ocrx_word' id='word_1_404' title='bbox 951 1332 1021 1375; x_wconf 91' lang='lat' dir='ltr'>ipse</span> <span class='ocrx_word' id='word_1_405' title='bbox 1043 1343 1169 1374; x_wconf 91' lang='lat' dir='ltr'>quoque</span> <span class='ocrx_word' id='word_1_406' title='bbox 1192 1332 1339 1374; x_wconf 88' lang='lat' dir='ltr'>Antipho</span> <span class='ocrx_word' id='word_1_407' title='bbox 1365 1334 1487 1365; x_wconf 83' lang='lat' dir='ltr'>nitatur</span> <span class='ocrx_word' id='word_1_408' title='bbox 1515 1343 1637 1372; x_wconf 84' lang='lat' dir='ltr'>contra,</span> 
     </span>
     <span class='ocr_line' id='line_1_69' title="bbox 894 1376 1636 1419; baseline 0.003 -12"><span class='ocrx_word' id='word_1_409' title='bbox 894 1386 998 1416; x_wconf 90' lang='lat' dir='ltr'>neque</span> <span class='ocrx_word' id='word_1_410' title='bbox 1013 1376 1182 1417; x_wconf 88' lang='lat' dir='ltr'>quicquam</span> <span class='ocrx_word' id='word_1_411' title='bbox 1198 1383 1394 1417; x_wconf 87' lang='lat' dir='ltr'>promoveat.</span> <span class='ocrx_word' id='word_1_412' title='bbox 1432 1379 1529 1409; x_wconf 78' lang='lat' dir='ltr'>Satin’</span> <span class='ocrx_word' id='word_1_413' title='bbox 1546 1384 1592 1409; x_wconf 80' lang='lat' dir='ltr'>est</span> <span class='ocrx_word' id='word_1_414' title='bbox 1602 1377 1636 1419; x_wconf 79' lang='lat'>?]</span> 
     </span>
     <span class='ocr_line' id='line_1_70' title="bbox 897 1419 1638 1459; baseline 0.003 -9"><span class='ocrx_word' id='word_1_415' title='bbox 897 1419 962 1450; x_wconf 86' lang='lat' dir='ltr'>Hic</span> <span class='ocrx_word' id='word_1_416' title='bbox 987 1419 1075 1450; x_wconf 85' lang='lat' dir='ltr'>locus</span> <span class='ocrx_word' id='word_1_417' title='bbox 1102 1419 1219 1450; x_wconf 88' lang='lat' dir='ltr'>actoris</span> <span class='ocrx_word' id='word_1_418' title='bbox 1249 1419 1360 1459; x_wconf 85' lang='lat' dir='ltr'>magis,</span> <span class='ocrx_word' id='word_1_419' title='bbox 1385 1430 1480 1459; x_wconf 90' lang='lat' dir='ltr'>quam</span> <span class='ocrx_word' id='word_1_420' title='bbox 1509 1420 1638 1452; x_wconf 85' lang='lat' dir='ltr'>lectoris</span> 
     </span>
     <span class='ocr_line' id='line_1_71' title="bbox 895 1462 1637 1495; baseline 0.003 -2"><span class='ocrx_word' id='word_1_421' title='bbox 895 1472 961 1493; x_wconf 87' lang='lat' dir='ltr'>est·</span> <span class='ocrx_word' id='word_1_422' title='bbox 986 1462 1166 1493; x_wconf 85' lang='lat' dir='ltr'>ostenditur</span> <span class='ocrx_word' id='word_1_423' title='bbox 1184 1462 1270 1493; x_wconf 89' lang='lat' dir='ltr'>enim</span> <span class='ocrx_word' id='word_1_424' title='bbox 1290 1467 1399 1494; x_wconf 86' lang='lat' dir='ltr'>conari</span> <span class='ocrx_word' id='word_1_425' title='bbox 1420 1465 1460 1494; x_wconf 91' lang='lat' dir='ltr'>ad</span> <span class='ocrx_word' id='word_1_426' title='bbox 1483 1464 1637 1495; x_wconf 87' lang='lat' dir='ltr'>simulan-</span> 
     </span>
     <span class='ocr_line' id='line_1_72' title="bbox 895 1505 1640 1547; baseline 0.003 -11"><span class='ocrx_word' id='word_1_427' title='bbox 895 1506 968 1536; x_wconf 86' lang='lat' dir='ltr'>dam</span> <span class='ocrx_word' id='word_1_428' title='bbox 996 1505 1171 1542; x_wconf 87' lang='lat' dir='ltr'>audaciam,</span> <span class='ocrx_word' id='word_1_429' title='bbox 1200 1515 1263 1546; x_wconf 92' lang='lat' dir='ltr'>quo</span> <span class='ocrx_word' id='word_1_430' title='bbox 1293 1506 1395 1547; x_wconf 82' lang='lat' dir='ltr'>magis</span> <span class='ocrx_word' id='word_1_431' title='bbox 1425 1507 1561 1538; x_wconf 85' lang='lat' dir='ltr'>ridicula</span> <span class='ocrx_word' id='word_1_432' title='bbox 1589 1513 1640 1538; x_wconf 87' lang='lat' dir='ltr'>est</span> 
     </span>
     <span class='ocr_line' id='line_1_73' title="bbox 895 1548 1637 1593; baseline 0.004 -14"><span class='ocrx_word' id='word_1_433' title='bbox 895 1548 1098 1580; x_wconf 82' lang='lat' dir='ltr'>formidolosa</span> <span class='ocrx_word' id='word_1_434' title='bbox 1121 1559 1268 1590; x_wconf 87' lang='lat' dir='ltr'>persona.</span> <span class='ocrx_word' id='word_1_435' title='bbox 1304 1549 1503 1581; x_wconf 87' lang='lat' dir='ltr'>D.—Nostri</span> <span class='ocrx_word' id='word_1_436' title='bbox 1520 1561 1637 1593; x_wconf 88' lang='lat' dir='ltr'>perpe-</span> 
     </span>
     <span class='ocr_line' id='line_1_74' title="bbox 895 1592 1237 1623; baseline 0 0"><span class='ocrx_word' id='word_1_437' title='bbox 895 1602 963 1623; x_wconf 85' lang='lat' dir='ltr'>ram</span> <span class='ocrx_word' id='word_1_438' title='bbox 979 1594 1167 1623; x_wconf 74' lang='lat' dir='ltr'>assimulabo.</span> <span class='ocrx_word' id='word_1_439' title='bbox 1200 1592 1237 1623; x_wconf 92' lang='lat' dir='ltr'>B.</span> 
     </span>
    </p>

    <p class='ocr_par' dir='ltr' id='par_1_22' title="bbox 896 1634 1640 1883">
     <span class='ocr_line' id='line_1_75' title="bbox 940 1634 1640 1678; baseline 0.003 -12"><span class='ocrx_word' id='word_1_440' title='bbox 940 1636 990 1666; x_wconf 82' lang='lat'><strong>34.</strong></span> <span class='ocrx_word' id='word_1_441' title='bbox 1013 1634 1244 1676; x_wconf 82' lang='lat' dir='ltr'>Propemodum]</span> <span class='ocrx_word' id='word_1_442' title='bbox 1276 1635 1321 1666; x_wconf 91' lang='lat' dir='ltr'>Et</span> <span class='ocrx_word' id='word_1_443' title='bbox 1349 1636 1409 1667; x_wconf 87' lang='lat' dir='ltr'>hoc</span> <span class='ocrx_word' id='word_1_444' title='bbox 1439 1646 1504 1668; x_wconf 92' lang='lat' dir='ltr'>non</span> <span class='ocrx_word' id='word_1_445' title='bbox 1533 1636 1640 1678; x_wconf 85' lang='lat' dir='ltr'>plenae</span> 
     </span>
     <span class='ocr_line' id='line_1_76' title="bbox 896 1678 1638 1720; baseline 0.004 -11"><span class='ocrx_word' id='word_1_446' title='bbox 896 1678 1116 1710; x_wconf 82' lang='lat' dir='ltr'>consensionis</span> <span class='ocrx_word' id='word_1_447' title='bbox 1146 1685 1205 1715; x_wconf 87' lang='lat' dir='ltr'>est,</span> <span class='ocrx_word' id='word_1_448' title='bbox 1227 1678 1313 1719; x_wconf 90' lang='lat' dir='ltr'>quod</span> <span class='ocrx_word' id='word_1_449' title='bbox 1342 1679 1388 1710; x_wconf 90' lang='lat' dir='ltr'>ait</span> <span class='ocrx_word' id='word_1_450' title='bbox 1413 1681 1638 1720; x_wconf 83' lang='lat' dir='ltr'>Propemodum.</span> 
     </span>
     <span class='ocr_line' id='line_1_77' title="bbox 897 1720 1638 1762; baseline 0.005 -10"><span class='ocrx_word' id='word_1_451' title='bbox 897 1723 952 1753; x_wconf 83' lang='lat' dir='ltr'>Sat</span> <span class='ocrx_word' id='word_1_452' title='bbox 973 1720 1036 1762; x_wconf 74' lang='lat' dir='ltr'>eet]</span> <span class='ocrx_word' id='word_1_453' title='bbox 1054 1722 1129 1752; x_wconf 89' lang='lat' dir='ltr'>Non</span> <span class='ocrx_word' id='word_1_454' title='bbox 1151 1721 1244 1759; x_wconf 87' lang='lat' dir='ltr'>dixit,</span> <span class='ocrx_word' id='word_1_455' title='bbox 1259 1723 1343 1754; x_wconf 84' lang='lat' dir='ltr'>Bene</span> <span class='ocrx_word' id='word_1_456' title='bbox 1357 1727 1412 1760; x_wconf 74' lang='lat' dir='ltr'>ert,</span> <span class='ocrx_word' id='word_1_457' title='bbox 1429 1723 1486 1754; x_wconf 87' lang='lat' dir='ltr'>sed</span> <span class='ocrx_word' id='word_1_458' title='bbox 1501 1725 1558 1754; x_wconf 85' lang='lat' dir='ltr'>Sat</span> <span class='ocrx_word' id='word_1_459' title='bbox 1571 1730 1616 1756; x_wconf 75' lang='lat' dir='ltr'>est</span> <span class='ocrx_word' id='word_1_460' title='bbox 1626 1737 1638 1756; x_wconf 84' lang='lat'>.-</span> 
     </span>
     <span class='ocr_line' id='line_1_78' title="bbox 898 1764 1638 1808; baseline 0.004 -13"><span class='ocrx_word' id='word_1_461' title='bbox 898 1772 931 1796; x_wconf 89' lang='lat' dir='ltr'>et</span> <span class='ocrx_word' id='word_1_462' title='bbox 945 1764 1018 1796; x_wconf 84' lang='lat' dir='ltr'>vide</span> <span class='ocrx_word' id='word_1_463' title='bbox 1034 1764 1089 1796; x_wconf 84' lang='lat' dir='ltr'>vix</span> <span class='ocrx_word' id='word_1_464' title='bbox 1103 1765 1143 1796; x_wconf 89' lang='lat' dir='ltr'>ad</span> <span class='ocrx_word' id='word_1_465' title='bbox 1158 1765 1219 1796; x_wconf 86' lang='lat' dir='ltr'>hoc</span> <span class='ocrx_word' id='word_1_466' title='bbox 1234 1765 1341 1806; x_wconf 89' lang='lat' dir='ltr'>ipsum</span> <span class='ocrx_word' id='word_1_467' title='bbox 1357 1776 1426 1797; x_wconf 86' lang='lat' dir='ltr'>esse</span> <span class='ocrx_word' id='word_1_468' title='bbox 1437 1773 1638 1808; x_wconf 83' lang='lat' dir='ltr'>perventum.</span> 
     </span>
     <span class='ocr_line' id='line_1_79' title="bbox 898 1808 1640 1850; baseline 0.005 -12"><span class='ocrx_word' id='word_1_469' title='bbox 898 1808 940 1839; x_wconf 94' lang='lat' dir='ltr'><strong>D.</strong></span> <span class='ocrx_word' id='word_1_470' title='bbox 943 1808 1088 1839; x_wconf 75' lang='lat' dir='ltr'>—Utsic</span> <span class='ocrx_word' id='word_1_471' title='bbox 1102 1808 1219 1849; x_wconf 89' lang='lat' dir='ltr'>ubique</span> <span class='ocrx_word' id='word_1_472' title='bbox 1230 1816 1372 1847; x_wconf 82' lang='lat' dir='ltr'>acuatur,</span> <span class='ocrx_word' id='word_1_473' title='bbox 1385 1809 1466 1850; x_wconf 86' lang='lat' dir='ltr'>lege,</span> <span class='ocrx_word' id='word_1_474' title='bbox 1480 1811 1578 1841; x_wconf 80' lang='lat' dir='ltr'>Satin’</span> <span class='ocrx_word' id='word_1_475' title='bbox 1594 1816 1640 1842; x_wconf 77' lang='lat' dir='ltr'>est</span> 
     </span>
     <span class='ocr_line' id='line_1_80' title="bbox 896 1851 1034 1883; baseline -0.008 0"><span class='ocrx_word' id='word_1_476' title='bbox 896 1853 965 1883; x_wconf 73' lang='lat' dir='ltr'>sic?</span> <span class='ocrx_word' id='word_1_477' title='bbox 997 1851 1034 1882; x_wconf 91' lang='lat' dir='ltr'>B.</span> 
     </span>
    </p>

    <p class='ocr_par' dir='ltr' id='par_1_23' title="bbox 898 1893 1641 2280">
     <span class='ocr_line' id='line_1_81' title="bbox 941 1893 1637 1935; baseline 0.003 -10"><span class='ocrx_word' id='word_1_478' title='bbox 941 1895 992 1925; x_wconf 84' lang='lat'>35.</span> <span class='ocrx_word' id='word_1_479' title='bbox 1008 1895 1110 1926; x_wconf 87' lang='lat' dir='ltr'>Hem!</span> <span class='ocrx_word' id='word_1_480' title='bbox 1139 1896 1219 1925; x_wconf 72' lang='lat' dir='ltr'>istuc</span> <span class='ocrx_word' id='word_1_481' title='bbox 1239 1893 1343 1935; x_wconf 70' lang='lat' dir='ltr'>serva]</span> <span class='ocrx_word' id='word_1_482' title='bbox 1371 1894 1519 1927; x_wconf 89' lang='lat' dir='ltr'>Dicendo</span> <span class='ocrx_word' id='word_1_483' title='bbox 1541 1907 1637 1934; x_wconf 77' lang='lat' dir='ltr'>serva,</span> 
     </span>
     <span class='ocr_line' id='line_1_82' title="bbox 898 1937 1640 1980; baseline 0.004 -12"><span class='ocrx_word' id='word_1_484' title='bbox 898 1937 1059 1969; x_wconf 79' lang='lat' dir='ltr'>ostendit</span> <span class='ocrx_word' id='word_1_485' title='bbox 1046 1948 1114 1977; x_wconf 84' lang='lat' dir='ltr'>Jam</span> <span class='ocrx_word' id='word_1_486' title='bbox 1125 1937 1269 1979; x_wconf 86' lang='lat' dir='ltr'>incipere</span> <span class='ocrx_word' id='word_1_487' title='bbox 1278 1937 1434 1980; x_wconf 84' lang='lat' dir='ltr'>deperire,</span> <span class='ocrx_word' id='word_1_488' title='bbox 1447 1939 1533 1979; x_wconf 90' lang='lat' dir='ltr'>quod</span> <span class='ocrx_word' id='word_1_489' title='bbox 1543 1939 1640 1971; x_wconf 86' lang='lat' dir='ltr'>finxit</span> 
     </span>
     <span class='ocr_line' id='line_1_83' title="bbox 899 1980 1640 2021; baseline 0.003 -9"><span class='ocrx_word' id='word_1_490' title='bbox 899 1988 994 2021; x_wconf 85' lang='lat' dir='ltr'>atque</span> <span class='ocrx_word' id='word_1_491' title='bbox 1016 1980 1214 2012; x_wconf 78' lang='lat' dir='ltr'>assimulavit</span> <span class='ocrx_word' id='word_1_492' title='bbox 1237 1981 1387 2012; x_wconf 77' lang='lat' dir='ltr'>audaciae.</span> <span class='ocrx_word' id='word_1_493' title='bbox 1431 1983 1531 2013; x_wconf 84' lang='lat' dir='ltr'>Hem!</span> <span class='ocrx_word' id='word_1_494' title='bbox 1561 1985 1640 2014; x_wconf 69' lang='lat' dir='ltr'>istuc</span> 
     </span>
     <span class='ocr_line' id='line_1_84' title="bbox 898 2025 1638 2065; baseline 0.001 -9"><span class='ocrx_word' id='word_1_495' title='bbox 898 2035 1006 2056; x_wconf 78' lang='lat' dir='ltr'>serva.-</span> <span class='ocrx_word' id='word_1_496' title='bbox 1037 2029 1069 2055; x_wconf 86' lang='lat' dir='ltr'>et</span> <span class='ocrx_word' id='word_1_497' title='bbox 1092 2025 1213 2055; x_wconf 80' lang='lat' dir='ltr'>verbum</span> <span class='ocrx_word' id='word_1_498' title='bbox 1237 2026 1334 2062; x_wconf 82' lang='lat' dir='ltr'>verbo,</span> <span class='ocrx_word' id='word_1_499' title='bbox 1355 2035 1416 2064; x_wconf 81' lang='lat' dir='ltr'>par</span> <span class='ocrx_word' id='word_1_500' title='bbox 1437 2027 1509 2065; x_wconf 82' lang='lat' dir='ltr'>pari</span> <span class='ocrx_word' id='word_1_501' title='bbox 1531 2031 1566 2056; x_wconf 84' lang='lat' dir='ltr'>ut</span> <span class='ocrx_word' id='word_1_502' title='bbox 1588 2037 1638 2057; x_wconf 85' lang='lat' dir='ltr'>re-</span> 
     </span>
     <span class='ocr_line' id='line_1_85' title="bbox 899 2066 1639 2109; baseline 0.003 -11"><span class='ocrx_word' id='word_1_503' title='bbox 899 2066 1059 2108; x_wconf 70' lang='lat' dir='ltr'>spondeas]</span> <span class='ocrx_word' id='word_1_504' title='bbox 1088 2067 1327 2104; x_wconf 86' lang='lat' dir='ltr'>Animadverte,</span> <span class='ocrx_word' id='word_1_505' title='bbox 1357 2074 1390 2098; x_wconf 89' lang='lat' dir='ltr'>et</span> <span class='ocrx_word' id='word_1_506' title='bbox 1413 2067 1490 2109; x_wconf 89' lang='lat' dir='ltr'>quid</span> <span class='ocrx_word' id='word_1_507' title='bbox 1515 2068 1639 2107; x_wconf 86' lang='lat' dir='ltr'>doceat,</span> 
     </span>
     <span class='ocr_line' id='line_1_86' title="bbox 900 2110 1639 2153; baseline 0.004 -12"><span class='ocrx_word' id='word_1_508' title='bbox 900 2118 934 2141; x_wconf 89' lang='lat' dir='ltr'>et</span> <span class='ocrx_word' id='word_1_509' title='bbox 954 2110 1228 2141; x_wconf 85' lang='lat' dir='ltr'>commachinetur</span> <span class='ocrx_word' id='word_1_510' title='bbox 1249 2110 1365 2141; x_wconf 80' lang='lat' dir='ltr'>artifex</span> <span class='ocrx_word' id='word_1_511' title='bbox 1385 2117 1490 2152; x_wconf 88' lang='lat' dir='ltr'>poeta,</span> <span class='ocrx_word' id='word_1_512' title='bbox 1506 2111 1560 2153; x_wconf 91' lang='lat' dir='ltr'>qui</span> <span class='ocrx_word' id='word_1_513' title='bbox 1582 2112 1639 2144; x_wconf 89' lang='lat' dir='ltr'>de·</span> 
     </span>
     <span class='ocr_line' id='line_1_87' title="bbox 902 2153 1639 2196; baseline 0.004 -12"><span class='ocrx_word' id='word_1_514' title='bbox 902 2153 1003 2185; x_wconf 93' lang='lat' dir='ltr'>bitum</span> <span class='ocrx_word' id='word_1_515' title='bbox 1018 2153 1131 2185; x_wconf 88' lang='lat' dir='ltr'>reddat</span> <span class='ocrx_word' id='word_1_516' title='bbox 1144 2154 1240 2184; x_wconf 81' lang='lat' dir='ltr'>rebus</span> <span class='ocrx_word' id='word_1_517' title='bbox 1255 2160 1351 2194; x_wconf 88' lang='lat' dir='ltr'>atque</span> <span class='ocrx_word' id='word_1_518' title='bbox 1365 2154 1521 2196; x_wconf 90' lang='lat' dir='ltr'>personis.</span> <span class='ocrx_word' id='word_1_519' title='bbox 1564 2157 1639 2187; x_wconf 86' lang='lat' dir='ltr'>Ver-</span> 
     </span>
     <span class='ocr_line' id='line_1_88' title="bbox 901 2196 1641 2237; baseline 0.004 -10"><span class='ocrx_word' id='word_1_520' title='bbox 901 2199 968 2227; x_wconf 83' lang='lat' dir='ltr'>bum</span> <span class='ocrx_word' id='word_1_521' title='bbox 987 2198 1084 2234; x_wconf 80' lang='lat' dir='ltr'>verbo,</span> <span class='ocrx_word' id='word_1_522' title='bbox 1096 2207 1156 2237; x_wconf 82' lang='lat' dir='ltr'>par</span> <span class='ocrx_word' id='word_1_523' title='bbox 1167 2196 1255 2237; x_wconf 80' lang='lat' dir='ltr'>pari]</span> <span class='ocrx_word' id='word_1_524' title='bbox 1274 2197 1348 2228; x_wconf 89' lang='lat' dir='ltr'>Duo</span> <span class='ocrx_word' id='word_1_525' title='bbox 1363 2197 1465 2229; x_wconf 83' lang='lat' dir='ltr'>dixit:</span> <span class='ocrx_word' id='word_1_526' title='bbox 1489 2208 1553 2229; x_wconf 89' lang='lat' dir='ltr'>non</span> <span class='ocrx_word' id='word_1_527' title='bbox 1570 2205 1641 2230; x_wconf 89' lang='lat' dir='ltr'>tan-</span> 
     </span>
     <span class='ocr_line' id='line_1_89' title="bbox 900 2240 1526 2280; baseline 0 -9"><span class='ocrx_word' id='word_1_528' title='bbox 900 2246 968 2271; x_wconf 86' lang='lat' dir='ltr'>tum</span> <span class='ocrx_word' id='word_1_529' title='bbox 984 2242 1104 2271; x_wconf 80' lang='lat' dir='ltr'>verbum</span> <span class='ocrx_word' id='word_1_530' title='bbox 1119 2242 1215 2277; x_wconf 81' lang='lat' dir='ltr'>verbo,</span> <span class='ocrx_word' id='word_1_531' title='bbox 1231 2240 1288 2271; x_wconf 89' lang='lat' dir='ltr'>sed</span> <span class='ocrx_word' id='word_1_532' title='bbox 1299 2251 1359 2280; x_wconf 81' lang='lat' dir='ltr'>par</span> <span class='ocrx_word' id='word_1_533' title='bbox 1369 2243 1451 2280; x_wconf 79' lang='lat' dir='ltr'>pari.</span> <span class='ocrx_word' id='word_1_534' title='bbox 1485 2241 1526 2272; x_wconf 89' lang='lat' dir='ltr'><strong>D.</strong></span> 
     </span>
    </p>

    <p class='ocr_par' dir='ltr' id='par_1_24' title="bbox 896 2283 1642 2962">
     <span class='ocr_line' id='line_1_90' title="bbox 944 2283 1640 2325; baseline 0.003 -11"><span class='ocrx_word' id='word_1_535' title='bbox 944 2283 995 2314; x_wconf 85' lang='lat'>36.</span> <span class='ocrx_word' id='word_1_536' title='bbox 1011 2285 1061 2314; x_wconf 89' lang='lat' dir='ltr'>Ne</span> <span class='ocrx_word' id='word_1_537' title='bbox 1076 2289 1105 2314; x_wconf 88' lang='lat' dir='ltr'>te</span> <span class='ocrx_word' id='word_1_538' title='bbox 1118 2285 1217 2314; x_wconf 71' lang='lat' dir='ltr'>iratus</span> <span class='ocrx_word' id='word_1_539' title='bbox 1231 2285 1294 2314; x_wconf 70' lang='lat' dir='ltr'>suis</span> <span class='ocrx_word' id='word_1_540' title='bbox 1306 2285 1454 2315; x_wconf 68' lang='lat' dir='ltr'>saevidicis</span> <span class='ocrx_word' id='word_1_541' title='bbox 1465 2286 1556 2316; x_wconf 66' lang='lat' dir='ltr'>die-tit</span> <span class='ocrx_word' id='word_1_542' title='bbox 1568 2296 1640 2325; x_wconf 84' lang='lat' dir='ltr'>pro-</span> 
     </span>
     <span class='ocr_line' id='line_1_91' title="bbox 902 2325 1639 2368; baseline 0.004 -11"><span class='ocrx_word' id='word_1_543' title='bbox 902 2325 991 2367; x_wconf 84' lang='lat' dir='ltr'>telet]</span> <span class='ocrx_word' id='word_1_544' title='bbox 1008 2326 1176 2358; x_wconf 85' lang='lat' dir='ltr'>Causalem</span> <span class='ocrx_word' id='word_1_545' title='bbox 1192 2326 1257 2357; x_wconf 88' lang='lat' dir='ltr'>vim</span> <span class='ocrx_word' id='word_1_546' title='bbox 1279 2326 1376 2358; x_wconf 88' lang='lat' dir='ltr'>habet</span> <span class='ocrx_word' id='word_1_547' title='bbox 1396 2327 1481 2368; x_wconf 89' lang='lat' dir='ltr'>quod</span> <span class='ocrx_word' id='word_1_548' title='bbox 1501 2327 1548 2359; x_wconf 88' lang='lat' dir='ltr'>ait</span> <span class='ocrx_word' id='word_1_549' title='bbox 1568 2328 1639 2367; x_wconf 88' lang='lat' dir='ltr'>hoc,</span> 
     </span>
     <span class='ocr_line' id='line_1_92' title="bbox 902 2369 1641 2412; baseline 0.004 -12"><span class='ocrx_word' id='word_1_550' title='bbox 902 2372 1020 2401; x_wconf 71' lang='lat' dir='ltr'>iratus.-</span> <span class='ocrx_word' id='word_1_551' title='bbox 1043 2370 1102 2400; x_wconf 91' lang='lat' dir='ltr'>hoc</span> <span class='ocrx_word' id='word_1_552' title='bbox 1125 2376 1183 2407; x_wconf 86' lang='lat' dir='ltr'>est,</span> <span class='ocrx_word' id='word_1_553' title='bbox 1207 2369 1262 2410; x_wconf 90' lang='lat' dir='ltr'>qui</span> <span class='ocrx_word' id='word_1_554' title='bbox 1284 2370 1324 2400; x_wconf 95' lang='lat' dir='ltr'>ob</span> <span class='ocrx_word' id='word_1_555' title='bbox 1346 2377 1537 2412; x_wconf 81' lang='lat' dir='ltr'>praesentem</span> <span class='ocrx_word' id='word_1_556' title='bbox 1558 2370 1641 2403; x_wconf 80' lang='lat' dir='ltr'>iram</span> 
     </span>
     <span class='ocr_line' id='line_1_93' title="bbox 902 2413 1641 2455; baseline 0.004 -12"><span class='ocrx_word' id='word_1_557' title='bbox 902 2413 1124 2444; x_wconf 86' lang='lat' dir='ltr'>vehementius</span> <span class='ocrx_word' id='word_1_558' title='bbox 1138 2420 1244 2444; x_wconf 90' lang='lat' dir='ltr'>tecum</span> <span class='ocrx_word' id='word_1_559' title='bbox 1259 2419 1342 2454; x_wconf 80' lang='lat' dir='ltr'>agat.</span> <span class='ocrx_word' id='word_1_560' title='bbox 1377 2415 1511 2445; x_wconf 81' lang='lat' dir='ltr'>Protelet</span> <span class='ocrx_word' id='word_1_561' title='bbox 1526 2420 1559 2445; x_wconf 90' lang='lat' dir='ltr'>et</span> <span class='ocrx_word' id='word_1_562' title='bbox 1566 2425 1641 2455; x_wconf 78' lang='lat' dir='ltr'>pro·</span> 
     </span>
     <span class='ocr_line' id='line_1_94' title="bbox 903 2455 1642 2498; baseline 0.004 -11"><span class='ocrx_word' id='word_1_563' title='bbox 903 2458 993 2487; x_wconf 76' lang='lat' dir='ltr'>telum</span> <span class='ocrx_word' id='word_1_564' title='bbox 1014 2466 1033 2487; x_wconf 84' lang='lat' dir='ltr'>a</span> <span class='ocrx_word' id='word_1_565' title='bbox 1054 2455 1113 2496; x_wconf 81' lang='grc' dir='ltr'>πρὸ</span> <span class='ocrx_word' id='word_1_566' title='bbox 1129 2462 1162 2487; x_wconf 87' lang='lat' dir='ltr'>et</span> <span class='ocrx_word' id='word_1_567' title='bbox 1177 2456 1262 2487; x_wconf 81' lang='grc' dir='ltr'>ἑλεῖν</span> <span class='ocrx_word' id='word_1_568' title='bbox 1277 2456 1397 2487; x_wconf 87' lang='lat' dir='ltr'>dictum</span> <span class='ocrx_word' id='word_1_569' title='bbox 1413 2464 1472 2492; x_wconf 76' lang='lat' dir='ltr'>est.</span> <span class='ocrx_word' id='word_1_570' title='bbox 1487 2457 1572 2498; x_wconf 89' lang='lat' dir='ltr'>quod</span> <span class='ocrx_word' id='word_1_571' title='bbox 1592 2464 1642 2490; x_wconf 71' lang='lat' dir='ltr'>eet</span> 
     </span>
     <span class='ocr_line' id='line_1_95' title="bbox 902 2499 1642 2533; baseline 0.004 -3"><span class='ocrx_word' id='word_1_572' title='bbox 902 2505 972 2531; x_wconf 79' lang='lat' dir='ltr'>ante</span> <span class='ocrx_word' id='word_1_573' title='bbox 988 2505 1021 2530; x_wconf 90' lang='lat' dir='ltr'>et</span> <span class='ocrx_word' id='word_1_574' title='bbox 1044 2501 1172 2531; x_wconf 77' lang='lat' dir='ltr'>trahere.</span> <span class='ocrx_word' id='word_1_575' title='bbox 1210 2499 1278 2530; x_wconf 86' lang='lat' dir='ltr'>Alii</span> <span class='ocrx_word' id='word_1_576' title='bbox 1299 2500 1340 2530; x_wconf 85' lang='lat' dir='ltr'>ab</span> <span class='ocrx_word' id='word_1_577' title='bbox 1361 2499 1489 2531; x_wconf 88' lang='lat' dir='ltr'>assiduo</span> <span class='ocrx_word' id='word_1_578' title='bbox 1504 2500 1642 2533; x_wconf 71' lang='lat' dir='ltr'>telorum</span> 
     </span>
     <span class='ocr_line' id='line_1_96' title="bbox 896 2541 1640 2583; baseline 0.004 -10"><span class='ocrx_word' id='word_1_579' title='bbox 896 2544 987 2583; x_wconf 86' lang='lat' dir='ltr'>jactu</span> <span class='ocrx_word' id='word_1_580' title='bbox 1015 2542 1202 2574; x_wconf 85' lang='lat' dir='ltr'>existimant</span> <span class='ocrx_word' id='word_1_581' title='bbox 1229 2541 1311 2573; x_wconf 88' lang='lat' dir='ltr'>dici:</span> <span class='ocrx_word' id='word_1_582' title='bbox 1344 2549 1381 2573; x_wconf 88' lang='lat' dir='ltr'>ut</span> <span class='ocrx_word' id='word_1_583' title='bbox 1408 2543 1579 2575; x_wconf 75' lang='lat' dir='ltr'>Lucretius</span> <span class='ocrx_word' id='word_1_584' title='bbox 1605 2544 1640 2576; x_wconf 86' lang='lat' dir='ltr'>ii.</span> 
     </span>
     <span class='ocr_line' id='line_1_97' title="bbox 902 2587 1642 2626; baseline 0.004 -10"><span class='ocrx_word' id='word_1_585' title='bbox 902 2587 974 2616; x_wconf 83' lang='lat'><strong>531.</strong></span> <span class='ocrx_word' id='word_1_586' title='bbox 1011 2587 1148 2626; x_wconf 83' lang='lat' dir='ltr'>Undique</span> <span class='ocrx_word' id='word_1_587' title='bbox 1159 2587 1274 2626; x_wconf 79' lang='lat' dir='ltr'>protelo</span> <span class='ocrx_word' id='word_1_588' title='bbox 1285 2587 1446 2626; x_wconf 70' lang='lat' dir='ltr'>plagarum</span> <span class='ocrx_word' id='word_1_589' title='bbox 1461 2589 1642 2625; x_wconf 71' lang='lat' dir='ltr'>continuato,</span> 
     </span>
     <span class='ocr_line' id='line_1_98' title="bbox 901 2627 1642 2672; baseline 0.003 -12"><span class='ocrx_word' id='word_1_590' title='bbox 901 2629 961 2660; x_wconf 91' lang='lat' dir='ltr'>hoc</span> <span class='ocrx_word' id='word_1_591' title='bbox 973 2635 1029 2665; x_wconf 87' lang='lat' dir='ltr'>est,</span> <span class='ocrx_word' id='word_1_592' title='bbox 1043 2635 1163 2660; x_wconf 80' lang='lat' dir='ltr'>tenore.</span> <span class='ocrx_word' id='word_1_593' title='bbox 1200 2627 1351 2669; x_wconf 79' lang='lat' dir='ltr'>Protelee]</span> <span class='ocrx_word' id='word_1_594' title='bbox 1368 2629 1548 2667; x_wconf 86' lang='lat' dir='ltr'>Protrahat,</span> <span class='ocrx_word' id='word_1_595' title='bbox 1557 2640 1642 2672; x_wconf 79' lang='lat' dir='ltr'>prae-</span> 
     </span>
     <span class='ocr_line' id='line_1_99' title="bbox 902 2671 1640 2721; baseline 0.004 -18"><span class='ocrx_word' id='word_1_596' title='bbox 902 2672 1019 2708; x_wconf 84' lang='lat' dir='ltr'>veniat,</span> <span class='ocrx_word' id='word_1_597' title='bbox 1036 2671 1186 2713; x_wconf 83' lang='lat' dir='ltr'>exagitet.</span> <span class='ocrx_word' id='word_1_598' title='bbox 1225 2671 1309 2712; x_wconf 83' lang='lat' dir='ltr'>Scio]</span> <span class='ocrx_word' id='word_1_599' title='bbox 1327 2673 1473 2721; x_wconf 84' lang='lat' dir='ltr'>Apparet</span> <span class='ocrx_word' id='word_1_600' title='bbox 1492 2673 1552 2705; x_wconf 88' lang='lat' dir='ltr'>hoc</span> <span class='ocrx_word' id='word_1_601' title='bbox 1567 2684 1640 2705; x_wconf 83' lang='lat' dir='ltr'>ver-</span> 
     </span>
     <span class='ocr_line' id='line_1_100' title="bbox 901 2713 1640 2754; baseline 0.003 -8"><span class='ocrx_word' id='word_1_602' title='bbox 901 2715 977 2746; x_wconf 91' lang='lat' dir='ltr'>bum</span> <span class='ocrx_word' id='word_1_603' title='bbox 993 2725 1032 2746; x_wconf 90' lang='lat' dir='ltr'>eo</span> <span class='ocrx_word' id='word_1_604' title='bbox 1047 2714 1138 2746; x_wconf 84' lang='lat' dir='ltr'>vultu</span> <span class='ocrx_word' id='word_1_605' title='bbox 1153 2713 1227 2751; x_wconf 87' lang='lat' dir='ltr'>dici,</span> <span class='ocrx_word' id='word_1_606' title='bbox 1243 2722 1280 2746; x_wconf 92' lang='lat' dir='ltr'>ut</span> <span class='ocrx_word' id='word_1_607' title='bbox 1296 2714 1501 2747; x_wconf 81' lang='lat' dir='ltr'>manifestum</span> <span class='ocrx_word' id='word_1_608' title='bbox 1515 2716 1568 2754; x_wconf 82' lang='lat' dir='ltr'>sit,</span> <span class='ocrx_word' id='word_1_609' title='bbox 1583 2717 1640 2749; x_wconf 81' lang='lat' dir='ltr'>ab</span> 
     </span>
     <span class='ocr_line' id='line_1_101' title="bbox 901 2757 1642 2800; baseline 0.005 -12"><span class='ocrx_word' id='word_1_610' title='bbox 901 2757 985 2789; x_wconf 84' lang='lat' dir='ltr'>senti</span> <span class='ocrx_word' id='word_1_611' title='bbox 1000 2758 1108 2789; x_wconf 87' lang='lat' dir='ltr'>animo</span> <span class='ocrx_word' id='word_1_612' title='bbox 1122 2768 1192 2789; x_wconf 85' lang='lat' dir='ltr'>esse</span> <span class='ocrx_word' id='word_1_613' title='bbox 1207 2767 1291 2795; x_wconf 88' lang='lat' dir='ltr'>eum,</span> <span class='ocrx_word' id='word_1_614' title='bbox 1307 2758 1361 2798; x_wconf 88' lang='lat' dir='ltr'>qui</span> <span class='ocrx_word' id='word_1_615' title='bbox 1376 2758 1525 2800; x_wconf 78' lang='lat' dir='ltr'>loquitur.</span> <span class='ocrx_word' id='word_1_616' title='bbox 1542 2760 1596 2792; x_wconf 95' lang='lat' dir='ltr'>D.</span> <span class='ocrx_word' id='word_1_617' title='bbox 1597 2778 1642 2784; x_wconf 92' lang='lat'>—</span> 
     </span>
     <span class='ocr_line' id='line_1_102' title="bbox 902 2800 1640 2842; baseline 0.005 -10"><span class='ocrx_word' id='word_1_618' title='bbox 902 2800 1053 2841; x_wconf 71' lang='lat' dir='ltr'>Pr02elet]</span> <span class='ocrx_word' id='word_1_619' title='bbox 1077 2800 1179 2831; x_wconf 71' lang='lat' dir='ltr'>Tela·</span> <span class='ocrx_word' id='word_1_620' title='bbox 1171 2810 1205 2831; x_wconf 80' lang='lat' dir='ltr'>iu</span> <span class='ocrx_word' id='word_1_621' title='bbox 1226 2807 1257 2832; x_wconf 86' lang='lat' dir='ltr'>te</span> <span class='ocrx_word' id='word_1_622' title='bbox 1272 2801 1456 2842; x_wconf 82' lang='lat' dir='ltr'>frequenter</span> <span class='ocrx_word' id='word_1_623' title='bbox 1469 2803 1640 2835; x_wconf 83' lang='lat' dir='ltr'>verborum</span> 
     </span>
     <span class='ocr_line' id='line_1_103' title="bbox 902 2843 1638 2897; baseline 0.007 -23"><span class='ocrx_word' id='word_1_624' title='bbox 902 2844 1035 2875; x_wconf 82' lang='lat' dir='ltr'>mittens</span> <span class='ocrx_word' id='word_1_625' title='bbox 1064 2843 1222 2875; x_wconf 87' lang='lat' dir='ltr'>vulneret.</span> <span class='ocrx_word' id='word_1_626' title='bbox 1262 2844 1514 2877; x_wconf 68' lang='lat' dir='ltr'>R—Saeviaiets</span> <span class='ocrx_word' id='word_1_627' title='bbox 1529 2846 1638 2897; x_wconf 69' lang='lat' dir='ltr'>dietis]</span> 
     </span>
     <span class='ocr_line' id='line_1_104' title="bbox 905 2886 1639 2922; baseline 0.007 -5"><span class='ocrx_word' id='word_1_628' title='bbox 905 2887 956 2918; x_wconf 85' lang='lat' dir='ltr'>Ita</span> <span class='ocrx_word' id='word_1_629' title='bbox 970 2897 1013 2918; x_wconf 85' lang='lat' dir='ltr'>ex</span> <span class='ocrx_word' id='word_1_630' title='bbox 1029 2886 1108 2918; x_wconf 86' lang='lat' dir='ltr'>Mss.</span> <span class='ocrx_word' id='word_1_631' title='bbox 1125 2886 1263 2919; x_wconf 84' lang='lat' dir='ltr'>editum:</span> <span class='ocrx_word' id='word_1_632' title='bbox 1289 2887 1329 2919; x_wconf 81' lang='lat' dir='ltr'>al.</span> <span class='ocrx_word' id='word_1_633' title='bbox 1340 2890 1542 2922; x_wconf 68' lang='lat' dir='ltr'>misdietin.</span> <span class='ocrx_word' id='word_1_634' title='bbox 1564 2889 1639 2922; x_wconf 86' lang='lat' dir='ltr'>Vid.</span> 
     </span>
     <span class='ocr_line' id='line_1_105' title="bbox 902 2929 1226 2962; baseline 0.003 -1"><span class='ocrx_word' id='word_1_635' title='bbox 902 2929 989 2961; x_wconf 90' lang='lat' dir='ltr'>Non.</span> <span class='ocrx_word' id='word_1_636' title='bbox 1007 2930 1151 2962; x_wconf 81' lang='lat' dir='ltr'>Marcell.</span> <span class='ocrx_word' id='word_1_637' title='bbox 1189 2930 1226 2962; x_wconf 91' lang='lat' dir='ltr'>L.</span> 
     </span>
    </p>
   </div>
   <div class='ocr_carea' id='block_1_17' title="bbox 946 2974 1641 3018">
    <p class='ocr_par' dir='ltr' id='par_1_25' title="bbox 946 2974 1641 3018">
     <span class='ocr_line' id='line_1_106' title="bbox 946 2974 1641 3018; baseline 0.007 -14"><span class='ocrx_word' id='word_1_638' title='bbox 946 2974 996 3007; x_wconf 81' lang='lat'>³7.</span> <span class='ocrx_word' id='word_1_639' title='bbox 1026 2974 1641 3018; x_wconf 59' lang='lat' dir='ltr'>mmeumteaumnnJMira</span> 
     </span>
    </p>
   </div>
  </div>
 </body>
</html>
