1852 3216
692 122 1010 166 HECYRA.

147 213 270 261 Quot
288 212 531 255 commodas
551 226 622 255 res
640 211 787 255 attuli!
818 220 926 269 quot
945 220 1088 257 autem
1108 215 1248 258 ademi
1265 218 1417 259 curas!

90 287 132 318 20
149 279 342 321 Gnatum
361 279 402 320 ei
421 279 616 330 restituo,
633 278 709 335 qui
726 294 850 336 paene
870 279 1023 322 harum
1042 280 1264 337 ipsiusque
1285 295 1419 338 opera
1436 281 1590 338 periit:

149 345 356 395 Uxorem,
388 360 521 400 quam.
545 360 761 401 nunquam
791 352 859 388 est
890 352 1009 388 ratus
1048 346 1231 402 posthac
1270 362 1316 390 se
1357 346 1619 399 habitururn,

230 410 368 453 reddo
385 426 395 452 ε

147 476 248 524 Qua
267 491 313 518 re
336 484 563 532 suspectus
585 491 663 518 suo
681 477 808 531 patri,
830 483 874 519 et
894 476 1115 533 Phidippo
1134 477 1230 529 fuit,
1253 478 1441 522 exsolvi:

146 543 233 585 Hic
254 543 364 584 adeo
384 542 451 585 his
471 543 602 585 rebus
624 542 775 585 anulus
795 542 875 584 fuit
895 542 1059 584 initium
1079 543 1362 586 inveniundis.

145 608 260 650 Nam
279 609 461 659 memini,
484 608 640 650 abhinc
659 623 826 650 menses
846 608 994 650 decem
1015 608 1120 659 fere,
1143 609 1198 651 ad
1219 625 1286 652 me
1305 616 1434 652 nocte
1454 610 1592 665 prima

89 683 129 714 25
146 675 391 731 Confugere
411 674 682 716 anhelantem
702 674 890 725 domum,
912 674 1001 716 sine
1022 675 1189 726 comite,
1211 675 1296 717 vini
1315 674 1505 731 plenum,

146 741 256 783 Cum
276 741 360 783 hoc
381 740 528 783 anulo:
560 741 736 782 extimui
754 739 863 782 ilico.
896 740 964 781 Mi
986 739 1226 795 Pamphile,
1242 741 1430 796 inquam,
1451 741 1620 791 amabo,

146 807 266 855 Quid
286 807 552 848 exanimatus
572 821 618 847 es
640 806 849 848 obsecro?
870 813 946 848 aut
966 807 1080 848 unde
1102 806 1274 848 anulum
1293 807 1422 848 istum
1442 808 1618 849 nactus?

146 874 231 915 Dic
252 872 367 914 mihi.
405 871 482 914 Ille
499 871 601 913 alias
622 886 692 913 res
714 886 843 927 agere
864 887 909 913 se
931 871 1148 914 simulare:
1171 880 1399 929 postquam
1418 874 1464 915 id
1479 873 1619 924 video,

92 136 232 166 semu
252 122 340 178 ιιι.]
1537 126 1622 169 545

143 939 307 981 Nescio
327 937 432 993 quid
452 937 708 992 suspicarier
727 937 861 992 magis
883 937 1020 993 coepi:
1051 938 1211 980 instare
1230 945 1280 980 ut
1299 939 1427 981 dicat.

87 1012 129 1042 30
146 1004 290 1046 Homo
310 1018 356 1045 se
377 1003 535 1044 fatetur
555 1003 596 1044 vi
614 1003 658 1043 in
677 1002 745 1043 via
763 1003 909 1044 nescio
930 1018 1058 1058 quam
1078 1005 1408 1059 compressisse;

145 1070 350 1125 Dicitque
372 1083 467 1111 sese
487 1067 547 1109 illi
566 1066 753 1118 anulum,
775 1067 878 1110 dum
896 1067 1045 1119 luctat,
1067 1069 1322 1112 detraxisse.

144 1135 260 1177 Eum
278 1134 373 1177 haec
393 1134 592 1190 cognovit
612 1133 842 1189 Myrrhina
859 1134 905 1176 in
925 1135 1060 1190 digito
1078 1136 1208 1178 modo
1227 1151 1295 1178 me
1314 1136 1560 1179 habentem.

143 1200 291 1257 Rogat
310 1200 425 1243 unde
449 1200 526 1241 sit:
558 1214 687 1241 narro
708 1199 847 1241 omnia
862 1199 981 1242 haec:
1012 1201 1167 1243 inde'st
1183 1203 1371 1258 cognitio
1391 1202 1520 1254 facta,

143 1266 440 1309 Philumenam
451 1280 740 1321 compressam
751 1279 847 1307 esse
861 1266 916 1308 ab
931 1281 999 1317 eo,
1009 1273 1055 1308 et
1065 1266 1201 1309 filium
1212 1268 1313 1310 inde
1330 1268 1446 1311 hunc
1458 1275 1619 1310 natum·

132 1368 181 1398 19.
208 1367 287 1402 Quot
316 1367 480 1398 commodas
504 1377 553 1398 res
575 1367 668 1397 attuli
678 1364 708 1406 !]
744 1365 832 1404 Quot,

87 1417 152 1441 tam
169 1409 290 1452 (quam)
313 1411 440 1441 multas.
477 1410 522 1440 Et
545 1419 633 1440 more
657 1419 715 1440 suo
740 1411 833 1440 attuli

88 1453 180 1485 dixit.
212 1456 290 1488 Quot
305 1459 406 1485 autem
419 1455 518 1484 ademi
529 1464 619 1484 curas
628 1451 659 1493 J]
679 1452 732 1483 Sic
745 1459 831 1491 ante,

94 1499 137 1528 Ut
150 1502 269 1534 metum,
286 1499 317 1528 in
330 1508 387 1538 quo
402 1508 480 1528 nunc
494 1501 549 1534 est,
565 1498 719 1526 adimam:
742 1501 832 1536 atque

87 1543 220 1581 expleam
244 1542 375 1571 animum
402 1542 525 1581 gaudio.
567 1541 646 1572 Quot
669 1541 832 1570 commodas

86 1595 135 1615 res
150 1586 264 1615 attuli!
286 1589 358 1624 quot
371 1589 472 1615 autem
487 1585 586 1614 ademi
601 1594 689 1614 cura-5
699 1581 730 1623 l]
749 1582 831 1614 Haee

87 1627 196 1658 omnia
210 1627 399 1658 admirantis
414 1632 508 1658 sunt:
534 1634 571 1657 ut
586 1626 676 1667 Virg.
694 1626 770 1657 AEn.
787 1626 829 1657 iv.

90 1672 138 1701 10.
159 1673 234 1704 Quis
249 1681 339 1702 novus
353 1673 402 1702 hic
423 1672 534 1702 nostris
554 1671 697 1701 successit
711 1671 832 1700 sedibus

85 1716 214 1754 hospes!
246 1714 287 1745 D.

131 1758 182 1788 20.
202 1759 334 1788 Gnatum
355 1759 384 1788 ei
404 1759 539 1794 restituo,
555 1755 630 1797 eta]
652 1754 832 1796 Ἐξαρίθμη-

87 1812 144 1832 ms.
178 1800 319 1832 D.—Ut
340 1800 448 1831 versui
476 1799 634 1831 laboranti
664 1799 832 1837 medearis,

85 1853 217 1885 repone,
230 1855 316 1884 paene
331 1845 383 1884 qui
398 1845 513 1874 harum.
546 1843 584 1874 Β.

130 1888 180 1918 21.
198 1886 320 1928 Reddo]
336 1889 490 1918 Redditur
511 1886 614 1923 nobis,
630 1885 715 1927 quod
731 1885 832 1917 nostri

85 1930 239 1972 cupidum
263 1938 330 1962 est:
353 1932 527 1961 restituitur
548 1930 650 1966 nobis,
666 1931 758 1969 cujus
775 1940 831 1960 cu·

86 1973 155 2015 pidi
179 1984 299 2005 sumus.
334 1973 425 2004 Bene
446 1983 522 2015 ergo
547 1978 674 2014 gnatum
695 1975 831 2010 reatituo,

84 2028 204 2048 uxorem
219 2019 321 2048 reddo.
353 2017 394 2048 D.

129 2061 180 2091 22.
199 2063 299 2094 Quare
314 2066 468 2100 suspectus
478 2071 531 2091 suo
543 2061 629 2100 patri
643 2065 673 2090 et
683 2061 834 2099 Phidippo

76 2102 161 2144 suit]
179 2104 267 2145 Ergo
283 2114 348 2134 non
364 2114 465 2135 unum
480 2102 682 2141 beneficium,
699 2103 755 2134 sed
771 2102 834 2134 tria

85 2154 170 2178 sunt.
201 2146 340 2188 Exsolvi]
363 2147 509 2179 Variavit
525 2153 679 2188 tempora,
696 2149 831 2184 restituo,

85 2192 187 2227 reddo,
202 2193 323 2222 exsolvi.
358 2191 400 2221 D.

129 2235 180 2265 24.
204 2235 286 2265 Nam
307 2236 428 2265 memini
450 2235 559 2264 abhinc
577 2244 690 2264 menses
711 2232 828 2274 decem]

86 2278 206 2308 Menses
228 2279 326 2308 decem
350 2277 450 2308 dixit:
475 2283 509 2308 et
529 2283 626 2314 recte,
647 2283 684 2308 ut
706 2276 747 2307 de
769 2277 830 2308 hoc

85 2320 250 2362 peperisse
265 2321 473 2352 demonstret.
511 2322 608 2351 Nocte
621 2319 738 2361 prima]
757 2320 829 2351 Pri-

85 2363 147 2394 mis
163 2365 308 2405 partibus
330 2364 442 2401 noctis,
465 2363 517 2395 vel
539 2363 679 2404 primore
703 2364 830 2404 (primis

86 2406 246 2448 tenebrisp
271 2414 317 2445 ut,
334 2407 410 2438 AEn.
428 2407 471 2438 ix.
486 2408 558 2438 244.
574 2408 710 2438 Vidimus
725 2409 828 2438 ohscu-

85 2451 130 2480 ris
142 2452 271 2489 primam
285 2453 341 2482 sub
354 2453 484 2482 vallibus
499 2452 610 2481 urbem.
644 2451 684 2481 D.

130 2494 180 2523 25.
200 2492 364 2535 Confugere
389 2493 593 2534 anhelantem]
623 2494 675 2525 Ex
702 2493 753 2524 his
776 2504 828 2524 ar-

85 2536 248 2576 gumentis
263 2544 369 2578 potest
379 2537 497 2578 colligi,
512 2538 598 2568 hunc
610 2547 679 2568 esse
693 2537 748 2577 qui
763 2537 829 2568 vir-

84 2579 194 2619 ginem
222 2579 392 2611 vitiaverit.
433 2579 597 2621 Confugere
623 2580 829 2622 anhelantem]

86 2622 170 2653 Vide
192 2622 285 2663 signa
299 2623 542 2663 conjecturalia:
566 2624 652 2664 quod
675 2623 832 2665 confugere

83 2665 174 2702 vidit,
199 2666 350 2697 timebat:
382 2667 468 2706 quod
488 2669 685 2704 anhelantem,
708 2667 827 2698 colluc-

84 2716 171 2740 tatus
186 2708 307 2739 fuerat:
331 2709 417 2750 quod
431 2711 556 2746 domum,
573 2709 670 2741 celari
686 2710 827 2741 volebat:

83 2752 169 2793 quod
190 2754 255 2783 sine
276 2755 390 2788 comite,
413 2752 600 2793 pudendum
623 2753 727 2784 fuerat
750 2753 827 2784 faci-

83 2805 163 2831 nus;
181 2795 266 2836 quod
280 2798 343 2826 nini
355 2798 484 2835 plenum,
502 2796 726 2826 temerarium:
744 2796 830 2837 quod

83 2841 227 2870 annulum
252 2839 399 2876 habebat,
427 2845 556 2879 partum
583 2839 729 2878 (raptum,
744 2807 831 2879 qalii)

83 2881 214 2913 indicat.
242 2882 343 2913 Vides
357 2882 457 2923 igitur
471 2881 522 2912 his
537 2882 666 2913 indiciis
681 2889 717 2913 ut
732 2882 830 2922 virgi-

84 2935 159 2956 nem
183 2932 318 2967 apparet
337 2925 482 2956 vitiatam
511 2926 658 2965 (indiciis,
674 2927 831 2967 virginem,

85 2974 120 2999 ut
134 2974 273 3009 apparet,
289 2967 456 3010 vitiatam).
488 2968 529 2999 D.

920 1366 1037 1398 26.Μί
1051 1369 1218 1408 Pamphile,
1235 1371 1366 1410 inquam,
1388 1368 1510 1411 amabo]
1540 1369 1622 1401 Haec

875 1409 1097 1441 blandimenta
1109 1418 1186 1443 sunt
1200 1411 1379 1444 muliebria.
1407 1413 1449 1443 D.

919 1453 970 1486 27.
1001 1455 1084 1487 Quid
1110 1457 1300 1487 exanimatus
1328 1467 1360 1487 es
1388 1458 1535 1487 obsecro?
1566 1461 1623 1487 aut

874 1499 953 1527 unde
968 1499 1111 1528 annulum
1134 1500 1225 1529 istum
1246 1504 1353 1531 nactus
1363 1498 1396 1540 Γ]
1426 1498 1623 1541 Principalia

875 1539 967 1581 signa
989 1539 1060 1571 vitii
1082 1540 1173 1578 illati,
1196 1542 1397 1583 perturbatio
1419 1548 1452 1573 et
1472 1542 1621 1574 annulus.

878 1585 960 1616 Quid
980 1586 1169 1615 exanimatus
1182 1596 1214 1616 es
1229 1587 1347 1617 obsecro
1358 1589 1374 1617 2
1397 1591 1452 1616 aut
1467 1587 1545 1617 unde
1565 1597 1622 1617 an·

874 1628 977 1657 nulum
1003 1630 1094 1658 istum
1114 1628 1266 1669 nactust]
1299 1628 1458 1660 Brevitati
1482 1629 1623 1660 consulit

875 1669 1064 1702 Terentius:
1089 1681 1163 1702 nam
1186 1671 1220 1702 in
1243 1673 1357 1704 Graeca
1379 1673 1448 1703 haec
1470 1679 1622 1713 aguntur,

876 1723 940 1744 non
957 1720 1137 1746 narrantur.
1171 1715 1347 1747 D.—Illud
1360 1727 1392 1747 es
1407 1726 1480 1747 cum
1495 1726 1514 1747 a
1526 1726 1623 1747 versu

874 1756 1073 1798 repudietur,
1110 1758 1251 1790 rescribe
1281 1760 1502 1795 exanimatu'sff
1541 1759 1622 1790 item

874 1801 1001 1831 naetu’s.
1034 1801 1071 1832 B.

920 1845 970 1874 28.
988 1843 1153 1885 Simulare]
1172 1844 1319 1886 Fingere,
1336 1855 1373 1875 ac
1388 1855 1448 1886 pro
1470 1854 1547 1876 vero
1561 1844 1622 1876 fal-

875 1897 946 1918 sum
969 1887 1105 1918 tradere.
1140 1889 1199 1919 Ille
1214 1891 1293 1919 alias
1314 1899 1363 1919 res
1376 1899 1466 1929 agere
1481 1899 1512 1919 ee
1526 1890 1620 1920 simu-

876 1929 957 1971 lare]
977 1930 1016 1961 Id
1032 1937 1089 1967 est,
1106 1930 1185 1963 alias
1199 1941 1252 1962 res
1266 1938 1415 1972 agentem
1431 1941 1466 1962 se
1482 1931 1621 1971 fingere:

874 1973 1017 2014 pudebat
1044 1974 1131 2005 enim
1154 1974 1266 2006 amicae
1292 1975 1332 2006 de
1354 1974 1487 2006 alterius
1509 1981 1623 2016 stupro

875 2016 966 2048 fateri
979 2029 987 2047 :
1012 2024 1044 2048 et
1059 2017 1089 2048 ei
1105 2017 1226 2055 amicae,
1242 2028 1338 2059 quam
1354 2023 1422 2049 tum
1445 2017 1622 2060 deperibat.

878 2060 1023 2091 D.—Ille
1044 2062 1123 2092 alias
1138 2072 1186 2092 res
1206 2072 1297 2102 agere
1309 2072 1340 2092 se
1354 2062 1506 2092 simulare.
1536 2061 1621 2092 E.—

878 2103 963 2134 Illud
980 2106 1015 2134 id
1027 2103 1062 2134 in
1077 2104 1147 2135 cod.
1164 2104 1253 2136 nullo
1269 2110 1327 2142 est,
1343 2104 1406 2135 nisi
1419 2103 1619 2143 Victoriam,

875 2146 930 2178 ubi
946 2154 979 2178 et
994 2147 1101 2188 ipsum
1114 2147 1256 2179 deletum
1273 2154 1331 2179 est.
1358 2148 1395 2178 B.

919 2191 969 2221 29.
982 2192 1093 2222 Nescio
1107 2193 1181 2231 quid
1190 2190 1391 2240 suspicarier]
1409 2190 1472 2222 Pro
1487 2190 1619 2233 aliquid.

875 2233 1050 2275 D.-—-Lege
1073 2240 1107 2264 et
1128 2234 1323 2276 interpunge
1342 2233 1398 2272 sic,
1415 2235 1525 2265 Nescio
1546 2236 1622 2276 qaid

872 2279 1084 2317 suspectarier,
1095 2279 1192 2319 magis
1201 2280 1278 2317 coepi
1291 2280 1405 2309 instare
1420 2283 1455 2308 ut
1469 2279 1562 2309 dicat.
1581 2278 1618 2309 B.

917 2321 967 2351 30.
987 2322 1081 2351 Homo
1104 2332 1136 2352 se
1147 2319 1271 2361 fatetur
1293 2323 1324 2352 vi
1348 2323 1380 2352 in
1401 2323 1452 2352 via
1473 2323 1621 2362 virginem

872 2366 971 2395 nescio
995 2375 1084 2404 quam
1107 2363 1329 2405 compressisse]
1359 2364 1449 2395 Bene
1474 2364 1620 2396 additum

871 2409 974 2438 homo:
1007 2413 1040 2438 et
1063 2408 1201 2439 oratorie
1225 2410 1322 2439 nescio
1344 2419 1456 2448 quam,-
1488 2417 1530 2439 ex
1556 2417 1620 2449 quo

872 2450 959 2482 dicto
974 2450 1079 2482 omnis
1094 2461 1183 2482 error
1199 2458 1249 2482 est
1264 2457 1367 2482 natus.
1393 2450 1477 2482 Nam
1492 2461 1620 2492 appone

873 2504 1001 2530 nomen,
1019 2500 1052 2525 et
1066 2493 1155 2525 nulla
1170 2494 1276 2525 sabula
1298 2500 1356 2525 est.
1387 2495 1499 2525 Nescio
1512 2493 1618 2536 quam]

874 2537 936 2568 Vel
950 2537 1025 2578 quia
1040 2548 1115 2568 vere
1131 2538 1312 2569 nesciebat.
1337 2536 1388 2567 vel
1403 2536 1478 2578 quia
1499 2537 1546 2568 sic
1568 2537 1619 2568 di-

874 2581 1012 2612 cendum
1038 2580 1108 2617 fuit,
1131 2591 1172 2612 ne
1198 2591 1306 2612 amare
1331 2580 1420 2611 illam
1446 2579 1620 2613 videretur.

875 2624 962 2655 D.-—-
967 2624 1051 2655 Illud
1073 2626 1219 2664 virginem
1241 2624 1282 2655 ob
1306 2623 1403 2654 fidem
1425 2623 1621 2664 optimorum

871 2667 962 2698 codd.
976 2667 1098 2698 dudum
1112 2667 1285 2698 delendum
1298 2673 1455 2708 putarunt
1465 2666 1526 2698 viri
1541 2666 1617 2698 doe-

873 2710 907 2741 ti.
941 2710 978 2741 B.

916 2754 967 2784 31.
990 2754 1072 2784 Dum
1099 2752 1212 2794 lactat]
1245 2753 1298 2784 Ita
1323 2753 1388 2784 Me.
1412 2752 1452 2784 R.
1478 2759 1512 2785 et
1538 2759 1618 2786 vett.

872 2796 948 2827 libb.
980 2796 1019 2826 al.
1038 2798 1182 2827 luctatur.
1212 2796 1248 2827 L.

919 2840 970 2870 32.
988 2839 1123 2880 Repone
1132 2841 1212 2870 Eum
1222 2841 1357 2880 cognovit
1365 2840 1528 2881 Myrrhina
1536 2842 1618 2872 haec:

876 2884 907 2912 in
923 2884 1020 2923 digito
1034 2884 1118 2913 modo
1133 2894 1177 2914 me
1192 2884 1327 2914 habente.
1352 2883 1438 2915 Nam
1452 2893 1518 2915 non
1533 2883 1618 2915 Bac-

874 2925 1012 2963 chidem,
1029 2925 1106 2956 sed'
1096 2936 1205 2968 ipsum
1215 2925 1348 2959 anulum
1358 2926 1509 2968 cognovit
1525 2927 1617 2969 Myr·

874 2968 977 3001 rhina.
1010 2969 1048 3000 B.

1044 3013 1066 3042 4
1082 3021 1104 3044 Α
