1852 3216
176 111 260 152 xliv
580 111 821 155 VICTOR
857 114 941 155 DE
977 114 1313 159 coMOEDIA.

177 198 271 242 olim
291 198 540 248 celebratam,
559 200 600 240 in
616 202 803 242 comicam
821 205 1076 243 αἰολοσσικόνα
1092 202 1307 243 deridendo
1333 203 1585 255 permutavit.
1640 203 1717 244 me

180 253 286 294 idem
303 254 588 308 Aristophanes
602 254 763 307 (mirum
781 255 910 307 dictu)
923 270 1037 297 novae
1055 257 1172 296 etiam
1191 257 1341 297 initium
1362 258 1568 297 comoediae
1589 257 1717 305 dedit,

178 307 287 359 quod
304 307 421 348 velim
441 308 528 361 ejus
545 310 702 362 egregia
719 309 835 349 laude
853 309 1000 350 dictum
1019 311 1231 350 arbitreris.
1289 311 1449 364 Quippe
1468 326 1589 363 quum
1612 326 1714 351 unus

175 361 261 414 ipse
288 371 405 414 queat
433 363 596 415 triplicis
622 364 840 416 argumenti
869 374 986 416 poeta
1012 365 1186 417 reperiri,
1206 365 1396 416 siquidem
1424 375 1464 405 et
1491 365 1618 412 aliam,
1649 367 1713 405 cui

175 429 317 456 nomen
338 426 398 455 est
422 417 580 464 Cocalo,
608 417 780 457 fabulam
809 428 1050 458 commentus
1075 432 1159 457 esse
1190 419 1344 465 dicitur,
1365 420 1404 458 in
1423 434 1499 470 qua
1518 421 1712 471 virginum

177 471 499 523 compressiones,
532 471 751 523 agnitaeque
785 473 1023 523 agitarentur
1058 472 1280 511 affinitates.
1346 473 1515 512 Demum
1546 474 1713 513 Athenis

178 522 444 564 Macedonum
463 525 677 577 petulantia
696 525 926 577 subjugatis,
945 540 1012 565 cas
1030 526 1215 565 continuo
1240 526 1404 565 fabellas
1432 528 1548 566 edere
1573 528 1712 566 studu-

177 587 292 617 erunt
325 588 466 630 poetae,
499 579 640 630 quihus
671 579 827 618 illorum
859 580 1074 631 impuritati
1107 580 1348 619 satisfactum
1380 595 1465 620 esse
1497 581 1710 621 videretur.

176 631 506 684 Quandoquidem
526 632 587 671 vel
607 646 658 671 ex
678 633 860 672 Athenaei
888 634 1151 672 monumentis
1180 634 1292 673 facile
1319 648 1527 686 possumus
1554 636 1711 687 conjec-

177 693 274 731 tare,
302 686 408 737 quod
442 686 546 738 gulae
574 687 799 737 ventrisque
837 688 997 726 servitio
1027 687 1267 726 Macedones
1295 688 1440 728 fuerint
1468 690 1711 741 emancipati.

174 738 394 779 Menander
413 740 542 790 itaque
564 753 647 779 suae
668 741 889 792 tempestati
909 754 1055 780 morem
1082 750 1277 793 gesturus,
1298 742 1528 782 comoediam
1549 745 1599 782 ab
1620 744 1711 782 Ari-

175 794 376 845 stophanis
404 792 549 832 Cocalo
577 793 741 833 feliciter
768 794 978 834 admodum
1006 804 1066 834 est
1094 796 1338 847 auspicatus:
1367 797 1430 835 cui
1459 798 1515 835 sic
1543 797 1714 836 Ovidius

173 846 312 886 alludit
331 848 523 887 Amorum
542 848 725 894 secundo,
742 849 853 888 nobis
873 850 999 888 obiter
1017 862 1196 900 quaenam
1215 850 1361 889 fuerint
1378 850 1465 902 ejus
1484 860 1714 903 argumenta

174 901 457 949 demonstrans,

453 962 555 999 Dum
571 963 680 999 fallax
696 974 833 1006 servus,
852 963 963 999 durus
979 969 1092 1010 pater,
1110 963 1275 1010 improba
1289 965 1371 1001 lena

453 1009 593 1046 Vixerit
608 1016 644 1046 et
660 1011 827 1046 meretrix
844 1010 987 1054 blanda,
1006 1010 1228 1047 Menandros
1245 1012 1323 1048 erit.

175 1067 296 1112 Quod
314 1083 385 1108 nos
405 1083 493 1108 cum
512 1069 657 1108 Graeco
682 1070 850 1108 carmine
876 1070 1055 1110 ludentes
1082 1072 1120 1109 in
1146 1072 1342 1124 egregiam
1363 1071 1536 1111 Terentii
1555 1072 1712 1113 laudem

172 1122 438 1169 vertissemus,
459 1124 529 1162 tibi
558 1123 840 1175 pulcherrimos
869 1124 1060 1163 condendi
1089 1126 1239 1164 iambos
1267 1126 1421 1165 dedisse
1449 1140 1580 1166 ansam
1602 1128 1713 1166 vide-

172 1189 274 1215 mur.
332 1176 531 1216 Caeterum
557 1178 631 1216 fuit
664 1187 753 1217 octo
786 1187 936 1218 tantum
970 1179 1081 1218 annis
1103 1180 1239 1232 junior
1261 1180 1500 1227 Alexandro,
1521 1183 1711 1233 sanguine

172 1230 316 1270 nobilis
347 1240 387 1270 et
418 1245 570 1271 morum
607 1232 832 1284 integritate
870 1233 1095 1285 praeclarus.
1152 1234 1399 1286 Alexideque
1428 1234 1490 1286 (ut
1522 1235 1712 1286 arbitror)

171 1294 419 1337 praeceptore
442 1285 525 1338 jam
553 1285 778 1326 adolescens
807 1287 900 1326 dare
930 1287 1081 1327 fabulas
1109 1289 1242 1340 coepit,
1263 1303 1352 1340 quae
1371 1299 1527 1328 centum
1553 1299 1593 1329 et
1619 1300 1711 1329 octo

172 1352 335 1378 numero
370 1353 501 1379 coram
533 1340 767 1379 doctissimis
801 1342 1019 1392 quibusque
1056 1350 1261 1389 steterunt,
1292 1342 1354 1381 vel
1385 1344 1554 1395 quinque
1591 1358 1711 1396 supra

173 1402 341 1439 centum,
370 1402 414 1433 ut
438 1394 624 1433 cecinisse
646 1395 929 1447 Apollodorum
958 1395 1113 1435 Gellius
1140 1397 1288 1436 scribit.
1345 1397 1523 1436 Tandem
1544 1398 1712 1437 Athenis

171 1447 211 1486 in
231 1445 358 1499 patria
376 1447 474 1487 duos
493 1457 532 1487 et
551 1449 831 1501 quinquaginta
850 1458 964 1489 natus
992 1463 1114 1490 annos
1140 1451 1239 1490 obiit
1263 1461 1442 1497 mortem,
1462 1451 1614 1491 decimo
1633 1454 1710 1492 sci-

170 1500 264 1540 licet
283 1510 372 1541 ante
390 1501 536 1541 bellum
558 1502 856 1543 Macedonicum
876 1517 991 1549 anno,
1011 1504 1116 1555 quod
1137 1504 1310 1557 Pyrrhus
1336 1519 1425 1544 cum
1453 1506 1599 1558 populo
1628 1506 1711 1546 Ro-

171 1567 287 1594 mano
323 1556 446 1608 gessit
480 1557 724 1596 acerrimum.
795 1557 880 1597 Nec
912 1557 1008 1597 solae
1039 1558 1196 1609 quidem
1230 1559 1293 1597 hae
1326 1559 1535 1599 Menandri
1566 1560 1710 1600 sabulae

174 1608 439 1648 Macedonum
466 1609 622 1650 lumbos
647 1610 710 1662 (ut
737 1611 798 1650 his
829 1622 915 1651 utar
940 1610 1064 1651 Persii
1084 1611 1234 1662 verbis)
1253 1613 1457 1660 intravere,
1478 1613 1548 1653 sed
1564 1624 1604 1653 et
1622 1615 1711 1653 aliae

171 1662 322 1715 Diphili
351 1663 506 1716 Sinopei
534 1674 689 1704 centum
720 1664 1034 1717 Philemonisque
1053 1667 1285 1718 Syracusani
1306 1667 1567 1707 Menandrum
1586 1681 1710 1707 oemu-

170 1716 287 1756 lautis
315 1718 396 1757 fere
427 1718 589 1757 totidem
619 1729 878 1759 accesserunt.
936 1719 1133 1760 Praetereo
1161 1735 1257 1772 quas
1285 1721 1564 1773 Apollodorus,
1595 1722 1707 1762 Posi-

171 1770 328 1824 dippus,
348 1780 388 1810 et
407 1771 649 1824 Philippides
668 1773 912 1820 addiderunt,
929 1788 973 1813 ac
993 1775 1136 1819 caeteri,
1153 1789 1250 1826 quos
1269 1789 1373 1814 nova
1391 1776 1585 1815 comoedia
1603 1776 1705 1816 cele·

169 1826 311 1864 bravit.
369 1825 552 1865 Profecto
579 1827 678 1866 mira
705 1827 780 1866 fuit
799 1828 1072 1880 Aristophanis
1093 1828 1280 1868 felicitas:
1310 1830 1423 1882 cujus
1442 1843 1518 1869 una
1537 1830 1707 1870 Cocalus

129 1916 134 1922 ,
170 1893 192 1918 e
220 1880 501 1932 quinquaginta
530 1890 698 1932 quatuor
725 1881 802 1932 (tot
830 1882 931 1920 enim
960 1882 1104 1922 vidisse
1138 1897 1179 1921 se
1208 1883 1381 1923 Thomas
1410 1883 1604 1936 Magister
1633 1884 1706 1936 ait)

170 1933 269 1972 adeo
296 1933 438 1973 multas
461 1934 705 1974 diversorum
743 1945 948 1987 poetarum
976 1936 1128 1976 fabulas
1155 1938 1383 1989 procrearit,
1402 1950 1491 1990 quae
1518 1952 1607 1977 cum
1663 1953 1707 1978 a·

170 1996 280 2027 rente
310 2002 382 2027 suo
411 1988 649 2040 reliquisque
677 1998 852 2029 veterum
882 2003 982 2042 pene
1014 1992 1196 2031 omnibus
1225 1993 1275 2031 ab
1307 2006 1381 2031 usu
1411 2002 1546 2031 nostro
1578 1953 1665 2032 sug

170 2050 281 2081 rante
311 2050 485 2094 tempore
506 2042 749 2082 exciderunt.
807 2043 965 2083 Utinam
985 2054 1165 2085 extarent
1181 2045 1244 2085 vel
1263 2046 1488 2093 dimidiata,
1508 2060 1585 2086 non
1604 2047 1705 2086 adeo

170 2095 301 2135 forsan
331 2096 370 2135 in
398 2097 603 2149 praesentia
624 2097 776 2137 fabulas
804 2099 1079 2151 perspiciendo
1098 2100 1394 2140 caecutiremus:
1422 2113 1494 2140 nec
1510 2111 1613 2140 esset
1633 2115 1705 2140 cur

171 2163 246 2202 ego
268 2163 339 2189 vos
358 2151 585 2190 semicaecus
603 2151 747 2191 ducere
767 2166 941 2192 conarer.
998 2152 1076 2192 Sed
1095 2163 1182 2193 acta
1200 2167 1247 2193 ne
1267 2168 1441 2207 agamus,
1461 2155 1598 2194 vitium
1627 2155 1703 2195 hoc

169 2213 210 2242 et
245 2205 480 2256 praeteritam
509 2204 768 2245 calamitatem
794 2206 855 2245 his
875 2207 987 2259 quasi
1014 2208 1204 2260 frugibus,
1224 2218 1418 2261 quotquot
1437 2218 1586 2254 extant,
1608 2210 1702 2248 Ari-

170 2258 370 2310 stophanis
389 2258 540 2299 fabellis
559 2273 644 2299 com
699 2270 868 2300 nsantes.
918 2260 1078 2314 Duplex
1097 2276 1182 2301 esse
1210 2276 1460 2302 numerorum
1479 2262 1702 2302 differentia

169 2312 350 2351 videtur:
405 2273 719 2366 quandoquidgem
757 2323 910 2354 veteres
951 2315 1005 2354 illi
1043 2316 1272 2356 comoediam
1309 2317 1426 2356 variis
1463 2316 1702 2369 distinguere

169 2366 348 2406 versibus
367 2367 613 2414 studuerunt,
633 2381 680 2407 eo
700 2368 806 2421 quod
824 2368 929 2408 laudi
950 2370 1119 2409 maxime
1137 2370 1308 2416 daretur,
1327 2371 1428 2423 siqui
1448 2384 1592 2410 novum
1613 2385 1698 2410 car-

167 2420 280 2460 minis
308 2434 431 2473 genus
451 2421 749 2462 adinvenissent.
807 2421 921 2462 Unde
948 2423 1165 2476 Phrynicus
1191 2425 1229 2464 in
1260 2425 1394 2465 lonico
1422 2425 1561 2464 minori
1592 2435 1698 2464 cata-

167 2473 331 2514 lecticon
361 2484 625 2515 tetrametrum
645 2477 897 2529 excogitavit,
919 2476 1249 2531 Pherecratesquc
1268 2479 1341 2519 sibi
1360 2492 1515 2518 versum
1532 2493 1555 2518 e
1583 2493 1700 2532 spon-

168 2527 255 2575 deo,
275 2528 443 2580 dactylo,
464 2538 503 2569 et
523 2530 697 2570 trochaeo
715 2530 1018 2584 pulcherrimum
1038 2533 1310 2572 concinnavit:
1341 2546 1412 2573 nec
1432 2547 1544 2572 secus
1562 2533 1698 2586 Eupo·

167 2581 216 2620 lis
237 2592 503 2622 tetrametrum
524 2597 574 2623 ex
603 2584 784 2624 trochoeis
808 2585 1102 2637 conglutinavit.
1161 2586 1308 2626 Verum
1336 2587 1633 2639 Aristophanes,
1655 2597 1700 2627 ut

167 2635 207 2675 in
227 2637 405 2676 omnibus
424 2646 483 2676 cst
502 2643 777 2687 ποιητικώτατος,
798 2638 838 2678 in
866 2639 940 2679 hoc
959 2641 1076 2679 etiam
1097 2640 1164 2680 ulli
1190 2641 1329 2681 cedere
1356 2641 1493 2680 noluit.
1551 2642 1698 2681 lambi-

169 2703 257 2729 cum
276 2691 378 2730 enim
398 2692 792 2743 hypercatalecticum
812 2703 1111 2741 monometrum,
1131 2704 1171 2734 et
1190 2695 1605 2748 brachycatalecticum
1626 2696 1695 2735 tri-

166 2752 347 2790 metrum,
386 2754 445 2783 est
474 2746 571 2785 mira
604 2748 800 2787 suavitate
832 2747 1068 2787 modulatus.
1128 2748 1292 2802 Insuper
1314 2764 1365 2789 ex
1386 2750 1592 2802 anapaestis
1622 2750 1694 2788 tri-

164 2806 336 2836 metrum
372 2799 675 2847 acatalecticum,
713 2815 764 2840 ex
802 2801 1036 2841 choriambis
1073 2816 1167 2842 vero
1211 2813 1498 2843 monometrum
1545 2804 1695 2856 primus

165 2851 338 2891 omnium
363 2854 606 2904 temperavit,
625 2865 743 2907 atque
762 2855 837 2895 alia
854 2855 1055 2908 complura
1073 2870 1143 2908 per
1163 2857 1355 2903 Servium,
1375 2867 1416 2897 et
1443 2857 1546 2897 illius
1574 2858 1692 2896 inter·

163 2913 295 2957 pretes
315 2905 531 2946 fabularum
546 2918 742 2953 annotata.
758 2920 849 2961 quoe
868 2909 1096 2949 mortalibus
1110 2910 1209 2950 adeo
1229 2910 1470 2963 placuerunt,
1490 2920 1534 2950 ut
1553 2911 1693 2950 barba·

164 2971 229 2999 ros
246 2959 362 3000 etiam
392 2959 596 3002 Persarum
627 2963 779 3003 animos
803 2964 1001 3016 potuerint
1018 2963 1253 3005 demulcere.
1312 2965 1467 3005 Etenim
1494 2965 1600 3018 apud
1625 2979 1695 3005 eos
