<?xml version="1.0" encoding="UTF-8"?>
<!DOCTYPE html PUBLIC "-//W3C//DTD XHTML 1.0 Transitional//EN"
    "http://www.w3.org/TR/xhtml1/DTD/xhtml1-transitional.dtd">
<html xmlns="http://www.w3.org/1999/xhtml" xml:lang="en" lang="en">
 <head>
  <title>
</title>
<meta http-equiv="Content-Type" content="text/html;charset=utf-8" />
  <meta name='ocr-system' content='tesseract 3.04.00' />
  <meta name='ocr-capabilities' content='ocr_page ocr_carea ocr_par ocr_line ocrx_word'/>
</head>
<body>
  <div class='ocr_page' id='page_1' title='image "./comoediaesex00tereuoft_0257.png"; bbox 0 0 1852 3216; ppageno 0'>
   <div class='ocr_carea' id='block_1_1' title="bbox 114 187 344 242">
    <p class='ocr_par' dir='ltr' id='par_1_1' title="bbox 114 187 344 242">
     <span class='ocr_line' id='line_1_1' title="bbox 114 187 344 242; baseline 0 -13"><span class='ocrx_word' id='word_1_1' title='bbox 114 201 252 229; x_wconf 64' lang='lat' dir='ltr'><strong>semu</strong></span> <span class='ocrx_word' id='word_1_2' title='bbox 275 187 344 242; x_wconf 67' lang='grc' dir='ltr'><strong>ιι]</strong></span> 
     </span>
    </p>
   </div>
   <div class='ocr_carea' id='block_1_2' title="bbox 683 183 1103 226">
    <p class='ocr_par' dir='ltr' id='par_1_2' title="bbox 683 183 1103 226">
     <span class='ocr_line' id='line_1_2' title="bbox 683 183 1103 226; baseline -0.002 0"><span class='ocrx_word' id='word_1_3' title='bbox 683 183 1103 226; x_wconf 89' lang='lat' dir='ltr'><strong>EUNUCHUS.</strong></span> 
     </span>
    </p>
   </div>
   <div class='ocr_carea' id='block_1_3' title="bbox 1574 188 1655 228">
    <p class='ocr_par' dir='ltr' id='par_1_3' title="bbox 1574 188 1655 228">
     <span class='ocr_line' id='line_1_3' title="bbox 1574 188 1655 228; baseline 0 0"><span class='ocrx_word' id='word_1_4' title='bbox 1574 188 1655 228; x_wconf 88' lang='grc'><strong>155</strong></span> 
     </span>
    </p>
   </div>
   <div class='ocr_carea' id='block_1_4' title="bbox 167 272 1651 327">
    <p class='ocr_par' dir='ltr' id='par_1_4' title="bbox 167 272 1651 327">
     <span class='ocr_line' id='line_1_4' title="bbox 167 272 1651 327; baseline -0.001 -11"><span class='ocrx_word' id='word_1_5' title='bbox 167 275 280 316; x_wconf 73' lang='lat' dir='ltr'><strong>PAR.</strong></span> <span class='ocrx_word' id='word_1_6' title='bbox 304 275 469 316; x_wconf 88' lang='lat' dir='ltr'><strong>Scitum</strong></span> <span class='ocrx_word' id='word_1_7' title='bbox 497 272 643 315; x_wconf 91' lang='lat' dir='ltr'><strong>hercle</strong></span> <span class='ocrx_word' id='word_1_8' title='bbox 670 272 908 315; x_wconf 90' lang='lat' dir='ltr'><strong>hominem!</strong></span> <span class='ocrx_word' id='word_1_9' title='bbox 941 272 1011 314; x_wconf 90' lang='lat' dir='ltr'><strong>hie</strong></span> <span class='ocrx_word' id='word_1_10' title='bbox 1031 272 1226 314; x_wconf 89' lang='lat' dir='ltr'><strong>homines</strong></span> <span class='ocrx_word' id='word_1_11' title='bbox 1247 286 1448 327; x_wconf 87' lang='lat' dir='ltr'><strong>prorsum</strong></span> <span class='ocrx_word' id='word_1_12' title='bbox 1468 287 1523 314; x_wconf 87' lang='lat' dir='ltr'><strong>ex</strong></span> <span class='ocrx_word' id='word_1_13' title='bbox 1547 274 1651 314; x_wconf 88' lang='lat' dir='ltr'><strong>stul-</strong></span> 
     </span>
    </p>
   </div>
   <div class='ocr_carea' id='block_1_5' title="bbox 252 337 634 380">
    <p class='ocr_par' dir='ltr' id='par_1_5' title="bbox 252 337 634 380">
     <span class='ocr_line' id='line_1_5' title="bbox 252 337 634 380; baseline -0.005 0"><span class='ocrx_word' id='word_1_14' title='bbox 252 339 306 380; x_wconf 88' lang='lat' dir='ltr'><strong>tis</strong></span> <span class='ocrx_word' id='word_1_15' title='bbox 327 339 499 380; x_wconf 89' lang='lat' dir='ltr'><strong>insanos</strong></span> <span class='ocrx_word' id='word_1_16' title='bbox 520 337 634 379; x_wconf 85' lang='lat' dir='ltr'><strong>facit.</strong></span> 
     </span>
    </p>
   </div>
   <div class='ocr_carea' id='block_1_6' title="bbox 166 400 1650 457">
    <p class='ocr_par' dir='ltr' id='par_1_6' title="bbox 166 400 1650 457">
     <span class='ocr_line' id='line_1_6' title="bbox 166 400 1650 457; baseline -0.002 -13"><span class='ocrx_word' id='word_1_17' title='bbox 166 403 260 444; x_wconf 71' lang='lat' dir='ltr'><strong>GN.</strong></span> <span class='ocrx_word' id='word_1_18' title='bbox 285 402 404 444; x_wconf 89' lang='lat' dir='ltr'><strong>Dum</strong></span> <span class='ocrx_word' id='word_1_19' title='bbox 427 402 521 444; x_wconf 87' lang='lat' dir='ltr'><strong>haec</strong></span> <span class='ocrx_word' id='word_1_20' title='bbox 550 401 779 457; x_wconf 84' lang='lat' dir='ltr'><strong>loquimur,</strong></span> <span class='ocrx_word' id='word_1_21' title='bbox 810 401 975 444; x_wconf 86' lang='lat' dir='ltr'><strong>interea</strong></span> <span class='ocrx_word' id='word_1_22' title='bbox 1004 401 1085 443; x_wconf 89' lang='lat' dir='ltr'><strong>loci</strong></span> <span class='ocrx_word' id='word_1_23' title='bbox 1107 402 1163 443; x_wconf 88' lang='lat' dir='ltr'><strong>ad</strong></span> <span class='ocrx_word' id='word_1_24' title='bbox 1184 400 1407 444; x_wconf 84' lang='lat' dir='ltr'><strong>macellum</strong></span> <span class='ocrx_word' id='word_1_25' title='bbox 1429 401 1503 442; x_wconf 92' lang='lat' dir='ltr'><strong>ubi</strong></span> <span class='ocrx_word' id='word_1_26' title='bbox 1522 401 1650 442; x_wconf 88' lang='lat' dir='ltr'><strong>adve-</strong></span> 
     </span>
    </p>
   </div>
   <div class='ocr_carea' id='block_1_7' title="bbox 252 468 420 517">
    <p class='ocr_par' dir='ltr' id='par_1_7' title="bbox 252 468 420 517">
     <span class='ocr_line' id='line_1_7' title="bbox 252 468 420 517; baseline 0 -9"><span class='ocrx_word' id='word_1_27' title='bbox 252 468 391 508; x_wconf 84' lang='lat' dir='ltr'>nimus</span> <span class='ocrx_word' id='word_1_28' title='bbox 409 484 420 517; x_wconf 88' lang='grc'>;</span> 
     </span>
    </p>
   </div>
   <div class='ocr_carea' id='block_1_8' title="bbox 109 530 1607 715">
    <p class='ocr_par' dir='ltr' id='par_1_8' title="bbox 109 530 1607 715">
     <span class='ocr_line' id='line_1_8' title="bbox 109 530 1294 585; baseline 0.002 -16"><span class='ocrx_word' id='word_1_29' title='bbox 109 539 150 569; x_wconf 78' lang='grc'><strong>25</strong></span> <span class='ocrx_word' id='word_1_30' title='bbox 167 531 443 573; x_wconf 88' lang='lat' dir='ltr'>Concurrunt</span> <span class='ocrx_word' id='word_1_31' title='bbox 462 530 548 572; x_wconf 88' lang='lat' dir='ltr'><strong>laeti</strong></span> <span class='ocrx_word' id='word_1_32' title='bbox 569 531 625 572; x_wconf 91' lang='lat' dir='ltr'><strong>mi</strong></span> <span class='ocrx_word' id='word_1_33' title='bbox 647 530 815 572; x_wconf 89' lang='lat' dir='ltr'><strong>obviam</strong></span> <span class='ocrx_word' id='word_1_34' title='bbox 834 530 1101 585; x_wconf 86' lang='lat' dir='ltr'><strong>cupedinarii</strong></span> <span class='ocrx_word' id='word_1_35' title='bbox 1122 545 1294 581; x_wconf 84' lang='lat' dir='ltr'><strong>omnes3</strong></span> 
     </span>
     <span class='ocr_line' id='line_1_9' title="bbox 164 594 1140 649; baseline 0 -13"><span class='ocrx_word' id='word_1_36' title='bbox 164 595 340 645; x_wconf 78' lang='lat' dir='ltr'><strong>cetarii,</strong></span> <span class='ocrx_word' id='word_1_37' title='bbox 363 594 479 645; x_wconf 88' lang='lat' dir='ltr'><strong>lanii,</strong></span> <span class='ocrx_word' id='word_1_38' title='bbox 500 596 642 649; x_wconf 90' lang='lat' dir='ltr'><strong>coqui,</strong></span> <span class='ocrx_word' id='word_1_39' title='bbox 665 595 864 644; x_wconf 83' lang='lat' dir='ltr'><strong>fartores,</strong></span> <span class='ocrx_word' id='word_1_40' title='bbox 886 595 1140 649; x_wconf 86' lang='lat' dir='ltr'><strong>piscatores,</strong></span> 
     </span>
     <span class='ocr_line' id='line_1_10' title="bbox 166 658 1607 715; baseline 0.001 -14"><span class='ocrx_word' id='word_1_41' title='bbox 166 660 355 710; x_wconf 85' lang='lat' dir='ltr'><strong>Quibus,</strong></span> <span class='ocrx_word' id='word_1_42' title='bbox 376 666 420 701; x_wconf 88' lang='lat' dir='ltr'><strong>et</strong></span> <span class='ocrx_word' id='word_1_43' title='bbox 439 674 494 701; x_wconf 86' lang='lat' dir='ltr'><strong>re.</strong></span> <span class='ocrx_word' id='word_1_44' title='bbox 508 658 623 700; x_wconf 87' lang='lat' dir='ltr'><strong>salva</strong></span> <span class='ocrx_word' id='word_1_45' title='bbox 642 666 687 700; x_wconf 84' lang='lat' dir='ltr'><strong>et</strong></span> <span class='ocrx_word' id='word_1_46' title='bbox 706 659 892 714; x_wconf 87' lang='lat' dir='ltr'><strong>perdita,</strong></span> <span class='ocrx_word' id='word_1_47' title='bbox 915 658 1176 714; x_wconf 84' lang='lat' dir='ltr'><strong>profueram,</strong></span> <span class='ocrx_word' id='word_1_48' title='bbox 1200 667 1245 701; x_wconf 83' lang='lat' dir='ltr'><strong>et</strong></span> <span class='ocrx_word' id='word_1_49' title='bbox 1265 674 1441 714; x_wconf 87' lang='lat' dir='ltr'><strong>prosum</strong></span> <span class='ocrx_word' id='word_1_50' title='bbox 1464 674 1579 715; x_wconf 88' lang='lat' dir='ltr'><strong>saepe</strong></span> <span class='ocrx_word' id='word_1_51' title='bbox 1598 676 1607 701; x_wconf 93' lang='lat'><strong>:</strong></span> 
     </span>
    </p>
   </div>
   <div class='ocr_carea' id='block_1_9' title="bbox 101 769 857 3015">
    <p class='ocr_par' dir='ltr' id='par_1_9' title="bbox 107 769 857 1148">
     <span class='ocr_line' id='line_1_11' title="bbox 109 769 857 811; baseline 0 -11"><span class='ocrx_word' id='word_1_52' title='bbox 109 771 215 805; x_wconf 85' lang='lat' dir='ltr'><strong>Quam</strong></span> <span class='ocrx_word' id='word_1_53' title='bbox 231 769 285 800; x_wconf 85' lang='lat' dir='ltr'><strong>ille</strong></span> <span class='ocrx_word' id='word_1_54' title='bbox 295 770 381 811; x_wconf 86' lang='lat' dir='ltr'><strong>apud</strong></span> <span class='ocrx_word' id='word_1_55' title='bbox 397 769 540 800; x_wconf 85' lang='lat' dir='ltr'><strong>seculum</strong></span> <span class='ocrx_word' id='word_1_56' title='bbox 557 769 649 810; x_wconf 86' lang='lat' dir='ltr'><strong>prius</strong></span> <span class='ocrx_word' id='word_1_57' title='bbox 662 769 776 800; x_wconf 82' lang='lat' dir='ltr'><strong>fuerat.</strong></span> <span class='ocrx_word' id='word_1_58' title='bbox 811 769 857 800; x_wconf 89' lang='lat' dir='ltr'><strong>Et</strong></span> 
     </span>
     <span class='ocr_line' id='line_1_12' title="bbox 108 811 855 852; baseline -0.001 -9"><span class='ocrx_word' id='word_1_59' title='bbox 108 812 191 849; x_wconf 86' lang='lat' dir='ltr'><strong>vide,</strong></span> <span class='ocrx_word' id='word_1_60' title='bbox 229 812 498 852; x_wconf 81' lang='lat' dir='ltr'><strong>quemadmodum</strong></span> <span class='ocrx_word' id='word_1_61' title='bbox 533 811 722 842; x_wconf 85' lang='lat' dir='ltr'><strong>illiberalem</strong></span> <span class='ocrx_word' id='word_1_62' title='bbox 755 811 855 842; x_wconf 84' lang='lat' dir='ltr'><strong>vitam</strong></span> 
     </span>
     <span class='ocr_line' id='line_1_13' title="bbox 107 853 856 895; baseline -0.003 -10"><span class='ocrx_word' id='word_1_63' title='bbox 107 855 292 886; x_wconf 80' lang='lat' dir='ltr'><strong>honestiore</strong></span> <span class='ocrx_word' id='word_1_64' title='bbox 315 854 446 885; x_wconf 89' lang='lat' dir='ltr'><strong>nomine</strong></span> <span class='ocrx_word' id='word_1_65' title='bbox 467 853 573 895; x_wconf 88' lang='lat' dir='ltr'><strong>primo</strong></span> <span class='ocrx_word' id='word_1_66' title='bbox 588 856 758 893; x_wconf 71' lang='lat' dir='ltr'><strong>aucupium,</strong></span> <span class='ocrx_word' id='word_1_67' title='bbox 782 860 856 894; x_wconf 89' lang='lat' dir='ltr'><strong>post</strong></span> 
     </span>
     <span class='ocr_line' id='line_1_14' title="bbox 108 896 854 938; baseline -0.001 -11"><span class='ocrx_word' id='word_1_68' title='bbox 108 897 206 928; x_wconf 85' lang='lat' dir='ltr'><strong>etiam</strong></span> <span class='ocrx_word' id='word_1_69' title='bbox 213 902 356 938; x_wconf 69' lang='lat' dir='ltr'><strong>questum</strong></span> <span class='ocrx_word' id='word_1_70' title='bbox 363 896 586 928; x_wconf 81' lang='lat' dir='ltr'><strong>nominaverit.</strong></span> <span class='ocrx_word' id='word_1_71' title='bbox 611 896 854 927; x_wconf 77' lang='lat' dir='ltr'><strong>PorioxAPhc</strong></span> 
     </span>
     <span class='ocr_line' id='line_1_15' title="bbox 108 938 852 979; baseline -0.003 -9"><span class='ocrx_word' id='word_1_72' title='bbox 108 941 128 960; x_wconf 63' lang='grc' dir='ltr'><strong>θ</strong></span> <span class='ocrx_word' id='word_1_73' title='bbox 154 939 207 970; x_wconf 84' lang='lat' dir='ltr'><strong>hic</strong></span> <span class='ocrx_word' id='word_1_74' title='bbox 231 939 398 970; x_wconf 86' lang='lat' dir='ltr'><strong>inducens.</strong></span> <span class='ocrx_word' id='word_1_75' title='bbox 419 938 520 979; x_wconf 89' lang='lat' dir='ltr'><strong>(Edd.</strong></span> <span class='ocrx_word' id='word_1_76' title='bbox 550 939 680 969; x_wconf 78' lang='lat' dir='ltr'><strong>venen.</strong></span> <span class='ocrx_word' id='word_1_77' title='bbox 706 948 771 969; x_wconf 88' lang='lat' dir='ltr'><strong>non</strong></span> <span class='ocrx_word' id='word_1_78' title='bbox 795 938 852 968; x_wconf 88' lang='lat' dir='ltr'><strong>ha-</strong></span> 
     </span>
     <span class='ocr_line' id='line_1_16' title="bbox 109 980 852 1021; baseline -0.003 -9"><span class='ocrx_word' id='word_1_79' title='bbox 109 982 186 1012; x_wconf 90' lang='lat' dir='ltr'><strong>bent</strong></span> <span class='ocrx_word' id='word_1_80' title='bbox 207 991 319 1012; x_wconf 87' lang='lat' dir='ltr'><strong>vocem</strong></span> <span class='ocrx_word' id='word_1_81' title='bbox 337 982 493 1012; x_wconf 73' lang='lat' dir='ltr'><strong>Graecam.</strong></span> <span class='ocrx_word' id='word_1_82' title='bbox 539 980 637 1011; x_wconf 83' lang='lat' dir='ltr'><strong>Forte</strong></span> <span class='ocrx_word' id='word_1_83' title='bbox 659 980 723 1021; x_wconf 83' lang='lat' dir='ltr'><strong>legi</strong></span> <span class='ocrx_word' id='word_1_84' title='bbox 739 980 852 1011; x_wconf 83' lang='lat' dir='ltr'><strong>debet:</strong></span> 
     </span>
     <span class='ocr_line' id='line_1_17' title="bbox 109 1022 854 1055; baseline -0.004 0"><span class='ocrx_word' id='word_1_85' title='bbox 109 1027 297 1055; x_wconf 70' lang='lat' dir='ltr'><strong>PrnAPON</strong></span> <span class='ocrx_word' id='word_1_86' title='bbox 322 1023 485 1054; x_wconf 76' lang='lat' dir='ltr'>KEPAOC</span> <span class='ocrx_word' id='word_1_87' title='bbox 509 1025 555 1053; x_wconf 76' lang='lat' dir='ltr'><strong>sic</strong></span> <span class='ocrx_word' id='word_1_88' title='bbox 576 1025 729 1053; x_wconf 73' lang='lat' dir='ltr'><strong>inducens.</strong></span> <span class='ocrx_word' id='word_1_89' title='bbox 768 1022 854 1053; x_wconf 88' lang='lat' dir='ltr'><strong>Sane</strong></span> 
     </span>
     <span class='ocr_line' id='line_1_18' title="bbox 108 1064 854 1097; baseline -0.003 0"><span class='ocrx_word' id='word_1_90' title='bbox 108 1066 195 1097; x_wconf 90' lang='lat' dir='ltr'><strong>enim</strong></span> <span class='ocrx_word' id='word_1_91' title='bbox 212 1065 401 1096; x_wconf 82' lang='lat' dir='ltr'><strong>illiberalem</strong></span> <span class='ocrx_word' id='word_1_92' title='bbox 414 1066 512 1096; x_wconf 87' lang='lat' dir='ltr'><strong>vitam</strong></span> <span class='ocrx_word' id='word_1_93' title='bbox 525 1065 709 1096; x_wconf 79' lang='lat' dir='ltr'><strong>honestiore</strong></span> <span class='ocrx_word' id='word_1_94' title='bbox 722 1064 854 1095; x_wconf 90' lang='lat' dir='ltr'><strong>nomine</strong></span> 
     </span>
     <span class='ocr_line' id='line_1_19' title="bbox 107 1107 850 1148; baseline -0.001 -10"><span class='ocrx_word' id='word_1_95' title='bbox 107 1115 219 1148; x_wconf 82' lang='lat' dir='ltr'><strong>tegens</strong></span> <span class='ocrx_word' id='word_1_96' title='bbox 234 1110 386 1138; x_wconf 79' lang='lat' dir='ltr'><strong>sordidum</strong></span> <span class='ocrx_word' id='word_1_97' title='bbox 401 1113 546 1148; x_wconf 72' lang='lat' dir='ltr'><strong>questum</strong></span> <span class='ocrx_word' id='word_1_98' title='bbox 561 1107 695 1144; x_wconf 88' lang='lat' dir='ltr'><strong>inducit,</strong></span> <span class='ocrx_word' id='word_1_99' title='bbox 710 1107 742 1137; x_wconf 94' lang='lat' dir='ltr'><strong>h.</strong></span> <span class='ocrx_word' id='word_1_100' title='bbox 758 1117 785 1137; x_wconf 89' lang='lat' dir='ltr'><strong>e.</strong></span> <span class='ocrx_word' id='word_1_101' title='bbox 802 1113 850 1137; x_wconf 88' lang='lat' dir='ltr'><strong>te-</strong></span> 
     </span>
    </p>

    <p class='ocr_par' dir='ltr' id='par_1_10' title="bbox 104 1148 853 1529">
     <span class='ocr_line' id='line_1_20' title="bbox 130 1148 851 1190; baseline -0.001 -9"><span class='ocrx_word' id='word_1_102' title='bbox 130 1150 164 1187; x_wconf 84' lang='lat' dir='ltr'><strong>’t,</strong></span> <span class='ocrx_word' id='word_1_103' title='bbox 180 1150 356 1189; x_wconf 77' lang='lat' dir='ltr'><strong>obliterat).</strong></span> <span class='ocrx_word' id='word_1_104' title='bbox 390 1151 539 1181; x_wconf 74' lang='lat' dir='ltr'><strong>D.—-H1·s</strong></span> <span class='ocrx_word' id='word_1_105' title='bbox 553 1156 685 1190; x_wconf 73' lang='lat' dir='ltr'><strong>quastus</strong></span> <span class='ocrx_word' id='word_1_106' title='bbox 696 1161 775 1180; x_wconf 82' lang='lat' dir='ltr'><strong>nunc</strong></span> <span class='ocrx_word' id='word_1_107' title='bbox 788 1148 851 1190; x_wconf 81' lang='lat' dir='ltr'><strong>est]</strong></span> 
     </span>
     <span class='ocr_line' id='line_1_21' title="bbox 105 1160 852 1234; baseline -0.003 -10"><span class='ocrx_word' id='word_1_108' title='bbox 105 1160 153 1224; x_wconf 53' lang='lat' dir='ltr'><strong>{t</strong></span> <span class='ocrx_word' id='word_1_109' title='bbox 177 1192 350 1229; x_wconf 82' lang='lat' dir='ltr'><strong>concludit,</strong></span> <span class='ocrx_word' id='word_1_110' title='bbox 380 1193 463 1223; x_wconf 87' lang='lat' dir='ltr'><strong>hanc</strong></span> <span class='ocrx_word' id='word_1_111' title='bbox 490 1192 705 1234; x_wconf 86' lang='lat' dir='ltr'><strong>parasitorum</strong></span> <span class='ocrx_word' id='word_1_112' title='bbox 731 1197 852 1223; x_wconf 80' lang='lat' dir='ltr'><strong>sectam</strong></span> 
     </span>
     <span class='ocr_line' id='line_1_22' title="bbox 106 1235 852 1276; baseline -0.001 -10"><span class='ocrx_word' id='word_1_113' title='bbox 106 1235 256 1266; x_wconf 85' lang='lat' dir='ltr'><strong>omnibus</strong></span> <span class='ocrx_word' id='word_1_114' title='bbox 279 1245 350 1266; x_wconf 85' lang='lat' dir='ltr'><strong>esse</strong></span> <span class='ocrx_word' id='word_1_115' title='bbox 373 1235 542 1276; x_wconf 87' lang='lat' dir='ltr'><strong>potiorem.</strong></span> <span class='ocrx_word' id='word_1_116' title='bbox 577 1235 696 1266; x_wconf 77' lang='lat' dir='ltr'><strong>E.—-Is</strong></span> <span class='ocrx_word' id='word_1_117' title='bbox 720 1240 852 1275; x_wconf 69' lang='lat' dir='ltr'><strong>quastus</strong></span> 
     </span>
     <span class='ocr_line' id='line_1_23' title="bbox 105 1277 849 1318; baseline -0.001 -9"><span class='ocrx_word' id='word_1_118' title='bbox 105 1289 184 1309; x_wconf 77' lang='lat' dir='ltr'><strong>nunc</strong></span> <span class='ocrx_word' id='word_1_119' title='bbox 211 1282 258 1309; x_wconf 80' lang='lat' dir='ltr'><strong>est</strong></span> <span class='ocrx_word' id='word_1_120' title='bbox 294 1280 387 1309; x_wconf 73' lang='lat' dir='ltr'><strong>multo</strong></span> <span class='ocrx_word' id='word_1_121' title='bbox 422 1277 607 1318; x_wconf 71' lang='lat' dir='ltr'><strong>uberrimus]</strong></span> <span class='ocrx_word' id='word_1_122' title='bbox 647 1277 849 1308; x_wconf 80' lang='lat' dir='ltr'><strong>Menander:</strong></span> 
     </span>
     <span class='ocr_line' id='line_1_24' title="bbox 106 1319 850 1360; baseline -0.001 -9"><span class='ocrx_word' id='word_1_123' title='bbox 106 1319 144 1351; x_wconf 80' lang='lat' dir='ltr'><strong>‘O</strong></span> <span class='ocrx_word' id='word_1_124' title='bbox 173 1319 243 1356; x_wconf 76' lang='grc' dir='ltr'><strong><em>βίος</em></strong></span> <span class='ocrx_word' id='word_1_125' title='bbox 276 1319 419 1358; x_wconf 68' lang='grc' dir='ltr'>μάλιστα</span> <span class='ocrx_word' id='word_1_126' title='bbox 451 1321 518 1351; x_wconf 78' lang='grc' dir='ltr'><strong><em>τοῖς</em></strong></span> <span class='ocrx_word' id='word_1_127' title='bbox 551 1321 697 1360; x_wconf 81' lang='grc' dir='ltr'><strong><em>πονηροῖς</em></strong></span> <span class='ocrx_word' id='word_1_128' title='bbox 732 1320 850 1356; x_wconf 77' lang='grc' dir='ltr'><strong><em>ἣδεται.</em></strong></span> 
     </span>
     <span class='ocr_line' id='line_1_25' title="bbox 106 1361 851 1403; baseline -0.003 -9"><span class='ocrx_word' id='word_1_129' title='bbox 106 1361 243 1402; x_wconf 71' lang='grc' dir='ltr'>Πρέπει</span> <span class='ocrx_word' id='word_1_130' title='bbox 258 1362 284 1393; x_wconf 82' lang='grc' dir='ltr'><strong>δ’</strong></span> <span class='ocrx_word' id='word_1_131' title='bbox 300 1364 318 1393; x_wconf 81' lang='grc' dir='ltr'><em>ὁ</em></span> <span class='ocrx_word' id='word_1_132' title='bbox 334 1362 433 1402; x_wconf 82' lang='grc' dir='ltr'>κόλαξ</span> <span class='ocrx_word' id='word_1_133' title='bbox 447 1362 560 1403; x_wconf 70' lang='grc' dir='ltr'><strong><em>ἄριστα</em></strong></span> <span class='ocrx_word' id='word_1_134' title='bbox 574 1361 711 1393; x_wconf 73' lang='grc' dir='ltr'><strong><em>πάντων·</em></strong></span> <span class='ocrx_word' id='word_1_135' title='bbox 733 1361 851 1392; x_wconf 83' lang='grc' dir='ltr'>Δεύτε-</span> 
     </span>
     <span class='ocr_line' id='line_1_26' title="bbox 105 1403 853 1444; baseline -0.003 -8"><span class='ocrx_word' id='word_1_136' title='bbox 105 1416 158 1443; x_wconf 87' lang='grc' dir='ltr'><strong>ρος</strong></span> <span class='ocrx_word' id='word_1_137' title='bbox 170 1406 188 1435; x_wconf 79' lang='grc' dir='ltr'><strong><em>ὁ</em></strong></span> <span class='ocrx_word' id='word_1_138' title='bbox 203 1403 412 1443; x_wconf 75' lang='grc' dir='ltr'><strong><em>συκοφάντης,</em></strong></span> <span class='ocrx_word' id='word_1_139' title='bbox 428 1406 445 1436; x_wconf 85' lang='grc' dir='ltr'><strong><em>ὁ</em></strong></span> <span class='ocrx_word' id='word_1_140' title='bbox 457 1404 614 1441; x_wconf 83' lang='grc' dir='ltr'><strong><em>κακοήθης</em></strong></span> <span class='ocrx_word' id='word_1_141' title='bbox 624 1403 738 1444; x_wconf 80' lang='grc' dir='ltr'><strong><em>τρίτος.</em></strong></span> <span class='ocrx_word' id='word_1_142' title='bbox 771 1404 853 1434; x_wconf 83' lang='lat'><strong>1..—</strong></span> 
     </span>
     <span class='ocr_line' id='line_1_27' title="bbox 109 1444 850 1486; baseline -0.001 -8"><span class='ocrx_word' id='word_1_143' title='bbox 109 1447 298 1484; x_wconf 79' lang='lat' dir='ltr'><strong>Menander,</strong></span> <span class='ocrx_word' id='word_1_144' title='bbox 308 1447 429 1478; x_wconf 85' lang='lat' dir='ltr'><strong>citante</strong></span> <span class='ocrx_word' id='word_1_145' title='bbox 439 1448 479 1478; x_wconf 91' lang='lat' dir='ltr'><strong>G.</strong></span> <span class='ocrx_word' id='word_1_146' title='bbox 495 1446 652 1483; x_wconf 87' lang='lat' dir='ltr'><strong>Fabricio,</strong></span> <span class='ocrx_word' id='word_1_147' title='bbox 662 1447 726 1477; x_wconf 87' lang='lat' dir='ltr'><strong>ita:</strong></span> <span class='ocrx_word' id='word_1_148' title='bbox 746 1444 850 1486; x_wconf 72' lang='grc' dir='ltr'><strong><em>Πρότ-</em></strong></span> 
     </span>
     <span class='ocr_line' id='line_1_28' title="bbox 104 1488 700 1529; baseline -0.002 -9"><span class='ocrx_word' id='word_1_149' title='bbox 104 1501 154 1520; x_wconf 76' lang='grc' dir='ltr'><strong>τει</strong></span> <span class='ocrx_word' id='word_1_150' title='bbox 169 1490 195 1520; x_wconf 71' lang='grc' dir='ltr'><strong>δ’</strong></span> <span class='ocrx_word' id='word_1_151' title='bbox 211 1491 228 1520; x_wconf 78' lang='grc' dir='ltr'><strong><em>ὁ</em></strong></span> <span class='ocrx_word' id='word_1_152' title='bbox 244 1489 344 1529; x_wconf 76' lang='grc' dir='ltr'><strong><em>κόλαξ</em></strong></span> <span class='ocrx_word' id='word_1_153' title='bbox 357 1489 470 1529; x_wconf 71' lang='grc' dir='ltr'><strong><em>ἄριστα</em></strong></span> <span class='ocrx_word' id='word_1_154' title='bbox 484 1488 618 1520; x_wconf 76' lang='grc' dir='ltr'><strong><em>πάντων.</em></strong></span> <span class='ocrx_word' id='word_1_155' title='bbox 649 1489 700 1519; x_wconf 91' lang='lat' dir='ltr'><strong>W.</strong></span> 
     </span>
    </p>

    <p class='ocr_par' dir='ltr' id='par_1_11' title="bbox 101 1531 851 1945">
     <span class='ocr_line' id='line_1_29' title="bbox 149 1531 850 1572; baseline -0.001 -10"><span class='ocrx_word' id='word_1_156' title='bbox 149 1533 200 1562; x_wconf 86' lang='grc'><strong>23.</strong></span> <span class='ocrx_word' id='word_1_157' title='bbox 235 1533 350 1562; x_wconf 76' lang='lat' dir='ltr'><strong>Scitum</strong></span> <span class='ocrx_word' id='word_1_158' title='bbox 364 1534 462 1563; x_wconf 82' lang='lat' dir='ltr'><strong>hercle</strong></span> <span class='ocrx_word' id='word_1_159' title='bbox 477 1534 620 1563; x_wconf 79' lang='lat' dir='ltr'><strong>hominem</strong></span> <span class='ocrx_word' id='word_1_160' title='bbox 630 1531 661 1572; x_wconf 88' lang='lat'><strong>!]</strong></span> <span class='ocrx_word' id='word_1_161' title='bbox 682 1531 768 1562; x_wconf 91' lang='lat' dir='ltr'><strong>Mire</strong></span> <span class='ocrx_word' id='word_1_162' title='bbox 787 1531 850 1562; x_wconf 89' lang='lat' dir='ltr'><strong>Te-</strong></span> 
     </span>
     <span class='ocr_line' id='line_1_30' title="bbox 105 1573 851 1615; baseline -0.001 -10"><span class='ocrx_word' id='word_1_163' title='bbox 105 1575 230 1605; x_wconf 88' lang='lat' dir='ltr'><strong>rentius</strong></span> <span class='ocrx_word' id='word_1_164' title='bbox 239 1574 344 1615; x_wconf 81' lang='lat' dir='ltr'><strong>longae</strong></span> <span class='ocrx_word' id='word_1_165' title='bbox 353 1574 488 1605; x_wconf 88' lang='lat' dir='ltr'><strong>orationi</strong></span> <span class='ocrx_word' id='word_1_166' title='bbox 503 1573 696 1614; x_wconf 88' lang='lat' dir='ltr'><strong>interloquia</strong></span> <span class='ocrx_word' id='word_1_167' title='bbox 705 1574 851 1614; x_wconf 81' lang='lat' dir='ltr'><strong>quaedam</strong></span> 
     </span>
     <span class='ocr_line' id='line_1_31' title="bbox 105 1616 848 1657; baseline -0.001 -10"><span class='ocrx_word' id='word_1_168' title='bbox 105 1616 244 1654; x_wconf 80' lang='lat' dir='ltr'><strong>adhibet,</strong></span> <span class='ocrx_word' id='word_1_169' title='bbox 270 1623 307 1647; x_wconf 92' lang='lat' dir='ltr'><strong>ut</strong></span> <span class='ocrx_word' id='word_1_170' title='bbox 329 1616 494 1647; x_wconf 81' lang='lat' dir='ltr'><strong>fastidium</strong></span> <span class='ocrx_word' id='word_1_171' title='bbox 514 1616 711 1657; x_wconf 82' lang='lat' dir='ltr'><strong>prolixitatis</strong></span> <span class='ocrx_word' id='word_1_172' title='bbox 730 1616 848 1652; x_wconf 86' lang='lat' dir='ltr'><strong>evitet;</strong></span> 
     </span>
     <span class='ocr_line' id='line_1_32' title="bbox 103 1658 848 1700; baseline -0.001 -10"><span class='ocrx_word' id='word_1_173' title='bbox 103 1659 192 1690; x_wconf 85' lang='lat' dir='ltr'><strong>velut</strong></span> <span class='ocrx_word' id='word_1_174' title='bbox 207 1669 294 1690; x_wconf 88' lang='lat' dir='ltr'><strong>nunc</strong></span> <span class='ocrx_word' id='word_1_175' title='bbox 311 1660 470 1690; x_wconf 85' lang='lat' dir='ltr'><strong>Parmeno</strong></span> <span class='ocrx_word' id='word_1_176' title='bbox 484 1659 597 1700; x_wconf 83' lang='lat' dir='ltr'><strong>procul</strong></span> <span class='ocrx_word' id='word_1_177' title='bbox 612 1658 748 1689; x_wconf 88' lang='lat' dir='ltr'><strong>audiens</strong></span> <span class='ocrx_word' id='word_1_178' title='bbox 759 1659 848 1689; x_wconf 87' lang='lat' dir='ltr'><strong>Gna-</strong></span> 
     </span>
     <span class='ocr_line' id='line_1_33' title="bbox 103 1701 849 1742; baseline -0.001 -10"><span class='ocrx_word' id='word_1_179' title='bbox 103 1701 245 1737; x_wconf 82' lang='lat' dir='ltr'><strong>thonem,</strong></span> <span class='ocrx_word' id='word_1_180' title='bbox 262 1701 330 1733; x_wconf 79' lang='lat' dir='ltr'><strong>haec</strong></span> <span class='ocrx_word' id='word_1_181' title='bbox 348 1701 498 1742; x_wconf 86' lang='lat' dir='ltr'><strong>loquitur.</strong></span> <span class='ocrx_word' id='word_1_182' title='bbox 533 1702 735 1732; x_wconf 77' lang='lat' dir='ltr'><strong>D.—Scitum</strong></span> <span class='ocrx_word' id='word_1_183' title='bbox 751 1703 849 1732; x_wconf 82' lang='lat' dir='ltr'><strong>hercle</strong></span> 
     </span>
     <span class='ocr_line' id='line_1_34' title="bbox 103 1743 848 1784; baseline 0 -10"><span class='ocrx_word' id='word_1_184' title='bbox 103 1743 264 1784; x_wconf 70' lang='lat' dir='ltr'><strong>lionioe‘nem]</strong></span> <span class='ocrx_word' id='word_1_185' title='bbox 275 1746 389 1775; x_wconf 76' lang='lat' dir='ltr'><strong>Scitum</strong></span> <span class='ocrx_word' id='word_1_186' title='bbox 403 1744 518 1784; x_wconf 88' lang='lat' dir='ltr'><strong>inquit,</strong></span> <span class='ocrx_word' id='word_1_187' title='bbox 530 1744 564 1774; x_wconf 93' lang='lat' dir='ltr'><strong>id</strong></span> <span class='ocrx_word' id='word_1_188' title='bbox 577 1750 636 1781; x_wconf 87' lang='lat' dir='ltr'><strong>est,</strong></span> <span class='ocrx_word' id='word_1_189' title='bbox 649 1743 829 1784; x_wconf 84' lang='lat' dir='ltr'><strong>elegantem</strong></span> <span class='ocrx_word' id='word_1_190' title='bbox 841 1756 848 1779; x_wconf 87' lang='lat'><strong>;</strong></span> 
     </span>
     <span class='ocr_line' id='line_1_35' title="bbox 103 1785 849 1826; baseline -0.001 -9"><span class='ocrx_word' id='word_1_191' title='bbox 103 1785 250 1826; x_wconf 74' lang='grc' dir='ltr'><strong><em>εἰρωνεία.</em></strong></span> <span class='ocrx_word' id='word_1_192' title='bbox 295 1786 391 1821; x_wconf 82' lang='lat' dir='ltr'><strong>Quod</strong></span> <span class='ocrx_word' id='word_1_193' title='bbox 412 1793 519 1817; x_wconf 88' lang='lat' dir='ltr'><strong>autem</strong></span> <span class='ocrx_word' id='word_1_194' title='bbox 539 1786 631 1823; x_wconf 82' lang='lat' dir='ltr'><strong>dixit,</strong></span> <span class='ocrx_word' id='word_1_195' title='bbox 654 1786 740 1817; x_wconf 88' lang='lat' dir='ltr'><strong>hunc</strong></span> <span class='ocrx_word' id='word_1_196' title='bbox 755 1786 849 1817; x_wconf 85' lang='lat' dir='ltr'><strong>facile</strong></span> 
     </span>
     <span class='ocr_line' id='line_1_36' title="bbox 104 1829 849 1865; baseline 0 -6"><span class='ocrx_word' id='word_1_197' title='bbox 104 1838 147 1859; x_wconf 86' lang='lat' dir='ltr'><strong>ex</strong></span> <span class='ocrx_word' id='word_1_198' title='bbox 170 1830 274 1859; x_wconf 70' lang='lat' dir='ltr'><strong>stultis</strong></span> <span class='ocrx_word' id='word_1_199' title='bbox 299 1829 434 1860; x_wconf 86' lang='lat' dir='ltr'><strong>reddere</strong></span> <span class='ocrx_word' id='word_1_200' title='bbox 459 1831 589 1865; x_wconf 73' lang='lat' dir='ltr'><strong>insanos,</strong></span> <span class='ocrx_word' id='word_1_201' title='bbox 613 1835 701 1859; x_wconf 83' lang='lat' dir='ltr'><strong>certa</strong></span> <span class='ocrx_word' id='word_1_202' title='bbox 724 1829 849 1859; x_wconf 88' lang='lat' dir='ltr'><strong>ratione</strong></span> 
     </span>
     <span class='ocr_line' id='line_1_37' title="bbox 101 1870 848 1912; baseline 0 -11"><span class='ocrx_word' id='word_1_203' title='bbox 101 1870 278 1908; x_wconf 86' lang='lat' dir='ltr'><strong>concludit,</strong></span> <span class='ocrx_word' id='word_1_204' title='bbox 290 1871 375 1911; x_wconf 89' lang='lat' dir='ltr'><strong>quod</strong></span> <span class='ocrx_word' id='word_1_205' title='bbox 387 1881 515 1912; x_wconf 85' lang='lat' dir='ltr'><strong>semper</strong></span> <span class='ocrx_word' id='word_1_206' title='bbox 526 1870 656 1902; x_wconf 88' lang='lat' dir='ltr'><strong>insanos</strong></span> <span class='ocrx_word' id='word_1_207' title='bbox 667 1870 764 1901; x_wconf 86' lang='lat' dir='ltr'><strong>faciat</strong></span> <span class='ocrx_word' id='word_1_208' title='bbox 773 1881 848 1912; x_wconf 89' lang='lat' dir='ltr'><strong>pra-</strong></span> 
     </span>
     <span class='ocr_line' id='line_1_38' title="bbox 104 1913 616 1945; baseline 0 -1"><span class='ocrx_word' id='word_1_209' title='bbox 104 1924 144 1945; x_wconf 81' lang='lat' dir='ltr'><strong>va</strong></span> <span class='ocrx_word' id='word_1_210' title='bbox 159 1913 311 1944; x_wconf 83' lang='lat' dir='ltr'><strong>laudatio.</strong></span> <span class='ocrx_word' id='word_1_211' title='bbox 359 1913 410 1944; x_wconf 87' lang='lat' dir='ltr'><strong>Ut·</strong></span> <span class='ocrx_word' id='word_1_212' title='bbox 420 1913 548 1944; x_wconf 79' lang='lat' dir='ltr'><strong>Sallust.</strong></span> <span class='ocrx_word' id='word_1_213' title='bbox 579 1913 616 1944; x_wconf 79' lang='lat' dir='ltr'><strong>E.</strong></span> 
     </span>
    </p>

    <p class='ocr_par' dir='ltr' id='par_1_12' title="bbox 101 1955 853 3015">
     <span class='ocr_line' id='line_1_39' title="bbox 146 1955 849 1997; baseline -0.001 -11"><span class='ocrx_word' id='word_1_214' title='bbox 146 1957 197 1986; x_wconf 78' lang='lat'><strong>24.</strong></span> <span class='ocrx_word' id='word_1_215' title='bbox 221 1957 344 1987; x_wconf 77' lang='lat' dir='ltr'><strong>Interea</strong></span> <span class='ocrx_word' id='word_1_216' title='bbox 364 1955 437 1996; x_wconf 80' lang='lat' dir='ltr'><strong>loci]</strong></span> <span class='ocrx_word' id='word_1_217' title='bbox 463 1957 546 1987; x_wconf 88' lang='lat' dir='ltr'><strong>Duae</strong></span> <span class='ocrx_word' id='word_1_218' title='bbox 566 1961 675 1997; x_wconf 87' lang='lat' dir='ltr'><strong>partes</strong></span> <span class='ocrx_word' id='word_1_219' title='bbox 694 1955 849 1986; x_wconf 87' lang='lat' dir='ltr'><strong>orationis</strong></span> 
     </span>
     <span class='ocr_line' id='line_1_40' title="bbox 102 1998 847 2038; baseline -0.001 -9"><span class='ocrx_word' id='word_1_220' title='bbox 102 2008 176 2029; x_wconf 90' lang='lat' dir='ltr'><strong>cum</strong></span> <span class='ocrx_word' id='word_1_221' title='bbox 192 1999 373 2038; x_wconf 81' lang='lat' dir='ltr'><strong>conjunctae</strong></span> <span class='ocrx_word' id='word_1_222' title='bbox 387 2009 484 2029; x_wconf 91' lang='lat' dir='ltr'><strong>unam</strong></span> <span class='ocrx_word' id='word_1_223' title='bbox 498 1998 642 2035; x_wconf 85' lang='lat' dir='ltr'><strong>fecerint,</strong></span> <span class='ocrx_word' id='word_1_224' title='bbox 657 2004 783 2028; x_wconf 89' lang='lat' dir='ltr'><strong>mutant</strong></span> <span class='ocrx_word' id='word_1_225' title='bbox 795 2008 847 2028; x_wconf 91' lang='lat' dir='ltr'><strong>ac·</strong></span> 
     </span>
     <span class='ocr_line' id='line_1_41' title="bbox 102 2039 847 2081; baseline -0.003 -9"><span class='ocrx_word' id='word_1_226' title='bbox 102 2047 242 2072; x_wconf 76' lang='lat' dir='ltr'><strong>centum.</strong></span> <span class='ocrx_word' id='word_1_227' title='bbox 276 2041 485 2072; x_wconf 84' lang='lat' dir='ltr'><strong>D.—-Interea</strong></span> <span class='ocrx_word' id='word_1_228' title='bbox 497 2042 553 2071; x_wconf 81' lang='lat' dir='ltr'><strong>loci</strong></span> <span class='ocrx_word' id='word_1_229' title='bbox 562 2043 615 2071; x_wconf 79' lang='lat' dir='ltr'><strong>ubi</strong></span> <span class='ocrx_word' id='word_1_230' title='bbox 624 2043 667 2071; x_wconf 83' lang='lat' dir='ltr'><strong>ad</strong></span> <span class='ocrx_word' id='word_1_231' title='bbox 675 2039 847 2081; x_wconf 78' lang='lat' dir='ltr'><strong>macellum]</strong></span> 
     </span>
     <span class='ocr_line' id='line_1_42' title="bbox 104 2082 847 2124; baseline -0.001 -10"><span class='ocrx_word' id='word_1_232' title='bbox 104 2083 273 2124; x_wconf 84' lang='lat' dir='ltr'><strong>Significat</strong></span> <span class='ocrx_word' id='word_1_233' title='bbox 289 2085 357 2123; x_wconf 83' lang='lat' dir='ltr'><strong>jam</strong></span> <span class='ocrx_word' id='word_1_234' title='bbox 378 2086 494 2115; x_wconf 76' lang='lat' dir='ltr'><strong>interea</strong></span> <span class='ocrx_word' id='word_1_235' title='bbox 510 2085 576 2120; x_wconf 82' lang='lat' dir='ltr'><strong>loci,</strong></span> <span class='ocrx_word' id='word_1_236' title='bbox 593 2083 675 2113; x_wconf 90' lang='lat' dir='ltr'><strong>nihil</strong></span> <span class='ocrx_word' id='word_1_237' title='bbox 689 2082 776 2113; x_wconf 88' lang='lat' dir='ltr'><strong>aliud</strong></span> <span class='ocrx_word' id='word_1_238' title='bbox 800 2090 847 2114; x_wconf 89' lang='lat' dir='ltr'><strong>te·</strong></span> 
     </span>
     <span class='ocr_line' id='line_1_43' title="bbox 103 2125 847 2165; baseline -0.003 -8"><span class='ocrx_word' id='word_1_239' title='bbox 103 2136 180 2157; x_wconf 90' lang='lat' dir='ltr'><strong>nere</strong></span> <span class='ocrx_word' id='word_1_240' title='bbox 195 2125 259 2157; x_wconf 89' lang='lat' dir='ltr'><strong>nisi</strong></span> <span class='ocrx_word' id='word_1_241' title='bbox 279 2126 428 2162; x_wconf 81' lang='lat' dir='ltr'><strong>interim3</strong></span> <span class='ocrx_word' id='word_1_242' title='bbox 453 2132 489 2156; x_wconf 90' lang='lat' dir='ltr'><strong>ut</strong></span> <span class='ocrx_word' id='word_1_243' title='bbox 505 2128 562 2156; x_wconf 81' lang='lat' dir='ltr'><strong>loci</strong></span> <span class='ocrx_word' id='word_1_244' title='bbox 576 2125 713 2165; x_wconf 86' lang='lat' dir='ltr'><strong>adjectio</strong></span> <span class='ocrx_word' id='word_1_245' title='bbox 729 2125 780 2162; x_wconf 88' lang='lat' dir='ltr'><strong>sit,</strong></span> <span class='ocrx_word' id='word_1_246' title='bbox 797 2125 847 2155; x_wconf 91' lang='lat' dir='ltr'><strong>ni-</strong></span> 
     </span>
     <span class='ocr_line' id='line_1_44' title="bbox 102 2167 848 2209; baseline -0.001 -10"><span class='ocrx_word' id='word_1_247' title='bbox 102 2167 149 2199; x_wconf 87' lang='lat' dir='ltr'><strong>hil</strong></span> <span class='ocrx_word' id='word_1_248' title='bbox 161 2168 355 2209; x_wconf 78' lang='lat' dir='ltr'><strong>significans.</strong></span> <span class='ocrx_word' id='word_1_249' title='bbox 388 2169 515 2199; x_wconf 87' lang='lat' dir='ltr'><strong>E.—1n</strong></span> <span class='ocrx_word' id='word_1_250' title='bbox 530 2167 697 2204; x_wconf 87' lang='lat' dir='ltr'><strong>Bembino,</strong></span> <span class='ocrx_word' id='word_1_251' title='bbox 711 2174 752 2204; x_wconf 89' lang='lat' dir='ltr'><strong>et,</strong></span> <span class='ocrx_word' id='word_1_252' title='bbox 766 2174 848 2198; x_wconf 89' lang='lat' dir='ltr'><strong>teste</strong></span> 
     </span>
     <span class='ocr_line' id='line_1_45' title="bbox 103 2210 848 2248; baseline -0.003 -6"><span class='ocrx_word' id='word_1_253' title='bbox 103 2210 210 2248; x_wconf 78' lang='lat' dir='ltr'><strong>Rivio,</strong></span> <span class='ocrx_word' id='word_1_254' title='bbox 225 2211 260 2242; x_wconf 92' lang='lat' dir='ltr'><strong>in</strong></span> <span class='ocrx_word' id='word_1_255' title='bbox 276 2211 348 2242; x_wconf 84' lang='lat' dir='ltr'><strong>aliis</strong></span> <span class='ocrx_word' id='word_1_256' title='bbox 363 2211 454 2242; x_wconf 88' lang='lat' dir='ltr'><strong>codd.</strong></span> <span class='ocrx_word' id='word_1_257' title='bbox 472 2217 521 2242; x_wconf 91' lang='lat' dir='ltr'><strong>est</strong></span> <span class='ocrx_word' id='word_1_258' title='bbox 536 2213 740 2242; x_wconf 72' lang='lat' dir='ltr'><strong>adventamus.</strong></span> <span class='ocrx_word' id='word_1_259' title='bbox 784 2210 848 2241; x_wconf 90' lang='lat' dir='ltr'><strong>Sed</strong></span> 
     </span>
     <span class='ocr_line' id='line_1_46' title="bbox 102 2252 846 2294; baseline -0.001 -11"><span class='ocrx_word' id='word_1_260' title='bbox 102 2263 179 2284; x_wconf 81' lang='lat' dir='ltr'><strong>vera</strong></span> <span class='ocrx_word' id='word_1_261' title='bbox 200 2253 296 2285; x_wconf 88' lang='lat' dir='ltr'><strong>lectio</strong></span> <span class='ocrx_word' id='word_1_262' title='bbox 311 2260 362 2285; x_wconf 87' lang='lat' dir='ltr'><strong>est</strong></span> <span class='ocrx_word' id='word_1_263' title='bbox 377 2255 550 2285; x_wconf 78' lang='lat' dir='ltr'><strong>advenimus</strong></span> <span class='ocrx_word' id='word_1_264' title='bbox 571 2252 741 2294; x_wconf 79' lang='lat' dir='ltr'><strong>praesentis</strong></span> <span class='ocrx_word' id='word_1_265' title='bbox 764 2259 846 2283; x_wconf 91' lang='lat' dir='ltr'><strong>tem-</strong></span> 
     </span>
     <span class='ocr_line' id='line_1_47' title="bbox 101 2295 846 2337; baseline -0.003 -10"><span class='ocrx_word' id='word_1_266' title='bbox 101 2295 199 2337; x_wconf 83' lang='lat' dir='ltr'><strong>poris.</strong></span> <span class='ocrx_word' id='word_1_267' title='bbox 245 2296 330 2327; x_wconf 86' lang='lat' dir='ltr'><strong>Nam</strong></span> <span class='ocrx_word' id='word_1_268' title='bbox 362 2306 426 2326; x_wconf 92' lang='lat' dir='ltr'><strong>non</strong></span> <span class='ocrx_word' id='word_1_269' title='bbox 454 2296 548 2326; x_wconf 92' lang='lat' dir='ltr'><strong>modo</strong></span> <span class='ocrx_word' id='word_1_270' title='bbox 571 2305 731 2326; x_wconf 87' lang='lat' dir='ltr'><strong>consensu</strong></span> <span class='ocrx_word' id='word_1_271' title='bbox 755 2295 846 2326; x_wconf 88' lang='lat' dir='ltr'><strong>codd.</strong></span> 
     </span>
     <span class='ocr_line' id='line_1_48' title="bbox 102 2337 846 2379; baseline -0.003 -9"><span class='ocrx_word' id='word_1_272' title='bbox 102 2337 160 2369; x_wconf 81' lang='lat' dir='ltr'><strong>sed</strong></span> <span class='ocrx_word' id='word_1_273' title='bbox 190 2345 223 2370; x_wconf 85' lang='lat' dir='ltr'><strong>et</strong></span> <span class='ocrx_word' id='word_1_274' title='bbox 250 2338 484 2370; x_wconf 87' lang='lat' dir='ltr'><strong>consuetudine</strong></span> <span class='ocrx_word' id='word_1_275' title='bbox 523 2338 669 2370; x_wconf 87' lang='lat' dir='ltr'><strong>Terentii</strong></span> <span class='ocrx_word' id='word_1_276' title='bbox 699 2348 846 2379; x_wconf 87' lang='lat' dir='ltr'><strong>compro-</strong></span> 
     </span>
     <span class='ocr_line' id='line_1_49' title="bbox 102 2381 275 2412; baseline 0.006 -1"><span class='ocrx_word' id='word_1_277' title='bbox 102 2381 205 2412; x_wconf 78' lang='lat' dir='ltr'><strong>batur.</strong></span> <span class='ocrx_word' id='word_1_278' title='bbox 239 2381 275 2412; x_wconf 91' lang='lat' dir='ltr'><strong>B.</strong></span> 
     </span>
     <span class='ocr_line' id='line_1_50' title="bbox 102 2422 846 2463; baseline 0 -10"><span class='ocrx_word' id='word_1_279' title='bbox 102 2436 106 2439; x_wconf 52' lang='lat'>&gt;</span> <span class='ocrx_word' id='word_1_280' title='bbox 146 2423 197 2453; x_wconf 79' lang='lat'><strong>25.</strong></span> <span class='ocrx_word' id='word_1_281' title='bbox 222 2425 409 2454; x_wconf 78' lang='lat' dir='ltr'><strong>Concurrunt</strong></span> <span class='ocrx_word' id='word_1_282' title='bbox 422 2426 486 2455; x_wconf 77' lang='lat' dir='ltr'><strong>lati</strong></span> <span class='ocrx_word' id='word_1_283' title='bbox 500 2425 542 2454; x_wconf 75' lang='lat' dir='ltr'><strong>mi</strong></span> <span class='ocrx_word' id='word_1_284' title='bbox 554 2422 685 2463; x_wconf 79' lang='lat' dir='ltr'><strong>obviam]</strong></span> <span class='ocrx_word' id='word_1_285' title='bbox 704 2423 748 2453; x_wconf 87' lang='lat' dir='ltr'><strong>Et</strong></span> <span class='ocrx_word' id='word_1_286' title='bbox 764 2422 846 2453; x_wconf 89' lang='lat' dir='ltr'><strong>mul-</strong></span> 
     </span>
     <span class='ocr_line' id='line_1_51' title="bbox 103 2466 847 2507; baseline 0.001 -12"><span class='ocrx_word' id='word_1_287' title='bbox 103 2471 153 2496; x_wconf 81' lang='lat' dir='ltr'><strong>tos</strong></span> <span class='ocrx_word' id='word_1_288' title='bbox 168 2470 201 2495; x_wconf 86' lang='lat' dir='ltr'><strong>et</strong></span> <span class='ocrx_word' id='word_1_289' title='bbox 221 2475 376 2507; x_wconf 86' lang='lat' dir='ltr'><strong>properos</strong></span> <span class='ocrx_word' id='word_1_290' title='bbox 397 2477 461 2497; x_wconf 91' lang='lat' dir='ltr'><strong>uno</strong></span> <span class='ocrx_word' id='word_1_291' title='bbox 475 2467 574 2497; x_wconf 86' lang='lat' dir='ltr'><strong>verbo</strong></span> <span class='ocrx_word' id='word_1_292' title='bbox 589 2466 741 2502; x_wconf 83' lang='lat' dir='ltr'><strong>ostendit,</strong></span> <span class='ocrx_word' id='word_1_293' title='bbox 758 2471 790 2496; x_wconf 93' lang='lat' dir='ltr'><strong>et</strong></span> <span class='ocrx_word' id='word_1_294' title='bbox 805 2475 847 2496; x_wconf 85' lang='lat' dir='ltr'><strong>ex</strong></span> 
     </span>
     <span class='ocr_line' id='line_1_52' title="bbox 103 2507 845 2548; baseline 0 -10"><span class='ocrx_word' id='word_1_295' title='bbox 103 2507 239 2538; x_wconf 77' lang='lat' dir='ltr'><strong>adverso</strong></span> <span class='ocrx_word' id='word_1_296' title='bbox 261 2508 302 2539; x_wconf 85' lang='lat' dir='ltr'><strong>ad</strong></span> <span class='ocrx_word' id='word_1_297' title='bbox 324 2518 359 2539; x_wconf 85' lang='lat' dir='ltr'><strong>se</strong></span> <span class='ocrx_word' id='word_1_298' title='bbox 383 2508 582 2539; x_wconf 85' lang='lat' dir='ltr'><strong>festinantes.</strong></span> <span class='ocrx_word' id='word_1_299' title='bbox 629 2507 845 2548; x_wconf 75' lang='lat' dir='ltr'><strong>Cupedinam&#39;i]</strong></span> 
     </span>
     <span class='ocr_line' id='line_1_53' title="bbox 104 2549 846 2590; baseline 0.001 -11"><span class='ocrx_word' id='word_1_300' title='bbox 104 2549 209 2580; x_wconf 82' lang='lat' dir='ltr'><strong>Varro</strong></span> <span class='ocrx_word' id='word_1_301' title='bbox 217 2549 428 2581; x_wconf 84' lang='lat' dir='ltr'><strong>humanarum</strong></span> <span class='ocrx_word' id='word_1_302' title='bbox 440 2561 557 2588; x_wconf 86' lang='lat' dir='ltr'><strong>rerum,</strong></span> <span class='ocrx_word' id='word_1_303' title='bbox 574 2552 739 2581; x_wconf 77' lang='lat' dir='ltr'><strong>Numerius</strong></span> <span class='ocrx_word' id='word_1_304' title='bbox 748 2552 846 2590; x_wconf 82' lang='lat' dir='ltr'><strong>Equi-</strong></span> 
     </span>
     <span class='ocr_line' id='line_1_54' title="bbox 103 2592 845 2633; baseline 0 -11"><span class='ocrx_word' id='word_1_305' title='bbox 103 2593 165 2622; x_wconf 71' lang='lat' dir='ltr'><strong>tius</strong></span> <span class='ocrx_word' id='word_1_306' title='bbox 189 2593 294 2631; x_wconf 72' lang='lat' dir='ltr'><strong>capes,</strong></span> <span class='ocrx_word' id='word_1_307' title='bbox 316 2592 431 2633; x_wconf 86' lang='lat' dir='ltr'><strong>inquit,</strong></span> <span class='ocrx_word' id='word_1_308' title='bbox 447 2598 478 2624; x_wconf 80' lang='lat' dir='ltr'><strong>et</strong></span> <span class='ocrx_word' id='word_1_309' title='bbox 499 2595 664 2624; x_wconf 74' lang='lat' dir='ltr'><strong>Romanius</strong></span> <span class='ocrx_word' id='word_1_310' title='bbox 685 2595 845 2629; x_wconf 79' lang='lat' dir='ltr'><strong>Macellus,</strong></span> 
     </span>
     <span class='ocr_line' id='line_1_55' title="bbox 102 2636 846 2674; baseline 0.001 -10"><span class='ocrx_word' id='word_1_311' title='bbox 102 2636 253 2674; x_wconf 75' lang='lat' dir='ltr'><strong>singulari</strong></span> <span class='ocrx_word' id='word_1_312' title='bbox 276 2636 433 2666; x_wconf 74' lang='lat' dir='ltr'><strong>latrocinio</strong></span> <span class='ocrx_word' id='word_1_313' title='bbox 459 2637 554 2666; x_wconf 76' lang='lat' dir='ltr'><strong>multa</strong></span> <span class='ocrx_word' id='word_1_314' title='bbox 583 2637 647 2666; x_wconf 82' lang='lat' dir='ltr'><strong>loca</strong></span> <span class='ocrx_word' id='word_1_315' title='bbox 676 2637 846 2666; x_wconf 79' lang='lat' dir='ltr'><strong>habuerunt</strong></span> 
     </span>
     <span class='ocr_line' id='line_1_56' title="bbox 102 2675 846 2717; baseline 0.003 -11"><span class='ocrx_word' id='word_1_316' title='bbox 102 2675 224 2716; x_wconf 77' lang='lat' dir='ltr'><strong>infesta.</strong></span> <span class='ocrx_word' id='word_1_317' title='bbox 268 2677 331 2707; x_wconf 70' lang='lat' dir='ltr'><strong>His</strong></span> <span class='ocrx_word' id='word_1_318' title='bbox 345 2679 377 2707; x_wconf 70' lang='grc' dir='ltr'><strong>ἔτι</strong></span> <span class='ocrx_word' id='word_1_319' title='bbox 391 2679 513 2708; x_wconf 59' lang='lat' dir='ltr'><strong>exilium</strong></span> <span class='ocrx_word' id='word_1_320' title='bbox 522 2680 600 2708; x_wconf 73' lang='lat' dir='ltr'><strong>actis</strong></span> <span class='ocrx_word' id='word_1_321' title='bbox 608 2679 767 2717; x_wconf 74' lang='lat' dir='ltr'><strong>publicata</strong></span> <span class='ocrx_word' id='word_1_322' title='bbox 775 2682 846 2708; x_wconf 73' lang='lat' dir='ltr'><strong>eunt</strong></span> 
     </span>
     <span class='ocr_line' id='line_1_57' title="bbox 106 2720 846 2761; baseline 0.001 -12"><span class='ocrx_word' id='word_1_323' title='bbox 106 2720 191 2754; x_wconf 76' lang='lat' dir='ltr'><strong>bona,</strong></span> <span class='ocrx_word' id='word_1_324' title='bbox 206 2723 239 2749; x_wconf 81' lang='lat' dir='ltr'><strong>et</strong></span> <span class='ocrx_word' id='word_1_325' title='bbox 252 2721 341 2755; x_wconf 83' lang='lat' dir='ltr'><strong>aedes,</strong></span> <span class='ocrx_word' id='word_1_326' title='bbox 353 2721 406 2749; x_wconf 79' lang='lat' dir='ltr'><strong>ubi</strong></span> <span class='ocrx_word' id='word_1_327' title='bbox 417 2721 606 2756; x_wconf 71' lang='lat' dir='ltr'><strong>habitabant,</strong></span> <span class='ocrx_word' id='word_1_328' title='bbox 618 2722 729 2751; x_wconf 74' lang='lat' dir='ltr'><strong>dirutae</strong></span> <span class='ocrx_word' id='word_1_329' title='bbox 739 2733 750 2751; x_wconf 83' lang='lat'><strong>.·</strong></span> <span class='ocrx_word' id='word_1_330' title='bbox 773 2730 846 2761; x_wconf 85' lang='lat' dir='ltr'><strong>eque</strong></span> 
     </span>
     <span class='ocr_line' id='line_1_58' title="bbox 102 2762 847 2801; baseline 0.003 -10"><span class='ocrx_word' id='word_1_331' title='bbox 102 2772 140 2792; x_wconf 90' lang='lat' dir='ltr'><strong>ea</strong></span> <span class='ocrx_word' id='word_1_332' title='bbox 157 2763 289 2801; x_wconf 77' lang='lat' dir='ltr'><strong>pecunia</strong></span> <span class='ocrx_word' id='word_1_333' title='bbox 305 2762 395 2792; x_wconf 63' lang='grc' dir='ltr'><strong>καλῶ</strong></span> <span class='ocrx_word' id='word_1_334' title='bbox 410 2763 496 2792; x_wconf 77' lang='lat' dir='ltr'><strong>deum</strong></span> <span class='ocrx_word' id='word_1_335' title='bbox 513 2764 670 2801; x_wconf 76' lang='lat' dir='ltr'><strong>penatium</strong></span> <span class='ocrx_word' id='word_1_336' title='bbox 690 2764 847 2801; x_wconf 65' lang='lat' dir='ltr'><strong>aedfficatae</strong></span> 
     </span>
     <span class='ocr_line' id='line_1_59' title="bbox 102 2805 853 2841; baseline 0.001 -7"><span class='ocrx_word' id='word_1_337' title='bbox 102 2808 182 2834; x_wconf 71' lang='lat' dir='ltr'><strong>mne.</strong></span> <span class='ocrx_word' id='word_1_338' title='bbox 233 2805 294 2834; x_wconf 77' lang='lat' dir='ltr'><strong>Ubi</strong></span> <span class='ocrx_word' id='word_1_339' title='bbox 302 2805 492 2841; x_wconf 73' lang='lat' dir='ltr'><strong>habitabant,</strong></span> <span class='ocrx_word' id='word_1_340' title='bbox 503 2805 583 2834; x_wconf 79' lang='lat' dir='ltr'><strong>locus</strong></span> <span class='ocrx_word' id='word_1_341' title='bbox 594 2805 647 2834; x_wconf 72' lang='lat' dir='ltr'><strong>ubi</strong></span> <span class='ocrx_word' id='word_1_342' title='bbox 661 2807 806 2841; x_wconf 68' lang='lat' dir='ltr'><strong>venirent,</strong></span> <span class='ocrx_word' id='word_1_343' title='bbox 815 2815 853 2835; x_wconf 91' lang='lat' dir='ltr'><strong>ea</strong></span> 
     </span>
     <span class='ocr_line' id='line_1_60' title="bbox 103 2848 849 2886; baseline 0.001 -10"><span class='ocrx_word' id='word_1_344' title='bbox 103 2856 170 2886; x_wconf 75' lang='lat' dir='ltr'><strong>quae</strong></span> <span class='ocrx_word' id='word_1_345' title='bbox 196 2848 333 2876; x_wconf 77' lang='lat' dir='ltr'><strong>vescendi</strong></span> <span class='ocrx_word' id='word_1_346' title='bbox 350 2857 442 2877; x_wconf 74' lang='lat' dir='ltr'><strong>causa</strong></span> <span class='ocrx_word' id='word_1_347' title='bbox 466 2849 497 2876; x_wconf 74' lang='lat' dir='ltr'><strong>n&#39;n</strong></span> <span class='ocrx_word' id='word_1_348' title='bbox 519 2848 621 2876; x_wconf 83' lang='lat' dir='ltr'><strong>urbem</strong></span> <span class='ocrx_word' id='word_1_349' title='bbox 640 2852 729 2877; x_wconf 83' lang='lat' dir='ltr'><strong>erant</strong></span> <span class='ocrx_word' id='word_1_350' title='bbox 742 2848 849 2878; x_wconf 78' lang='lat' dir='ltr'><strong>allata.</strong></span> 
     </span>
     <span class='ocr_line' id='line_1_61' title="bbox 105 2887 851 2928; baseline 0.001 -10"><span class='ocrx_word' id='word_1_351' title='bbox 105 2889 214 2927; x_wconf 80' lang='lat' dir='ltr'><strong>Itaque</strong></span> <span class='ocrx_word' id='word_1_352' title='bbox 229 2890 269 2919; x_wconf 87' lang='lat' dir='ltr'><strong>ab</strong></span> <span class='ocrx_word' id='word_1_353' title='bbox 284 2890 380 2919; x_wconf 78' lang='lat' dir='ltr'><strong>altero</strong></span> <span class='ocrx_word' id='word_1_354' title='bbox 396 2890 568 2925; x_wconf 79' lang='lat' dir='ltr'><strong>Macellum,</strong></span> <span class='ocrx_word' id='word_1_355' title='bbox 584 2890 624 2919; x_wconf 86' lang='lat' dir='ltr'><strong>ab</strong></span> <span class='ocrx_word' id='word_1_356' title='bbox 638 2890 734 2919; x_wconf 81' lang='lat' dir='ltr'><strong>altero</strong></span> <span class='ocrx_word' id='word_1_357' title='bbox 746 2887 851 2928; x_wconf 84' lang='lat' dir='ltr'><strong>sorum</strong></span> 
     </span>
     <span class='ocr_line' id='line_1_62' title="bbox 107 2931 851 2972; baseline 0.001 -11"><span class='ocrx_word' id='word_1_358' title='bbox 107 2931 270 2970; x_wconf 73' lang='lat' dir='ltr'><strong>Cupedinis</strong></span> <span class='ocrx_word' id='word_1_359' title='bbox 306 2933 490 2971; x_wconf 77' lang='lat' dir='ltr'><strong>appellatum</strong></span> <span class='ocrx_word' id='word_1_360' title='bbox 519 2937 573 2962; x_wconf 82' lang='lat' dir='ltr'><strong>est.</strong></span> <span class='ocrx_word' id='word_1_361' title='bbox 635 2931 851 2972; x_wconf 66' lang='lat' dir='ltr'><strong>Gumdinarii]</strong></span> 
     </span>
     <span class='ocr_line' id='line_1_63' title="bbox 107 2973 851 3015; baseline 0.001 -12"><span class='ocrx_word' id='word_1_362' title='bbox 107 2973 287 3014; x_wconf 81' lang='lat' dir='ltr'><strong>omnesqui</strong></span> <span class='ocrx_word' id='word_1_363' title='bbox 299 2974 463 3005; x_wconf 86' lang='lat' dir='ltr'><strong>esculenta</strong></span> <span class='ocrx_word' id='word_1_364' title='bbox 474 2979 506 3004; x_wconf 87' lang='lat' dir='ltr'><strong>et</strong></span> <span class='ocrx_word' id='word_1_365' title='bbox 517 2973 688 3015; x_wconf 81' lang='lat' dir='ltr'><strong>poculenta</strong></span> <span class='ocrx_word' id='word_1_366' title='bbox 697 2974 851 3012; x_wconf 83' lang='lat' dir='ltr'><strong>vendunt,</strong></span> 
     </span>
    </p>
   </div>
   <div class='ocr_carea' id='block_1_10' title="bbox 887 768 1681 3014">
    <p class='ocr_par' dir='ltr' id='par_1_13' title="bbox 895 768 1647 1148">
     <span class='ocr_line' id='line_1_64' title="bbox 899 768 1645 810; baseline 0.001 -11"><span class='ocrx_word' id='word_1_367' title='bbox 899 778 919 799; x_wconf 84' lang='lat' dir='ltr'><strong>a</strong></span> <span class='ocrx_word' id='word_1_368' title='bbox 940 769 1037 800; x_wconf 90' lang='lat' dir='ltr'><strong>rebus</strong></span> <span class='ocrx_word' id='word_1_369' title='bbox 1059 768 1230 809; x_wconf 83' lang='lat' dir='ltr'><strong>cupedinis</strong></span> <span class='ocrx_word' id='word_1_370' title='bbox 1252 769 1293 800; x_wconf 93' lang='lat' dir='ltr'><strong>ob</strong></span> <span class='ocrx_word' id='word_1_371' title='bbox 1309 769 1498 800; x_wconf 88' lang='lat' dir='ltr'><strong>alimentum</strong></span> <span class='ocrx_word' id='word_1_372' title='bbox 1521 772 1645 810; x_wconf 77' lang='lat' dir='ltr'><strong>cupedi-</strong></span> 
     </span>
     <span class='ocr_line' id='line_1_65' title="bbox 899 811 1646 853; baseline 0.003 -12"><span class='ocrx_word' id='word_1_373' title='bbox 899 814 982 842; x_wconf 79' lang='lat' dir='ltr'><strong>narii</strong></span> <span class='ocrx_word' id='word_1_374' title='bbox 1003 811 1217 852; x_wconf 84' lang='lat' dir='ltr'><strong>appellantur.</strong></span> <span class='ocrx_word' id='word_1_375' title='bbox 1264 812 1308 843; x_wconf 88' lang='lat' dir='ltr'><strong>Et</strong></span> <span class='ocrx_word' id='word_1_376' title='bbox 1330 811 1399 853; x_wconf 89' lang='lat' dir='ltr'><strong>ipse</strong></span> <span class='ocrx_word' id='word_1_377' title='bbox 1422 811 1567 852; x_wconf 87' lang='lat' dir='ltr'><strong>subjecit,</strong></span> <span class='ocrx_word' id='word_1_378' title='bbox 1591 812 1646 852; x_wconf 92' lang='lat' dir='ltr'><strong>qui</strong></span> 
     </span>
     <span class='ocr_line' id='line_1_66' title="bbox 899 853 1645 894; baseline 0.003 -11"><span class='ocrx_word' id='word_1_379' title='bbox 899 853 1079 894; x_wconf 90' lang='lat' dir='ltr'><strong>accipiendi</strong></span> <span class='ocrx_word' id='word_1_380' title='bbox 1102 860 1179 885; x_wconf 86' lang='lat' dir='ltr'><strong>sunt</strong></span> <span class='ocrx_word' id='word_1_381' title='bbox 1195 854 1281 894; x_wconf 81' lang='lat' dir='ltr'><strong>(lege</strong></span> <span class='ocrx_word' id='word_1_382' title='bbox 1296 856 1358 885; x_wconf 74' lang='lat' dir='ltr'><strong>sint</strong></span> <span class='ocrx_word' id='word_1_383' title='bbox 1373 865 1415 885; x_wconf 88' lang='lat' dir='ltr'><strong>ex</strong></span> <span class='ocrx_word' id='word_1_384' title='bbox 1426 854 1495 885; x_wconf 88' lang='lat' dir='ltr'><strong>cod.</strong></span> <span class='ocrx_word' id='word_1_385' title='bbox 1522 854 1645 885; x_wconf 90' lang='lat' dir='ltr'><strong>Boend.</strong></span> 
     </span>
     <span class='ocr_line' id='line_1_67' title="bbox 899 895 1646 937; baseline 0.004 -12"><span class='ocrx_word' id='word_1_386' title='bbox 899 901 932 926; x_wconf 91' lang='lat' dir='ltr'><strong>et</strong></span> <span class='ocrx_word' id='word_1_387' title='bbox 948 895 997 926; x_wconf 89' lang='lat' dir='ltr'><strong>ed.</strong></span> <span class='ocrx_word' id='word_1_388' title='bbox 1023 896 1078 926; x_wconf 91' lang='lat' dir='ltr'><strong>Du</strong></span> <span class='ocrx_word' id='word_1_389' title='bbox 1096 896 1149 935; x_wconf 93' lang='lat' dir='ltr'><strong>B.)</strong></span> <span class='ocrx_word' id='word_1_390' title='bbox 1172 896 1383 937; x_wconf 86' lang='lat' dir='ltr'><strong>cupedinarii.</strong></span> <span class='ocrx_word' id='word_1_391' title='bbox 1424 897 1646 936; x_wconf 72' lang='lat' dir='ltr'><strong>D.—0uped··-</strong></span> 
     </span>
     <span class='ocr_line' id='line_1_68' title="bbox 898 937 1645 980; baseline 0.003 -12"><span class='ocrx_word' id='word_1_392' title='bbox 898 940 980 968; x_wconf 75' lang='lat' dir='ltr'><strong>narii</strong></span> <span class='ocrx_word' id='word_1_393' title='bbox 995 937 1108 978; x_wconf 85' lang='lat' dir='ltr'><strong>omnes]</strong></span> <span class='ocrx_word' id='word_1_394' title='bbox 1128 940 1326 978; x_wconf 79' lang='lat' dir='ltr'><strong>Cupedinan&#39;i</strong></span> <span class='ocrx_word' id='word_1_395' title='bbox 1347 945 1424 970; x_wconf 83' lang='lat' dir='ltr'><strong>sunt</strong></span> <span class='ocrx_word' id='word_1_396' title='bbox 1440 939 1496 980; x_wconf 90' lang='lat' dir='ltr'><strong>qui</strong></span> <span class='ocrx_word' id='word_1_397' title='bbox 1518 939 1645 980; x_wconf 82' lang='lat' dir='ltr'><strong>cupidi-</strong></span> 
     </span>
     <span class='ocr_line' id='line_1_69' title="bbox 898 980 1644 1021; baseline 0.003 -11"><span class='ocrx_word' id='word_1_398' title='bbox 898 980 1018 1010; x_wconf 82' lang='lat' dir='ltr'><strong>tatibus</strong></span> <span class='ocrx_word' id='word_1_399' title='bbox 1040 980 1152 1021; x_wconf 86' lang='lat' dir='ltr'><strong>populi</strong></span> <span class='ocrx_word' id='word_1_400' title='bbox 1168 980 1324 1018; x_wconf 85' lang='lat' dir='ltr'><strong>serviunt,</strong></span> <span class='ocrx_word' id='word_1_401' title='bbox 1340 991 1419 1021; x_wconf 87' lang='lat' dir='ltr'><strong>quos</strong></span> <span class='ocrx_word' id='word_1_402' title='bbox 1435 991 1548 1012; x_wconf 88' lang='lat' dir='ltr'><strong>omnes</strong></span> <span class='ocrx_word' id='word_1_403' title='bbox 1563 991 1644 1012; x_wconf 88' lang='lat' dir='ltr'><strong>enu-</strong></span> 
     </span>
     <span class='ocr_line' id='line_1_70' title="bbox 897 1022 1647 1063; baseline 0.004 -11"><span class='ocrx_word' id='word_1_404' title='bbox 897 1028 1009 1052; x_wconf 86' lang='lat' dir='ltr'><strong>merat.</strong></span> <span class='ocrx_word' id='word_1_405' title='bbox 1036 1022 1213 1053; x_wconf 83' lang='lat' dir='ltr'><strong>E.-Libri</strong></span> <span class='ocrx_word' id='word_1_406' title='bbox 1224 1023 1353 1063; x_wconf 90' lang='lat' dir='ltr'><strong>quidem</strong></span> <span class='ocrx_word' id='word_1_407' title='bbox 1367 1023 1419 1054; x_wconf 88' lang='lat' dir='ltr'><strong>hic</strong></span> <span class='ocrx_word' id='word_1_408' title='bbox 1435 1026 1647 1063; x_wconf 75' lang='lat' dir='ltr'><strong>cuppedinarii</strong></span> 
     </span>
     <span class='ocr_line' id='line_1_71' title="bbox 897 1064 1646 1106; baseline 0.003 -12"><span class='ocrx_word' id='word_1_409' title='bbox 897 1064 1035 1099; x_wconf 63' lang='lat' dir='ltr'><strong>habeon</strong></span> <span class='ocrx_word' id='word_1_410' title='bbox 1060 1065 1117 1095; x_wconf 88' lang='lat' dir='ltr'><strong>sed</strong></span> <span class='ocrx_word' id='word_1_411' title='bbox 1130 1075 1202 1095; x_wconf 88' lang='lat' dir='ltr'><strong>cum</strong></span> <span class='ocrx_word' id='word_1_412' title='bbox 1215 1075 1234 1095; x_wconf 88' lang='lat' dir='ltr'><strong>a</strong></span> <span class='ocrx_word' id='word_1_413' title='bbox 1247 1068 1403 1105; x_wconf 78' lang='lat' dir='ltr'><strong>cuppediis</strong></span> <span class='ocrx_word' id='word_1_414' title='bbox 1414 1065 1494 1106; x_wconf 88' lang='lat' dir='ltr'><strong>origi</strong></span> <span class='ocrx_word' id='word_1_415' title='bbox 1500 1076 1572 1096; x_wconf 90' lang='lat' dir='ltr'><strong>nem</strong></span> <span class='ocrx_word' id='word_1_416' title='bbox 1586 1066 1646 1097; x_wconf 86' lang='lat' dir='ltr'><strong>ha-</strong></span> 
     </span>
     <span class='ocr_line' id='line_1_72' title="bbox 895 1106 1645 1148; baseline 0.004 -12"><span class='ocrx_word' id='word_1_417' title='bbox 895 1106 979 1142; x_wconf 86' lang='lat' dir='ltr'><strong>beat,</strong></span> <span class='ocrx_word' id='word_1_418' title='bbox 995 1106 1152 1147; x_wconf 62' lang='lat' dir='ltr'><strong>analogiae</strong></span> <span class='ocrx_word' id='word_1_419' title='bbox 1167 1107 1237 1147; x_wconf 87' lang='lat' dir='ltr'><strong>lege</strong></span> <span class='ocrx_word' id='word_1_420' title='bbox 1253 1107 1358 1138; x_wconf 88' lang='lat' dir='ltr'><strong>scribe</strong></span> <span class='ocrx_word' id='word_1_421' title='bbox 1373 1111 1573 1148; x_wconf 78' lang='lat' dir='ltr'><strong>cuppediarii.</strong></span> <span class='ocrx_word' id='word_1_422' title='bbox 1606 1109 1645 1139; x_wconf 92' lang='lat' dir='ltr'><strong>B.</strong></span> 
     </span>
    </p>

    <p class='ocr_par' dir='ltr' id='par_1_14' title="bbox 889 1148 1646 2495">
     <span class='ocr_line' id='line_1_73' title="bbox 939 1148 1645 1192; baseline 0.004 -13"><span class='ocrx_word' id='word_1_423' title='bbox 939 1149 990 1179; x_wconf 89' lang='grc'><strong>26.</strong></span> <span class='ocrx_word' id='word_1_424' title='bbox 1023 1148 1133 1189; x_wconf 81' lang='lat' dir='ltr'><strong>Lam’i]</strong></span> <span class='ocrx_word' id='word_1_425' title='bbox 1156 1150 1222 1185; x_wconf 88' lang='lat' dir='ltr'><strong>Qui</strong></span> <span class='ocrx_word' id='word_1_426' title='bbox 1245 1149 1370 1180; x_wconf 91' lang='lat' dir='ltr'><strong>laniant</strong></span> <span class='ocrx_word' id='word_1_427' title='bbox 1391 1160 1527 1192; x_wconf 88' lang='lat' dir='ltr'><strong>pecora:</strong></span> <span class='ocrx_word' id='word_1_428' title='bbox 1557 1151 1645 1182; x_wconf 89' lang='lat' dir='ltr'><strong>unde</strong></span> 
     </span>
     <span class='ocr_line' id='line_1_74' title="bbox 896 1191 1646 1235; baseline 0.003 -13"><span class='ocrx_word' id='word_1_429' title='bbox 896 1197 929 1222; x_wconf 90' lang='lat' dir='ltr'><strong>et</strong></span> <span class='ocrx_word' id='word_1_430' title='bbox 959 1193 1078 1223; x_wconf 70' lang='lat' dir='ltr'><strong>lanism</strong></span> <span class='ocrx_word' id='word_1_431' title='bbox 1109 1191 1196 1228; x_wconf 88' lang='lat' dir='ltr'><strong>dicti,</strong></span> <span class='ocrx_word' id='word_1_432' title='bbox 1225 1192 1280 1233; x_wconf 90' lang='lat' dir='ltr'><strong>qui</strong></span> <span class='ocrx_word' id='word_1_433' title='bbox 1309 1192 1470 1224; x_wconf 85' lang='lat' dir='ltr'><strong>laniendis</strong></span> <span class='ocrx_word' id='word_1_434' title='bbox 1500 1200 1646 1235; x_wconf 84' lang='lat' dir='ltr'><strong>praesunt</strong></span> 
     </span>
     <span class='ocr_line' id='line_1_75' title="bbox 894 1233 1643 1274; baseline 0.003 -10"><span class='ocrx_word' id='word_1_435' title='bbox 894 1233 1135 1274; x_wconf 85' lang='lat' dir='ltr'><strong>gladiatoribus.</strong></span> <span class='ocrx_word' id='word_1_436' title='bbox 1174 1234 1228 1266; x_wconf 91' lang='lat' dir='ltr'><strong>Sic</strong></span> <span class='ocrx_word' id='word_1_437' title='bbox 1238 1241 1271 1266; x_wconf 91' lang='lat' dir='ltr'><strong>et</strong></span> <span class='ocrx_word' id='word_1_438' title='bbox 1286 1237 1449 1266; x_wconf 80' lang='lat' dir='ltr'><strong>Macellum</strong></span> <span class='ocrx_word' id='word_1_439' title='bbox 1465 1246 1484 1266; x_wconf 93' lang='lat' dir='ltr'><strong>a</strong></span> <span class='ocrx_word' id='word_1_440' title='bbox 1500 1242 1643 1266; x_wconf 83' lang='lat' dir='ltr'><strong>mactan-</strong></span> 
     </span>
     <span class='ocr_line' id='line_1_76' title="bbox 895 1275 1644 1319; baseline 0.003 -12"><span class='ocrx_word' id='word_1_441' title='bbox 895 1275 945 1307; x_wconf 85' lang='lat' dir='ltr'><strong>dis</strong></span> <span class='ocrx_word' id='word_1_442' title='bbox 975 1277 1145 1317; x_wconf 89' lang='lat' dir='ltr'><strong>pecoribus</strong></span> <span class='ocrx_word' id='word_1_443' title='bbox 1175 1277 1306 1308; x_wconf 89' lang='lat' dir='ltr'><strong>dictum.</strong></span> <span class='ocrx_word' id='word_1_444' title='bbox 1361 1277 1547 1319; x_wconf 70' lang='lat' dir='ltr'><strong>Piscatores]</strong></span> <span class='ocrx_word' id='word_1_445' title='bbox 1578 1279 1644 1314; x_wconf 88' lang='lat' dir='ltr'><strong>Qui</strong></span> 
     </span>
     <span class='ocr_line' id='line_1_77' title="bbox 893 1319 1644 1361; baseline 0.003 -12"><span class='ocrx_word' id='word_1_446' title='bbox 893 1325 1056 1350; x_wconf 87' lang='lat' dir='ltr'><strong>recentem</strong></span> <span class='ocrx_word' id='word_1_447' title='bbox 1073 1319 1194 1360; x_wconf 87' lang='lat' dir='ltr'><strong>piscem</strong></span> <span class='ocrx_word' id='word_1_448' title='bbox 1210 1321 1366 1361; x_wconf 85' lang='lat' dir='ltr'><strong>praebent.</strong></span> <span class='ocrx_word' id='word_1_449' title='bbox 1405 1320 1566 1361; x_wconf 81' lang='lat' dir='ltr'><strong>Fartores]</strong></span> <span class='ocrx_word' id='word_1_450' title='bbox 1578 1321 1644 1356; x_wconf 87' lang='lat' dir='ltr'><strong>Qui</strong></span> 
     </span>
     <span class='ocr_line' id='line_1_78' title="bbox 894 1361 1642 1403; baseline 0.004 -12"><span class='ocrx_word' id='word_1_451' title='bbox 894 1361 1005 1391; x_wconf 88' lang='lat' dir='ltr'><strong>insitia</strong></span> <span class='ocrx_word' id='word_1_452' title='bbox 1021 1368 1054 1391; x_wconf 89' lang='lat' dir='ltr'><strong>et</strong></span> <span class='ocrx_word' id='word_1_453' title='bbox 1073 1361 1241 1392; x_wconf 83' lang='lat' dir='ltr'><strong>farcimina</strong></span> <span class='ocrx_word' id='word_1_454' title='bbox 1263 1363 1385 1393; x_wconf 84' lang='lat' dir='ltr'><strong>faciunt</strong></span> <span class='ocrx_word' id='word_1_455' title='bbox 1408 1363 1523 1402; x_wconf 83' lang='lat' dir='ltr'><strong>(Festo</strong></span> <span class='ocrx_word' id='word_1_456' title='bbox 1537 1362 1642 1403; x_wconf 82' lang='lat' dir='ltr'><strong>farto-</strong></span> 
     </span>
     <span class='ocr_line' id='line_1_79' title="bbox 894 1404 1644 1446; baseline 0.001 -11"><span class='ocrx_word' id='word_1_457' title='bbox 894 1414 943 1435; x_wconf 82' lang='lat' dir='ltr'><strong>res</strong></span> <span class='ocrx_word' id='word_1_458' title='bbox 973 1404 1070 1434; x_wconf 86' lang='lat' dir='ltr'><strong>etiam</strong></span> <span class='ocrx_word' id='word_1_459' title='bbox 1101 1404 1254 1435; x_wconf 89' lang='lat' dir='ltr'><strong>dicuntur</strong></span> <span class='ocrx_word' id='word_1_460' title='bbox 1287 1407 1527 1442; x_wconf 81' lang='lat' dir='ltr'><strong>nomenclatores,</strong></span> <span class='ocrx_word' id='word_1_461' title='bbox 1558 1406 1644 1446; x_wconf 91' lang='lat' dir='ltr'><strong>quod</strong></span> 
     </span>
     <span class='ocr_line' id='line_1_80' title="bbox 894 1445 1643 1479; baseline 0.004 -3"><span class='ocrx_word' id='word_1_462' title='bbox 894 1445 976 1476; x_wconf 88' lang='lat' dir='ltr'><strong>clam</strong></span> <span class='ocrx_word' id='word_1_463' title='bbox 989 1446 1079 1477; x_wconf 86' lang='lat' dir='ltr'><strong>velut</strong></span> <span class='ocrx_word' id='word_1_464' title='bbox 1089 1446 1277 1478; x_wconf 86' lang='lat' dir='ltr'><strong>infarcirent</strong></span> <span class='ocrx_word' id='word_1_465' title='bbox 1290 1447 1420 1478; x_wconf 85' lang='lat' dir='ltr'><strong>nomina</strong></span> <span class='ocrx_word' id='word_1_466' title='bbox 1431 1448 1643 1479; x_wconf 85' lang='lat' dir='ltr'><strong>salutatorum</strong></span> 
     </span>
     <span class='ocr_line' id='line_1_81' title="bbox 894 1488 1642 1530; baseline 0.004 -12"><span class='ocrx_word' id='word_1_467' title='bbox 894 1488 928 1519; x_wconf 88' lang='lat' dir='ltr'><strong>in</strong></span> <span class='ocrx_word' id='word_1_468' title='bbox 945 1498 1056 1519; x_wconf 87' lang='lat' dir='ltr'><strong>aurem</strong></span> <span class='ocrx_word' id='word_1_469' title='bbox 1078 1489 1268 1528; x_wconf 89' lang='lat' dir='ltr'><strong>candidati).</strong></span> <span class='ocrx_word' id='word_1_470' title='bbox 1316 1489 1449 1530; x_wconf 76' lang='lat' dir='ltr'><strong>Cetarii]</strong></span> <span class='ocrx_word' id='word_1_471' title='bbox 1473 1490 1538 1526; x_wconf 86' lang='lat' dir='ltr'><strong>Qui</strong></span> <span class='ocrx_word' id='word_1_472' title='bbox 1561 1498 1642 1528; x_wconf 83' lang='lat' dir='ltr'><strong>cete,</strong></span> 
     </span>
     <span class='ocr_line' id='line_1_82' title="bbox 893 1530 1643 1573; baseline 0.004 -12"><span class='ocrx_word' id='word_1_473' title='bbox 893 1530 928 1561; x_wconf 88' lang='lat' dir='ltr'><strong>id</strong></span> <span class='ocrx_word' id='word_1_474' title='bbox 940 1538 998 1568; x_wconf 87' lang='lat' dir='ltr'><strong>est,</strong></span> <span class='ocrx_word' id='word_1_475' title='bbox 1015 1541 1148 1572; x_wconf 89' lang='lat' dir='ltr'><strong>magnos</strong></span> <span class='ocrx_word' id='word_1_476' title='bbox 1160 1531 1266 1573; x_wconf 88' lang='lat' dir='ltr'><strong>pisces</strong></span> <span class='ocrx_word' id='word_1_477' title='bbox 1275 1532 1453 1570; x_wconf 85' lang='lat' dir='ltr'><strong>venditant,</strong></span> <span class='ocrx_word' id='word_1_478' title='bbox 1465 1539 1497 1563; x_wconf 90' lang='lat' dir='ltr'><strong>et</strong></span> <span class='ocrx_word' id='word_1_479' title='bbox 1510 1533 1643 1565; x_wconf 90' lang='lat' dir='ltr'><strong>bolonas</strong></span> 
     </span>
     <span class='ocr_line' id='line_1_83' title="bbox 896 1573 1640 1614; baseline 0.004 -11"><span class='ocrx_word' id='word_1_480' title='bbox 896 1573 943 1612; x_wconf 90' lang='lat' dir='ltr'><strong>(h.</strong></span> <span class='ocrx_word' id='word_1_481' title='bbox 957 1583 983 1604; x_wconf 91' lang='lat' dir='ltr'><strong>e.</strong></span> <span class='ocrx_word' id='word_1_482' title='bbox 995 1573 1163 1604; x_wconf 86' lang='lat' dir='ltr'><strong>universos</strong></span> <span class='ocrx_word' id='word_1_483' title='bbox 1172 1574 1251 1605; x_wconf 87' lang='lat' dir='ltr'><strong>retis</strong></span> <span class='ocrx_word' id='word_1_484' title='bbox 1255 1576 1362 1614; x_wconf 85' lang='lat' dir='ltr'><strong>jactus</strong></span> <span class='ocrx_word' id='word_1_485' title='bbox 1373 1575 1469 1606; x_wconf 90' lang='lat' dir='ltr'><strong>simul</strong></span> <span class='ocrx_word' id='word_1_486' title='bbox 1480 1575 1640 1606; x_wconf 81' lang='lat' dir='ltr'><strong>vendunt:</strong></span> 
     </span>
     <span class='ocr_line' id='line_1_84' title="bbox 892 1614 1641 1656; baseline 0.003 -10"><span class='ocrx_word' id='word_1_487' title='bbox 892 1614 992 1651; x_wconf 84' lang='grc' dir='ltr'><strong><em>βόλος</em></strong></span> <span class='ocrx_word' id='word_1_488' title='bbox 1019 1616 1142 1656; x_wconf 87' lang='lat' dir='ltr'><strong>jactus)</strong></span> <span class='ocrx_word' id='word_1_489' title='bbox 1170 1623 1331 1648; x_wconf 88' lang='lat' dir='ltr'><strong>exercent.</strong></span> <span class='ocrx_word' id='word_1_490' title='bbox 1395 1619 1521 1654; x_wconf 81' lang='lat' dir='ltr'><strong>Cetarii,</strong></span> <span class='ocrx_word' id='word_1_491' title='bbox 1554 1620 1641 1655; x_wconf 79' lang='lat' dir='ltr'><strong>lanii,</strong></span> 
     </span>
     <span class='ocr_line' id='line_1_85' title="bbox 892 1657 1642 1700; baseline 0.003 -12"><span class='ocrx_word' id='word_1_492' title='bbox 892 1660 987 1698; x_wconf 79' lang='lat' dir='ltr'><strong>coqui,</strong></span> <span class='ocrx_word' id='word_1_493' title='bbox 1006 1657 1160 1699; x_wconf 79' lang='lat' dir='ltr'><strong>sartores]</strong></span> <span class='ocrx_word' id='word_1_494' title='bbox 1192 1657 1376 1700; x_wconf 75' lang='grc' dir='ltr'>Ἀμάρτημει</span> <span class='ocrx_word' id='word_1_495' title='bbox 1404 1660 1581 1691; x_wconf 90' lang='lat' dir='ltr'><strong>comicum:</strong></span> <span class='ocrx_word' id='word_1_496' title='bbox 1607 1660 1642 1691; x_wconf 88' lang='lat' dir='ltr'><strong>in</strong></span> 
     </span>
     <span class='ocr_line' id='line_1_86' title="bbox 892 1700 1643 1743; baseline 0.004 -13"><span class='ocrx_word' id='word_1_497' title='bbox 892 1700 1025 1741; x_wconf 85' lang='lat' dir='ltr'><strong>palliata</strong></span> <span class='ocrx_word' id='word_1_498' title='bbox 1063 1701 1227 1732; x_wconf 81' lang='lat' dir='ltr'><strong>Romanas</strong></span> <span class='ocrx_word' id='word_1_499' title='bbox 1255 1712 1308 1733; x_wconf 85' lang='lat' dir='ltr'><strong>res</strong></span> <span class='ocrx_word' id='word_1_500' title='bbox 1344 1702 1487 1743; x_wconf 88' lang='lat' dir='ltr'><strong>loquitur</strong></span> <span class='ocrx_word' id='word_1_501' title='bbox 1517 1702 1643 1743; x_wconf 86' lang='lat' dir='ltr'><strong>(Negat</strong></span> 
     </span>
     <span class='ocr_line' id='line_1_87' title="bbox 894 1743 1640 1785; baseline 0.004 -12"><span class='ocrx_word' id='word_1_502' title='bbox 894 1743 1046 1774; x_wconf 88' lang='lat' dir='ltr'><strong>Dacieria</strong></span> <span class='ocrx_word' id='word_1_503' title='bbox 1067 1743 1135 1774; x_wconf 83' lang='lat' dir='ltr'><strong>haec</strong></span> <span class='ocrx_word' id='word_1_504' title='bbox 1158 1744 1337 1785; x_wconf 86' lang='lat' dir='ltr'><strong>posteriora</strong></span> <span class='ocrx_word' id='word_1_505' title='bbox 1360 1746 1456 1775; x_wconf 87' lang='lat' dir='ltr'><strong>verba</strong></span> <span class='ocrx_word' id='word_1_506' title='bbox 1477 1755 1547 1776; x_wconf 87' lang='lat' dir='ltr'><strong>esse</strong></span> <span class='ocrx_word' id='word_1_507' title='bbox 1571 1746 1640 1776; x_wconf 88' lang='lat' dir='ltr'><strong>Do-</strong></span> 
     </span>
     <span class='ocr_line' id='line_1_88' title="bbox 892 1785 1640 1828; baseline 0.004 -13"><span class='ocrx_word' id='word_1_508' title='bbox 892 1785 970 1822; x_wconf 88' lang='lat' dir='ltr'><strong>nati,</strong></span> <span class='ocrx_word' id='word_1_509' title='bbox 985 1786 1040 1826; x_wconf 89' lang='lat' dir='ltr'><strong>qui</strong></span> <span class='ocrx_word' id='word_1_510' title='bbox 1063 1796 1127 1816; x_wconf 90' lang='lat' dir='ltr'><strong>non</strong></span> <span class='ocrx_word' id='word_1_511' title='bbox 1144 1787 1293 1817; x_wconf 89' lang='lat' dir='ltr'><strong>videatur</strong></span> <span class='ocrx_word' id='word_1_512' title='bbox 1314 1787 1479 1828; x_wconf 86' lang='lat' dir='ltr'><strong>ignorasse</strong></span> <span class='ocrx_word' id='word_1_513' title='bbox 1501 1788 1562 1818; x_wconf 89' lang='lat' dir='ltr'><strong>hoc</strong></span> <span class='ocrx_word' id='word_1_514' title='bbox 1583 1798 1640 1828; x_wconf 85' lang='lat' dir='ltr'><strong>ge-</strong></span> 
     </span>
     <span class='ocr_line' id='line_1_89' title="bbox 892 1828 1642 1869; baseline 0.003 -11"><span class='ocrx_word' id='word_1_515' title='bbox 892 1838 954 1859; x_wconf 90' lang='lat' dir='ltr'><strong>nus</strong></span> <span class='ocrx_word' id='word_1_516' title='bbox 983 1828 1151 1859; x_wconf 90' lang='lat' dir='ltr'><strong>hominum</strong></span> <span class='ocrx_word' id='word_1_517' title='bbox 1180 1829 1319 1860; x_wconf 87' lang='lat' dir='ltr'><strong>Athenis</strong></span> <span class='ocrx_word' id='word_1_518' title='bbox 1347 1840 1437 1869; x_wconf 81' lang='lat' dir='ltr'><strong>aeque</strong></span> <span class='ocrx_word' id='word_1_519' title='bbox 1463 1840 1500 1860; x_wconf 89' lang='lat' dir='ltr'><strong>ac</strong></span> <span class='ocrx_word' id='word_1_520' title='bbox 1528 1830 1642 1861; x_wconf 82' lang='lat' dir='ltr'><strong>Rornae</strong></span> 
     </span>
     <span class='ocr_line' id='line_1_90' title="bbox 892 1870 1642 1913; baseline 0.004 -13"><span class='ocrx_word' id='word_1_521' title='bbox 892 1870 1001 1901; x_wconf 86' lang='lat' dir='ltr'><strong>fuisse.</strong></span> <span class='ocrx_word' id='word_1_522' title='bbox 1061 1871 1100 1901; x_wconf 91' lang='lat' dir='ltr'><strong>Id</strong></span> <span class='ocrx_word' id='word_1_523' title='bbox 1127 1871 1213 1911; x_wconf 89' lang='lat' dir='ltr'><strong>quod</strong></span> <span class='ocrx_word' id='word_1_524' title='bbox 1237 1882 1303 1901; x_wconf 92' lang='lat' dir='ltr'><strong>non</strong></span> <span class='ocrx_word' id='word_1_525' title='bbox 1329 1871 1433 1902; x_wconf 90' lang='lat' dir='ltr'><strong>solum</strong></span> <span class='ocrx_word' id='word_1_526' title='bbox 1461 1878 1574 1913; x_wconf 88' lang='lat' dir='ltr'><strong>patere</strong></span> <span class='ocrx_word' id='word_1_527' title='bbox 1599 1882 1642 1903; x_wconf 85' lang='lat' dir='ltr'><strong>ex</strong></span> 
     </span>
     <span class='ocr_line' id='line_1_91' title="bbox 893 1912 1641 1955; baseline 0.004 -13"><span class='ocrx_word' id='word_1_528' title='bbox 893 1912 1122 1953; x_wconf 75' lang='lat' dir='ltr'><strong>Aristophane,</strong></span> <span class='ocrx_word' id='word_1_529' title='bbox 1153 1913 1210 1944; x_wconf 88' lang='lat' dir='ltr'><strong>sed</strong></span> <span class='ocrx_word' id='word_1_530' title='bbox 1240 1920 1274 1944; x_wconf 88' lang='lat' dir='ltr'><strong>et</strong></span> <span class='ocrx_word' id='word_1_531' title='bbox 1300 1924 1341 1944; x_wconf 85' lang='lat' dir='ltr'><strong>ex</strong></span> <span class='ocrx_word' id='word_1_532' title='bbox 1369 1914 1495 1951; x_wconf 79' lang='lat' dir='ltr'><strong>Plauto,</strong></span> <span class='ocrx_word' id='word_1_533' title='bbox 1523 1914 1578 1955; x_wconf 91' lang='lat' dir='ltr'><strong>qui</strong></span> <span class='ocrx_word' id='word_1_534' title='bbox 1604 1915 1641 1946; x_wconf 88' lang='lat' dir='ltr'><strong>in</strong></span> 
     </span>
     <span class='ocr_line' id='line_1_92' title="bbox 892 1955 1639 1998; baseline 0.004 -13"><span class='ocrx_word' id='word_1_535' title='bbox 892 1955 983 1985; x_wconf 88' lang='lat' dir='ltr'><strong>Trin.</strong></span> <span class='ocrx_word' id='word_1_536' title='bbox 1000 1955 1033 1985; x_wconf 91' lang='lat' dir='ltr'><strong>ii.</strong></span> <span class='ocrx_word' id='word_1_537' title='bbox 1051 1957 1081 1985; x_wconf 80' lang='lat'><strong>4.</strong></span> <span class='ocrx_word' id='word_1_538' title='bbox 1099 1956 1128 1986; x_wconf 89' lang='lat'><strong>6.</strong></span> <span class='ocrx_word' id='word_1_539' title='bbox 1147 1955 1275 1986; x_wconf 88' lang='lat' dir='ltr'><strong>eosdem</strong></span> <span class='ocrx_word' id='word_1_540' title='bbox 1291 1963 1522 1987; x_wconf 88' lang='lat' dir='ltr'><strong>commemoret</strong></span> <span class='ocrx_word' id='word_1_541' title='bbox 1538 1967 1639 1998; x_wconf 89' lang='lat' dir='ltr'><strong>cupe-</strong></span> 
     </span>
     <span class='ocr_line' id='line_1_93' title="bbox 892 1997 1639 2039; baseline 0.004 -12"><span class='ocrx_word' id='word_1_542' title='bbox 892 1997 1034 2028; x_wconf 87' lang='lat' dir='ltr'><strong>dinarios</strong></span> <span class='ocrx_word' id='word_1_543' title='bbox 1051 1997 1115 2037; x_wconf 93' lang='lat' dir='ltr'><strong>Z.).</strong></span> <span class='ocrx_word' id='word_1_544' title='bbox 1149 1998 1356 2030; x_wconf 76' lang='lat' dir='ltr'><strong>D.--Ce!an‘i</strong></span> <span class='ocrx_word' id='word_1_545' title='bbox 1370 2005 1455 2036; x_wconf 88' lang='lat' dir='ltr'><strong>sunt,</strong></span> <span class='ocrx_word' id='word_1_546' title='bbox 1466 1999 1521 2039; x_wconf 87' lang='lat' dir='ltr'><strong>qui</strong></span> <span class='ocrx_word' id='word_1_547' title='bbox 1539 1999 1639 2030; x_wconf 83' lang='lat' dir='ltr'><strong>salsa-</strong></span> 
     </span>
     <span class='ocr_line' id='line_1_94' title="bbox 891 2040 1640 2074; baseline 0.005 -5"><span class='ocrx_word' id='word_1_548' title='bbox 891 2046 1001 2070; x_wconf 88' lang='lat' dir='ltr'><strong>menta</strong></span> <span class='ocrx_word' id='word_1_549' title='bbox 1029 2040 1193 2071; x_wconf 85' lang='lat' dir='ltr'><strong>vendunt:</strong></span> <span class='ocrx_word' id='word_1_550' title='bbox 1232 2050 1307 2071; x_wconf 87' lang='lat' dir='ltr'><strong>nam</strong></span> <span class='ocrx_word' id='word_1_551' title='bbox 1334 2044 1458 2072; x_wconf 66' lang='lat' dir='ltr'><strong>cetaria</strong></span> <span class='ocrx_word' id='word_1_552' title='bbox 1487 2042 1640 2074; x_wconf 90' lang='lat' dir='ltr'><strong>dicuntur</strong></span> 
     </span>
     <span class='ocr_line' id='line_1_95' title="bbox 894 2082 1638 2125; baseline 0.005 -13"><span class='ocrx_word' id='word_1_553' title='bbox 894 2082 1026 2113; x_wconf 83' lang='lat' dir='ltr'><strong>bolonae.</strong></span> <span class='ocrx_word' id='word_1_554' title='bbox 1074 2084 1144 2113; x_wconf 80' lang='lat' dir='ltr'><strong>Cete</strong></span> <span class='ocrx_word' id='word_1_555' title='bbox 1159 2092 1279 2123; x_wconf 88' lang='lat' dir='ltr'><strong>genere</strong></span> <span class='ocrx_word' id='word_1_556' title='bbox 1294 2090 1410 2114; x_wconf 88' lang='lat' dir='ltr'><strong>neutro</strong></span> <span class='ocrx_word' id='word_1_557' title='bbox 1431 2087 1536 2125; x_wconf 87' lang='lat' dir='ltr'><strong>pisces</strong></span> <span class='ocrx_word' id='word_1_558' title='bbox 1551 2092 1638 2122; x_wconf 85' lang='lat' dir='ltr'><strong>sunt,</strong></span> 
     </span>
     <span class='ocr_line' id='line_1_96' title="bbox 892 2124 1638 2167; baseline 0.005 -13"><span class='ocrx_word' id='word_1_559' title='bbox 892 2124 945 2165; x_wconf 89' lang='lat' dir='ltr'><strong>qui</strong></span> <span class='ocrx_word' id='word_1_560' title='bbox 963 2124 1003 2155; x_wconf 88' lang='lat' dir='ltr'><strong>ad</strong></span> <span class='ocrx_word' id='word_1_561' title='bbox 1026 2124 1218 2155; x_wconf 84' lang='lat' dir='ltr'><strong>salsamenta</strong></span> <span class='ocrx_word' id='word_1_562' title='bbox 1239 2126 1423 2167; x_wconf 76' lang='lat' dir='ltr'><strong>proficiunt.</strong></span> <span class='ocrx_word' id='word_1_563' title='bbox 1468 2128 1572 2164; x_wconf 80' lang='lat' dir='ltr'><strong>Lam&#39;i,</strong></span> <span class='ocrx_word' id='word_1_564' title='bbox 1589 2139 1638 2158; x_wconf 87' lang='lat' dir='ltr'><strong>co-</strong></span> 
     </span>
     <span class='ocr_line' id='line_1_97' title="bbox 891 2166 1641 2210; baseline 0.004 -13"><span class='ocrx_word' id='word_1_565' title='bbox 891 2170 953 2207; x_wconf 81' lang='lat' dir='ltr'><strong>qui,</strong></span> <span class='ocrx_word' id='word_1_566' title='bbox 969 2166 1116 2207; x_wconf 85' lang='lat' dir='ltr'><strong>sartores,</strong></span> <span class='ocrx_word' id='word_1_567' title='bbox 1135 2170 1312 2207; x_wconf 75' lang='lat' dir='ltr'><strong>piscatores,</strong></span> <span class='ocrx_word' id='word_1_568' title='bbox 1328 2168 1476 2209; x_wconf 79' lang='lat' dir='ltr'><strong>aucupes]</strong></span> <span class='ocrx_word' id='word_1_569' title='bbox 1499 2171 1641 2210; x_wconf 81' lang='lat' dir='ltr'><strong>Aucupes</strong></span> 
     </span>
     <span class='ocr_line' id='line_1_98' title="bbox 891 2209 1640 2250; baseline 0.003 -10"><span class='ocrx_word' id='word_1_570' title='bbox 891 2217 967 2240; x_wconf 88' lang='lat' dir='ltr'><strong>sunt</strong></span> <span class='ocrx_word' id='word_1_571' title='bbox 980 2209 1179 2250; x_wconf 88' lang='lat' dir='ltr'><strong>cupedinarii</strong></span> <span class='ocrx_word' id='word_1_572' title='bbox 1191 2220 1312 2241; x_wconf 87' lang='lat' dir='ltr'><strong>omnes.</strong></span> <span class='ocrx_word' id='word_1_573' title='bbox 1346 2212 1491 2242; x_wconf 63' lang='lat' dir='ltr'><strong>fartores</strong></span> <span class='ocrx_word' id='word_1_574' title='bbox 1501 2211 1640 2243; x_wconf 83' lang='lat' dir='ltr'><strong>dicimus</strong></span> 
     </span>
     <span class='ocr_line' id='line_1_99' title="bbox 891 2252 1638 2295; baseline 0.004 -13"><span class='ocrx_word' id='word_1_575' title='bbox 891 2252 946 2292; x_wconf 87' lang='lat' dir='ltr'><strong>qui</strong></span> <span class='ocrx_word' id='word_1_576' title='bbox 962 2252 1110 2288; x_wconf 85' lang='lat' dir='ltr'><strong>farciunt,</strong></span> <span class='ocrx_word' id='word_1_577' title='bbox 1133 2258 1170 2283; x_wconf 86' lang='lat' dir='ltr'><strong>ut</strong></span> <span class='ocrx_word' id='word_1_578' title='bbox 1191 2252 1224 2283; x_wconf 94' lang='lat' dir='ltr'><strong>in</strong></span> <span class='ocrx_word' id='word_1_579' title='bbox 1241 2253 1407 2284; x_wconf 87' lang='lat' dir='ltr'><strong>meliorem</strong></span> <span class='ocrx_word' id='word_1_580' title='bbox 1423 2263 1543 2294; x_wconf 87' lang='lat' dir='ltr'><strong>sagena</strong></span> <span class='ocrx_word' id='word_1_581' title='bbox 1562 2254 1638 2295; x_wconf 77' lang='lat' dir='ltr'><strong>(leg.</strong></span> 
     </span>
     <span class='ocr_line' id='line_1_100' title="bbox 891 2293 1639 2335; baseline 0.004 -11"><span class='ocrx_word' id='word_1_582' title='bbox 891 2293 1044 2335; x_wconf 73' lang='lat' dir='ltr'><strong>saginam)</strong></span> <span class='ocrx_word' id='word_1_583' title='bbox 1059 2295 1281 2335; x_wconf 85' lang='lat' dir='ltr'><strong>pinguescant.</strong></span> <span class='ocrx_word' id='word_1_584' title='bbox 1306 2295 1550 2326; x_wconf 87' lang='lat' dir='ltr'><strong>E.-—Nonnulli</strong></span> <span class='ocrx_word' id='word_1_585' title='bbox 1566 2306 1639 2327; x_wconf 87' lang='lat' dir='ltr'><strong>ver-</strong></span> 
     </span>
     <span class='ocr_line' id='line_1_101' title="bbox 892 2337 1640 2378; baseline 0.004 -11"><span class='ocrx_word' id='word_1_586' title='bbox 892 2337 941 2368; x_wconf 89' lang='lat' dir='ltr'><strong>sui</strong></span> <span class='ocrx_word' id='word_1_587' title='bbox 965 2337 1088 2367; x_wconf 86' lang='lat' dir='ltr'><strong>addunt</strong></span> <span class='ocrx_word' id='word_1_588' title='bbox 1109 2348 1259 2378; x_wconf 69' lang='lat' dir='ltr'><strong>aucupe-5,-</strong></span> <span class='ocrx_word' id='word_1_589' title='bbox 1283 2338 1367 2378; x_wconf 90' lang='lat' dir='ltr'><strong>quod</strong></span> <span class='ocrx_word' id='word_1_590' title='bbox 1383 2348 1460 2368; x_wconf 88' lang='lat' dir='ltr'><strong>vero</strong></span> <span class='ocrx_word' id='word_1_591' title='bbox 1482 2348 1555 2369; x_wconf 90' lang='lat' dir='ltr'><strong>cum</strong></span> <span class='ocrx_word' id='word_1_592' title='bbox 1579 2349 1640 2370; x_wconf 87' lang='lat' dir='ltr'><strong>nec</strong></span> 
     </span>
     <span class='ocr_line' id='line_1_102' title="bbox 893 2379 1640 2416; baseline 0.003 -6"><span class='ocrx_word' id='word_1_593' title='bbox 893 2381 1051 2416; x_wconf 87' lang='lat' dir='ltr'><strong>Donatus,</strong></span> <span class='ocrx_word' id='word_1_594' title='bbox 1075 2389 1135 2410; x_wconf 88' lang='lat' dir='ltr'><strong>nec</strong></span> <span class='ocrx_word' id='word_1_595' title='bbox 1159 2379 1337 2411; x_wconf 89' lang='lat' dir='ltr'><strong>Bembinus</strong></span> <span class='ocrx_word' id='word_1_596' title='bbox 1355 2380 1425 2411; x_wconf 87' lang='lat' dir='ltr'><strong>cod.</strong></span> <span class='ocrx_word' id='word_1_597' title='bbox 1448 2390 1508 2411; x_wconf 82' lang='lat' dir='ltr'><strong>nec</strong></span> <span class='ocrx_word' id='word_1_598' title='bbox 1524 2381 1640 2412; x_wconf 88' lang='lat' dir='ltr'><strong>Cicero</strong></span> 
     </span>
     <span class='ocr_line' id='line_1_103' title="bbox 891 2421 1640 2460; baseline 0.003 -8"><span class='ocrx_word' id='word_1_599' title='bbox 891 2423 931 2453; x_wconf 91' lang='lat' dir='ltr'><strong>de</strong></span> <span class='ocrx_word' id='word_1_600' title='bbox 953 2422 1044 2452; x_wconf 88' lang='lat' dir='ltr'><strong>Offic.</strong></span> <span class='ocrx_word' id='word_1_601' title='bbox 1062 2421 1082 2452; x_wconf 89' lang='lat' dir='ltr'><strong>i.</strong></span> <span class='ocrx_word' id='word_1_602' title='bbox 1110 2422 1236 2460; x_wconf 86' lang='lat' dir='ltr'><strong>habeat,</strong></span> <span class='ocrx_word' id='word_1_603' title='bbox 1260 2422 1432 2454; x_wconf 89' lang='lat' dir='ltr'><strong>delendum</strong></span> <span class='ocrx_word' id='word_1_604' title='bbox 1460 2429 1509 2453; x_wconf 87' lang='lat' dir='ltr'><strong>est</strong></span> <span class='ocrx_word' id='word_1_605' title='bbox 1532 2423 1640 2454; x_wconf 86' lang='lat' dir='ltr'><strong>versui</strong></span> 
     </span>
     <span class='ocr_line' id='line_1_104' title="bbox 889 2464 1084 2495; baseline 0 0"><span class='ocrx_word' id='word_1_606' title='bbox 889 2464 1013 2495; x_wconf 87' lang='lat' dir='ltr'><strong>inutile.</strong></span> <span class='ocrx_word' id='word_1_607' title='bbox 1047 2464 1084 2495; x_wconf 81' lang='lat' dir='ltr'><strong>B.</strong></span> 
     </span>
    </p>

    <p class='ocr_par' dir='ltr' id='par_1_15' title="bbox 887 2507 1681 3014">
     <span class='ocr_line' id='line_1_105' title="bbox 934 2507 1639 2548; baseline 0.004 -11"><span class='ocrx_word' id='word_1_608' title='bbox 934 2507 985 2539; x_wconf 87' lang='lat'><strong>27.</strong></span> <span class='ocrx_word' id='word_1_609' title='bbox 1013 2509 1129 2541; x_wconf 80' lang='lat' dir='ltr'><strong>Quibus</strong></span> <span class='ocrx_word' id='word_1_610' title='bbox 1139 2513 1170 2538; x_wconf 84' lang='lat' dir='ltr'><strong>et</strong></span> <span class='ocrx_word' id='word_1_611' title='bbox 1184 2518 1217 2538; x_wconf 85' lang='lat' dir='ltr'><strong>re</strong></span> <span class='ocrx_word' id='word_1_612' title='bbox 1230 2507 1332 2548; x_wconf 83' lang='lat' dir='ltr'><strong>salva]</strong></span> <span class='ocrx_word' id='word_1_613' title='bbox 1344 2508 1426 2539; x_wconf 88' lang='lat' dir='ltr'><strong>Cum</strong></span> <span class='ocrx_word' id='word_1_614' title='bbox 1440 2507 1480 2538; x_wconf 91' lang='lat' dir='ltr'><strong>de</strong></span> <span class='ocrx_word' id='word_1_615' title='bbox 1493 2517 1565 2539; x_wconf 92' lang='lat' dir='ltr'><strong>meo</strong></span> <span class='ocrx_word' id='word_1_616' title='bbox 1578 2508 1639 2540; x_wconf 88' lang='lat' dir='ltr'><strong>im-</strong></span> 
     </span>
     <span class='ocr_line' id='line_1_106' title="bbox 890 2549 1640 2591; baseline 0.003 -11"><span class='ocrx_word' id='word_1_617' title='bbox 890 2549 1075 2590; x_wconf 88' lang='lat' dir='ltr'><strong>penderem.</strong></span> <span class='ocrx_word' id='word_1_618' title='bbox 1121 2551 1164 2580; x_wconf 80' lang='lat' dir='ltr'><strong>Et</strong></span> <span class='ocrx_word' id='word_1_619' title='bbox 1186 2552 1313 2589; x_wconf 82' lang='lat' dir='ltr'><strong>perdita</strong></span> <span class='ocrx_word' id='word_1_620' title='bbox 1335 2549 1525 2591; x_wconf 59' lang='lat' dir='ltr'><strong>profueram]</strong></span> <span class='ocrx_word' id='word_1_621' title='bbox 1556 2551 1640 2582; x_wconf 90' lang='lat' dir='ltr'><strong>Cum</strong></span> 
     </span>
     <span class='ocr_line' id='line_1_107' title="bbox 890 2591 1642 2634; baseline 0.004 -12"><span class='ocrx_word' id='word_1_622' title='bbox 890 2592 931 2622; x_wconf 92' lang='lat' dir='ltr'><strong>de</strong></span> <span class='ocrx_word' id='word_1_623' title='bbox 952 2592 1059 2622; x_wconf 89' lang='lat' dir='ltr'><strong>alieno</strong></span> <span class='ocrx_word' id='word_1_624' title='bbox 1082 2592 1266 2623; x_wconf 83' lang='lat' dir='ltr'><strong>nansciscor</strong></span> <span class='ocrx_word' id='word_1_625' title='bbox 1289 2599 1322 2623; x_wconf 89' lang='lat' dir='ltr'><strong>et</strong></span> <span class='ocrx_word' id='word_1_626' title='bbox 1348 2592 1497 2633; x_wconf 88' lang='lat' dir='ltr'><strong>expendo</strong></span> <span class='ocrx_word' id='word_1_627' title='bbox 1524 2591 1642 2634; x_wconf 88' lang='lat' dir='ltr'><strong>(Liber</strong></span> 
     </span>
     <span class='ocr_line' id='line_1_108' title="bbox 888 2634 1639 2674; baseline 0.001 -9"><span class='ocrx_word' id='word_1_628' title='bbox 888 2642 1023 2674; x_wconf 84' lang='lat' dir='ltr'><strong>uterque</strong></span> <span class='ocrx_word' id='word_1_629' title='bbox 1032 2634 1130 2665; x_wconf 86' lang='lat' dir='ltr'><strong>habet</strong></span> <span class='ocrx_word' id='word_1_630' title='bbox 1140 2637 1321 2665; x_wconf 80' lang='lat' dir='ltr'><strong>manticinor</strong></span> <span class='ocrx_word' id='word_1_631' title='bbox 1332 2639 1362 2665; x_wconf 83' lang='lat' dir='ltr'><strong>et</strong></span> <span class='ocrx_word' id='word_1_632' title='bbox 1372 2637 1515 2674; x_wconf 79' lang='lat' dir='ltr'><strong>impendo.</strong></span> <span class='ocrx_word' id='word_1_633' title='bbox 1542 2635 1639 2673; x_wconf 84' lang='lat' dir='ltr'><strong>Illud,</strong></span> 
     </span>
     <span class='ocr_line' id='line_1_109' title="bbox 889 2676 1639 2719; baseline 0.004 -13"><span class='ocrx_word' id='word_1_634' title='bbox 889 2677 974 2717; x_wconf 87' lang='lat' dir='ltr'><strong>quod</strong></span> <span class='ocrx_word' id='word_1_635' title='bbox 992 2677 1090 2707; x_wconf 90' lang='lat' dir='ltr'><strong>etiam</strong></span> <span class='ocrx_word' id='word_1_636' title='bbox 1106 2676 1141 2707; x_wconf 90' lang='lat' dir='ltr'><strong>in</strong></span> <span class='ocrx_word' id='word_1_637' title='bbox 1157 2676 1229 2707; x_wconf 89' lang='lat' dir='ltr'><strong>edd.</strong></span> <span class='ocrx_word' id='word_1_638' title='bbox 1253 2677 1384 2708; x_wconf 84' lang='lat' dir='ltr'><strong>Venett.</strong></span> <span class='ocrx_word' id='word_1_639' title='bbox 1400 2677 1571 2719; x_wconf 84' lang='lat' dir='ltr'><strong>reperitur,</strong></span> <span class='ocrx_word' id='word_1_640' title='bbox 1586 2678 1639 2710; x_wconf 85' lang='lat' dir='ltr'><strong>vi-</strong></span> 
     </span>
     <span class='ocr_line' id='line_1_110' title="bbox 889 2719 1639 2762; baseline 0.001 -12"><span class='ocrx_word' id='word_1_641' title='bbox 889 2720 984 2750; x_wconf 90' lang='lat' dir='ltr'><strong>detur</strong></span> <span class='ocrx_word' id='word_1_642' title='bbox 1006 2719 1113 2759; x_wconf 81' lang='lat' dir='ltr'><strong>signif.</strong></span> <span class='ocrx_word' id='word_1_643' title='bbox 1141 2721 1216 2749; x_wconf 86' lang='lat' dir='ltr'><strong>clam</strong></span> <span class='ocrx_word' id='word_1_644' title='bbox 1232 2725 1358 2759; x_wconf 77' lang='lat' dir='ltr'><strong>argento</strong></span> <span class='ocrx_word' id='word_1_645' title='bbox 1378 2730 1545 2761; x_wconf 77' lang='lat' dir='ltr'><strong>emungere,</strong></span> <span class='ocrx_word' id='word_1_646' title='bbox 1566 2731 1639 2762; x_wconf 75' lang='lat' dir='ltr'><strong>sup-</strong></span> 
     </span>
     <span class='ocr_line' id='line_1_111' title="bbox 887 2761 1638 2804; baseline 0.004 -13"><span class='ocrx_word' id='word_1_647' title='bbox 887 2763 1008 2802; x_wconf 79' lang='lat' dir='ltr'><strong>pilare,-</strong></span> <span class='ocrx_word' id='word_1_648' title='bbox 1032 2771 1051 2791; x_wconf 90' lang='lat' dir='ltr'><strong>a</strong></span> <span class='ocrx_word' id='word_1_649' title='bbox 1066 2763 1199 2792; x_wconf 80' lang='lat' dir='ltr'><strong>mantica</strong></span> <span class='ocrx_word' id='word_1_650' title='bbox 1211 2774 1222 2792; x_wconf 89' lang='lat'><strong>.·</strong></span> <span class='ocrx_word' id='word_1_651' title='bbox 1247 2761 1286 2792; x_wconf 91' lang='lat' dir='ltr'><strong>cf.</strong></span> <span class='ocrx_word' id='word_1_652' title='bbox 1313 2761 1416 2792; x_wconf 87' lang='lat' dir='ltr'><strong>Plaut.</strong></span> <span class='ocrx_word' id='word_1_653' title='bbox 1437 2762 1531 2804; x_wconf 80' lang='lat' dir='ltr'><strong>Capt.</strong></span> <span class='ocrx_word' id='word_1_654' title='bbox 1546 2762 1590 2794; x_wconf 79' lang='lat' dir='ltr'><strong>iv.</strong></span> <span class='ocrx_word' id='word_1_655' title='bbox 1608 2765 1638 2794; x_wconf 80' lang='lat'><strong>2.</strong></span> 
     </span>
     <span class='ocr_line' id='line_1_112' title="bbox 899 2803 1639 2845; baseline 0.003 -10"><span class='ocrx_word' id='word_1_656' title='bbox 899 2805 968 2835; x_wconf 85' lang='lat'><strong>116.</strong></span> <span class='ocrx_word' id='word_1_657' title='bbox 996 2804 1126 2834; x_wconf 80' lang='lat' dir='ltr'><strong>Eaedem</strong></span> <span class='ocrx_word' id='word_1_658' title='bbox 1143 2803 1215 2834; x_wconf 85' lang='lat' dir='ltr'><strong>edd.</strong></span> <span class='ocrx_word' id='word_1_659' title='bbox 1228 2804 1334 2845; x_wconf 85' lang='lat' dir='ltr'><strong>ipsum</strong></span> <span class='ocrx_word' id='word_1_660' title='bbox 1346 2804 1466 2835; x_wconf 86' lang='lat' dir='ltr'><strong>habent</strong></span> <span class='ocrx_word' id='word_1_661' title='bbox 1476 2806 1639 2845; x_wconf 69' lang='lat' dir='ltr'><strong>impendo).</strong></span> 
     </span>
     <span class='ocr_line' id='line_1_113' title="bbox 894 2845 1640 2887; baseline 0.001 -9"><span class='ocrx_word' id='word_1_662' title='bbox 894 2845 997 2886; x_wconf 81' lang='lat' dir='ltr'><strong>Saepe]</strong></span> <span class='ocrx_word' id='word_1_663' title='bbox 1028 2846 1210 2887; x_wconf 78' lang='lat' dir='ltr'><strong>Expletivae</strong></span> <span class='ocrx_word' id='word_1_664' title='bbox 1231 2846 1477 2887; x_wconf 79' lang='lat' dir='ltr'><strong>significationis</strong></span> <span class='ocrx_word' id='word_1_665' title='bbox 1498 2854 1557 2878; x_wconf 85' lang='lat' dir='ltr'><strong>est.</strong></span> <span class='ocrx_word' id='word_1_666' title='bbox 1597 2849 1640 2879; x_wconf 93' lang='lat' dir='ltr'><strong>D.</strong></span> 
     </span>
     <span class='ocr_line' id='line_1_114' title="bbox 893 2889 1641 2932; baseline 0.005 -14"><span class='ocrx_word' id='word_1_667' title='bbox 893 2889 1057 2923; x_wconf 80' lang='lat' dir='ltr'><strong>-Quibus</strong></span> <span class='ocrx_word' id='word_1_668' title='bbox 1086 2894 1116 2919; x_wconf 80' lang='lat' dir='ltr'><strong>et</strong></span> <span class='ocrx_word' id='word_1_669' title='bbox 1138 2899 1170 2919; x_wconf 85' lang='lat' dir='ltr'><strong>re</strong></span> <span class='ocrx_word' id='word_1_670' title='bbox 1192 2890 1278 2920; x_wconf 82' lang='lat' dir='ltr'><strong>salva</strong></span> <span class='ocrx_word' id='word_1_671' title='bbox 1298 2893 1329 2920; x_wconf 82' lang='lat' dir='ltr'><strong>et</strong></span> <span class='ocrx_word' id='word_1_672' title='bbox 1350 2889 1492 2931; x_wconf 71' lang='lat' dir='ltr'><strong>perdita]</strong></span> <span class='ocrx_word' id='word_1_673' title='bbox 1535 2891 1641 2932; x_wconf 88' lang='lat' dir='ltr'><strong>Supra</strong></span> 
     </span>
     <span class='ocr_line' id='line_1_115' title="bbox 894 2930 1681 2973; baseline 0.003 -11"><span class='ocrx_word' id='word_1_674' title='bbox 894 2931 1022 2962; x_wconf 84' lang='lat' dir='ltr'><strong>dixerat</strong></span> <span class='ocrx_word' id='word_1_675' title='bbox 1036 2930 1089 2962; x_wconf 88' lang='lat' dir='ltr'><strong>hic</strong></span> <span class='ocrx_word' id='word_1_676' title='bbox 1104 2931 1265 2972; x_wconf 81' lang='lat' dir='ltr'><strong>parasitus</strong></span> <span class='ocrx_word' id='word_1_677' title='bbox 1279 2931 1320 2963; x_wconf 83' lang='lat' dir='ltr'><strong>de</strong></span> <span class='ocrx_word' id='word_1_678' title='bbox 1332 2931 1406 2969; x_wconf 79' lang='lat' dir='ltr'><strong>alio,</strong></span> <span class='ocrx_word' id='word_1_679' title='bbox 1417 2934 1522 2963; x_wconf 69' lang='lat' dir='ltr'><strong>itidem</strong></span> <span class='ocrx_word' id='word_1_680' title='bbox 1536 2937 1641 2973; x_wconf 78' lang='lat' dir='ltr'><strong>patria</strong></span> <span class='ocrx_word' id='word_1_681' title='bbox 1678 2955 1681 2957; x_wconf 90' lang='lat'><em>-</em></span> 
     </span>
     <span class='ocr_line' id='line_1_116' title="bbox 895 2974 1642 3014; baseline 0.004 -11"><span class='ocrx_word' id='word_1_682' title='bbox 895 2976 948 3014; x_wconf 85' lang='lat' dir='ltr'><strong>qui</strong></span> <span class='ocrx_word' id='word_1_683' title='bbox 969 2975 1171 3014; x_wconf 75' lang='lat' dir='ltr'><strong>abligurierat</strong></span> <span class='ocrx_word' id='word_1_684' title='bbox 1198 2976 1282 3006; x_wconf 81' lang='lat' dir='ltr'><strong>bona.</strong></span> <span class='ocrx_word' id='word_1_685' title='bbox 1329 2974 1424 3006; x_wconf 88' lang='lat' dir='ltr'><strong>Unde</strong></span> <span class='ocrx_word' id='word_1_686' title='bbox 1446 2981 1479 3006; x_wconf 84' lang='lat' dir='ltr'><strong>et</strong></span> <span class='ocrx_word' id='word_1_687' title='bbox 1501 2986 1535 3006; x_wconf 85' lang='lat' dir='ltr'><strong>se</strong></span> <span class='ocrx_word' id='word_1_688' title='bbox 1558 2976 1642 3006; x_wconf 83' lang='lat' dir='ltr'><strong>bona</strong></span> 
     </span>
    </p>
   </div>
  </div>
 </body>
</html>
