1852 3216
80 133 219 164 scena
242 118 359 176 vnn]

672 119 1021 165 ADELPHI.

1528 121 1612 165 457

135 210 401 253 Faciundum
422 219 513 253 est:
546 226 625 267 pro
655 219 780 268 patre
806 212 906 255 huic
933 220 1022 255 est:
1055 213 1314 255 bonusest:
1346 217 1493 254 noster
1513 219 1608 254 est:

219 283 335 318 recte
356 276 496 319 datur.

135 341 361 384 Postremo
381 357 467 383 non
487 357 626 385 meum
646 343 751 386 illud
771 344 949 387 verbum
969 343 1094 394 facio,
1112 344 1230 399 quod
1250 350 1313 395 tu,
1334 342 1491 394 Micio,-

78 414 120 444 30
136 406 258 449 Bene
276 415 321 450 et
340 409 556 463 sapienter
577 410 686 451 dixti
706 410 885 461 dudum,
902 410 1068 453 Vitium
1084 422 1307 452 commune
1326 408 1512 452 omnium
1527 415 1610 458 est,

135 470 269 520 Quod
296 473 468 515 ni1nium
489 475 544 516 ad
572 487 661 517 rem
681 475 724 517 in
745 483 918 518 senecta
938 475 1091 517 attenti
1120 490 1293 517 sumus:
1325 474 1436 516 hanc
1462 487 1607 515 macu-

219 537 302 580 lam
322 554 400 581 nos
421 540 548 582 decet

134 602 345 658 Effugere
362 620 372 646 ε
404 605 566 647 dictum
585 613 652 648 est
671 621 785 658 vere,
807 613 851 649 et
870 621 918 648 re
937 606 1033 662 ipsa
1052 606 1148 648 fieri
1168 612 1355 662 oportet.

133 667 217 711 Ml.
247 669 367 718 Quid
398 671 523 713 istic?
554 671 743 723 dabitur,
775 672 1124 728 quandoquidem
1157 671 1228 714 hic
1258 670 1359 713 volt.
1411 669 1510 713 AEs.
1539 666 1607 711 Mi

218 743 356 791 pater.

133 798 223 842 DE.
258 800 391 843 Nunc
422 809 469 843 tu
500 801 601 843 mihi
634 817 681 844 es
711 815 939 858 germanus
972 804 1136 858 pariter
1166 817 1347 858 corpore
1375 808 1420 844 et
1450 801 1604 843 animo.

218 863 303 906 M1.
327 864 528 907 Gaudeo.

75 936 115 967 35
133 927 222 972 ΒΕ.
246 929 336 972 Suo
357 931 436 972 sibi
457 929 601 986 gladio
620 930 735 974 hunc
749 931 919 988 jugula

321 1093 575 1143 ACTUS
623 1095 910 1151 QUINTI
961 1095 1217 1146 SCENA
1261 1096 1350 1145 IX.

387 1221 549 1254 SYRUS.
596 1221 780 1255 DEMEA.
829 1223 982 1255 MlClo.
1030 1223 1287 1256 AESCHINUS.

127 1302 318 1346 Fac‘rtm
339 1312 420 1355 est,
441 1305 559 1360 quod
574 1306 699 1361 justi,
722 1305 903 1347 Demea.

117 1404 168 1434 28.
186 1405 291 1435 Bonus
312 1409 358 1435 est
369 1417 379 1435 .-
402 1410 504 1436 uoster
515 1410 581 1436 est.-
603 1410 684 1436 reete
703 1404 814 1447 datur]

74 1445 327 1487 Ἐπιτροχασμὸς
362 1447 531 1485 hortantis,
569 1454 602 1479 et
644 1446 817 1480 &meror

74 1489 176 1521 multa
212 1490 426 1531 conger-entis.
471 1492 574 1522 Bonus
602 1491 665 1533 est]
704 1491 816 1523 Potuit

170 1532 272 1570 ueteri,
294 1535 370 1574 qaid
388 1537 480 1565 mea?
509 1535 613 1566 Bonus
628 1539 695 1566 est.-
715 1541 817 1566 neuter

72 1581 119 1606 est
161 1576 243 1607 Haec
264 1576 374 1607 omnia
394 1576 553 1615 vultuose,
580 1583 734 1619 tanquam
763 1577 814 1609 in-

72 1618 194 1650 vidiam
223 1619 429 1661 parsimoniae
453 1620 550 1651 faciat
577 1620 725 1652 Micioni.
771 1621 817 1652 Et

72 1661 147 1703 plus
170 1662 332 1704 significat
358 1668 468 1702 noster,
494 1674 590 1704 quam
614 1663 642 1695 si
668 1663 815 1702 addatur,

72 1707 148 1746 quid
165 1709 289 1737 noster?
326 1708 439 1738 Noster
467 1706 530 1748 eet]
561 1707 651 1738 Bene
680 1707 813 1739 addidit.

74 1747 224 1789 Namque
246 1749 340 1786 dixit,
359 1761 417 1790 pro
432 1755 524 1790 patre
543 1752 613 1782 huic
630 1756 685 1782 est.
723 1753 817 1783 Recte

72 1791 182 1833 datur]
206 1792 307 1828 Quasi
329 1803 395 1824 non
416 1799 588 1834 quaeratur,
611 1804 653 1825 an
674 1794 817 1826 dandum

73 1834 136 1870 sit3
159 1836 218 1866 aed
233 1835 314 1867 illud
329 1836 444 1874 solum,
457 1846 498 1867 an
514 1842 602 1868 recte.
636 1837 678 1868 D.

117 1879 169 1910 29.
186 1880 258 1910 Non
268 1890 364 1910 meum
378 1881 457 1910 illud
470 1879 701 1922 verbumsaeio]
719 1881 816 1912 Nunc

72 1923 194 1953 verbum
222 1932 283 1964 pro
313 1921 461 1962 ἀξιώματι
489 1923 607 1964 posuit,
637 1923 723 1965 quod
750 1934 817 1956 uno

72 1964 244 2006 stringitur
273 1966 380 1997 verbo.
430 1966 519 2007 Ergo
548 1968 678 2004 verbum,
709 1967 816 1999 brevis

72 2008 244 2040 sententia.
288 2010 360 2040 Non
374 2021 469 2040 meum
484 2011 564 2041 illud
577 2012 699 2042 verbum
710 2009 814 2052 sacia]

74 2051 163 2083 Nota
180 2054 312 2090 verbum,
327 2063 388 2094 pro
410 2055 570 2090 sententia,
587 2059 633 2090 ut,
656 2065 715 2085 uno
728 2056 817 2085 verbo

72 2096 132 2132 die,
151 2097 181 2126 et*
194 2098 270 2136 qnid
282 2101 329 2127 eet
342 2098 422 2137 quod
434 2107 480 2127 me
494 2098 576 2128 velis.
606 2097 660 2135 Et,
676 2099 816 2129 miseran

71 2140 142 2169 ne!
171 2140 251 2180 qnod
271 2141 393 2170 verbum
416 2141 533 2171 audio?
567 2141 696 2172 Verbum
721 2140 815 2179 dixit,

72 2190 183 2213 veram
208 2183 414 2214 senteutiam.
468 2183 554 2214 Nam
579 2185 671 2215 verba
698 2194 769 2215 esse
796 2194 816 2215 a

72 2224 209 2256 veritate
224 2225 320 2263 dicta,
332 2232 470 2258 testatur
485 2227 598 2258 Varro.
632 2227 816 2263 D.—Quod

72 2266 253 2300 Palma-ius
263 2275 298 2300 et
307 2269 503 2301 Gulielmius
513 2269 591 2301 olim
601 2271 816 2311 conjecerant,

72 2311 227 2343 Postremo
239 2323 319 2343 nm
334 2324 430 2344 meum
439 2326 451 2349 ,·
473 2312 508 2344 id
522 2313 607 2344 clare
627 2313 725 2345 habet
748 2314 815 2345 Re-

72 2351 147 2394 gius
173 2355 371 2387 chartaceus
401 2366 443 2388 ex
472 2356 646 2388 veterrimo
677 2357 816 2398 quodam

74 2397 295 2439 mmeriptua.
328 2398 447 2430 Recte:
471 2406 504 2430 et
518 2399 638 2431 frustra
651 2407 815 2442 receptam

74 2439 236 2480 explicare
248 2448 415 2473 conantur.
448 2443 486 2473 B.

117 2483 169 2513 31.
194 2483 286 2515 Hane
315 2487 462 2516 maculam
487 2498 540 2518 noe
561 2488 646 2518 decet
666 2485 815 2527 effugere]

75 2525 230 2556 Maculam
242 2528 288 2566 τῷ
299 2531 473 2568 χλευασμῷ·
486 2529 580 2567 dixit,
593 2529 733 2561 irridens
744 2530 815 2571 opi·

74 2567 207 2599 nionem
217 2568 388 2602 Micionis:
411 2571 488 2612 quia
498 2572 738 2614 parsimoniam,
750 2584 814 2604 ma-

74 2613 173 2642 culam
194 2618 297 2653 putet.
343 2613 388 2644 Et
407 2613 503 2646 simul
525 2615 626 2653 auxit,
647 2615 754 2658 primo
768 2619 814 2647 vi-

74 2656 159 2691 tium,
175 2654 293 2686 deinde
307 2658 454 2688 maculam
464 2657 610 2690 dicendo.
644 2659 685 2689 D.

118 2698 170 2728 32.
188 2697 358 2730 Ordinatio
374 2709 523 2731 versuum
538 2700 664 2738 horum,
680 2711 752 2742 quae
766 2708 818 2733 est

72 2740 160 2782 apud
170 2741 345 2772 Lindenbr.
356 2748 519 2774 auctorem
532 2743 630 2775 habet
644 2744 815 2776 Faernum.

74 2783 144 2815 Nos
174 2783 304 2825 quidem
331 2785 418 2816 hunc
447 2785 594 2818 ordinem
623 2787 814 2818 statuimus:

73 2827 240 2868 Effugere.-
263 2830 377 2859 dictam
397 2834 443 2859 en
461 2840 539 2865 vere,
559 2835 590 2860 et
608 2840 642 2861 re
663 2832 730 2870 ipsa
746 2832 817 2870 fieri

72 2876 196 2910 oportet,
220 2872 324 2902 Μίείο.
354 2870 359 2913 Ι
386 2871 449 2902 Μι.
477 2874 559 2905 Quid
578 2875 671 2904 istic?
692 2874 819 2904 dabitur

74 2915 202 2953 quidem,
225 2916 344 2955 quando
365 2917 414 2945 hic
436 2917 504 2946 volt.
550 2915 623 2946 AES.
646 2917 697 2947 Ma·
714 2921 814 2956 pater.

78 2955 142 2988 DE.
171 2958 262 2988 Num·
286 2963 317 2988 tn
344 2960 426 2995 milei,
447 2956 453 3000 Ι
473 2959 576 2996 Micio,
601 2970 632 2990 es
654 2970 817 3000 germanus

856 1406 977 1446 pariter
1004 1408 1104 1437 animo
1130 1417 1168 1437 ac
1189 1416 1320 1446 corpore.
1378 1405 1443 1437 Mt.
1470 1407 1604 1438 Gaudeo.

860 1449 947 1480 Nam
970 1448 1004 1480 in
1026 1449 1132 1491 primo
1154 1459 1250 1480 versu
1268 1447 1390 1480 excidit
1410 1450 1514 1487 Micio,
1530 1450 1607 1490 quia

859 1493 1052 1533 sequebatur
1066 1491 1179 1523 eadem
1194 1502 1275 1523 vox:
1300 1498 1334 1523 et
1348 1491 1383 1523 in
1398 1502 1495 1524 versu
1507 1492 1604 1524 tertio

859 1537 956 1566 Micio
975 1546 994 1566 a
1017 1535 1220 1577 praecedente
1235 1536 1317 1566 Mihi
1335 1536 1523 1577 absorptum
1545 1542 1605 1568 est.

862 1578 998 1616 Quidem,
1014 1580 1134 1620 quando
1147 1578 1240 1609 codd.
1260 1588 1436 1610 consensus
1455 1589 1604 1620 compro-

860 1622 922 1653 bat.
969 1622 1092 1653 Omnes
1109 1621 1194 1659 libri,
1211 1628 1328 1663 praeter
1347 1631 1448 1652 unum
1466 1631 1605 1663 eumque

859 1664 1064 1702 mediocrem,
1079 1665 1200 1696 habent
1214 1667 1314 1696 animo
1326 1670 1357 1696 et
1471 1676 1498 1696 e.
1521 1665 1604 1696 Sen—

859 1708 962 1739 tentia
981 1714 1089 1739 autem
1111 1707 1255 1750 postulat
1273 1719 1310 1739 ac
1323 1718 1384 1750 pro
1398 1713 1437 1739 et.
1483 1708 1606 1740 Sensus

860 1751 948 1782 enim
972 1757 1038 1782 est:
1062 1763 1150 1789 nunc,
1176 1761 1251 1782 cum
1272 1751 1334 1782 hoc
1355 1761 1375 1782 a
1398 1758 1431 1782 te
1454 1750 1604 1793 impetro,

859 1804 933 1825 cum
960 1794 1137 1826 liberaliter
1160 1799 1194 1825 et
1222 1794 1363 1835 benigne
1388 1793 1485 1830 facim
1517 1804 1604 1825 nuno

859 1837 981 1879 pariter
995 1838 1105 1869 animo
1120 1837 1200 1869 mihi
1215 1847 1388 1878 germanus
1404 1847 1448 1875 es,
1464 1847 1502 1868 ac
1517 1847 1603 1869 sem·

859 1891 919 1923 per
930 1891 1065 1923 corpore
1080 1880 1179 1912 fuisti.
1211 1881 1249 1911 B.

903 1925 954 1955 35.
971 1925 1031 1956 Suo
1050 1926 1110 1955 ribi
1133 1926 1211 1955 hunc
1222 1925 1327 1964 gladio
1334 1922 1464 1964 jugulo]
1480 1921 1603 1961 Ἀλλη-

859 1967 960 2008 γορία.
984 1968 1030 1999 Et
1044 1978 1109 1998 non
1123 1969 1192 2004 Suo,
1205 1966 1262 1998 sed
1275 1968 1335 1998 Suo
1346 1968 1416 2003 sibi,
1428 1966 1603 2004 moraliter,

860 2017 893 2042 et
917 2018 954 2042 ut
976 2017 1103 2042 veteres
1126 2010 1233 2042 solent
1251 2008 1349 2050 loqui.
1381 2008 1530 2040 D.—Suo
1543 2011 1605 2041 eibi

858 2054 963 2095 gladio
976 2056 1055 2085 hanc
1067 2052 1196 2094 jugulo]
1224 2053 1336 2094 Ipsum
1355 2063 1414 2084 suo
1428 2051 1536 2094 gladio
1550 2052 1602 2084 in-

858 2097 994 2135 terficio,
1017 2097 1093 2138 quia
1113 2098 1183 2138 ipse
1205 2096 1266 2127 hoc
1289 2095 1382 2133 dixit,
1406 2095 1493 2127 unde
1515 2105 1603 2127 nunc

859 2140 1009 2172 vincitur.
1040 2141 1184 2171 E.—Suo
1198 2141 1258 2171 sibu·
1269 2138 1392 2180 gladia]
1409 2138 1522 2170 Simile
1535 2138 1604 2170 fere

858 2183 940 2215 illud
960 2183 1047 2225 apud
1066 2183 1162 2214 Treb.
1180 2182 1317 2214 Pollion.
1332 2181 1368 2213 in
1384 2181 1509 2214 Mario:
1533 2184 1603 2213 Ad-

858 2229 972 2258 didisse
993 2229 1057 2258 hoec
1071 2228 1163 2258 verba
1185 2227 1301 2257 dicitur
1320 2229 1495 2256 interemat
1506 2238 1517 2256 .·
1539 2226 1604 2257 Hie

859 2276 906 2302 est
916 2272 1051 2311 gladius,
1067 2281 1153 2311 quem
1168 2271 1232 2309 ipse
1244 2268 1363 2310 fecisti.
1410 2268 1603 2309 Hieronym.

860 2314 964 2355 Epist.
981 2313 1022 2344 ad
1040 2313 1215 2354 Magnum:
1240 2313 1338 2343 Juxta
1345 2309 1476 2352 fabulas
1494 2317 1603 2352 poeta-

858 2368 936 2394 rum,
951 2368 1005 2388 suo
1026 2367 1058 2388 se
1079 2367 1148 2387 ense
1171 2356 1325 2386 laceravit.
1370 2354 1508 2386 Variam
1524 2364 1603 2387 vero

859 2400 970 2441 scripti
987 2399 1132 2430 Terentii
1149 2397 1240 2430 codd.
1253 2407 1389 2439 quorum
1401 2407 1604 2440 parsmagna

859 2443 906 2474 sic
921 2443 1035 2474 habet:
1062 2444 1196 2478 Gaudeo,
1211 2447 1242 2472 et
1262 2452 1315 2472 mo
1333 2442 1440 2481 gladio
1453 2443 1532 2472 hune
1542 2441 1602 2482 ja-

880 2488 938 2517 ulo.
970 2486 1007 2517 L.

856 2497 879 2527 g
905 2530 930 2560 1.
949 2531 1077 2560 Factum
1092 2534 1137 2560 est
1153 2527 1331 2569 quodjastt',
1344 2526 1475 2568 Demea]
1491 2527 1531 2559 Id
1541 2533 1602 2566 est,

858 2572 966 2604 diruta
995 2579 1046 2603 est
1075 2571 1223 2603 maceria.
1269 2570 1484 2602 D.—Ruraus
1514 2570 1603 2603 aliud

858 2621 1070 2657 praestaturus
1084 2625 1203 2646 munus
1277 2619 1289 2644 t
1301 2613 1486 2655 Hegionem
1498 2623 1602 2652 servo,

859 2658 929 2690 vult
952 2659 1068 2699 Syrum
1093 2659 1190 2689 etiam
1230 2657 1365 2688 iberum.
1419 2656 1603 2699 Implentur

859 2701 1079 2732 deliberativae
1098 2706 1216 2742 partes.
1260 2699 1463 2741 Quamquam
1477 2699 1602 2732 merit‘n

858 2752 968 2786 partes
980 2754 1055 2775 suas
1070 2742 1227 2784 (Namque
1240 2745 1350 2774 merita
1361 2753 1419 2784 per
1428 2748 1535 2784 panes
1544 2754 1603 2777 ua

861 2787 916 2827 Z.)
954 2797 1067 2819 servus
1097 2785 1294 2827 exsequitur,
1326 2785 1413 2827 quod
1444 2796 1547 2828 tuque
1581 2796 1603 2820 a

859 2830 970 2872 pueris
991 2830 1102 2860 ambos
1123 2828 1286 2861 curaverit
1306 2828 1428 2868 sedulo,
1445 2829 1602 2868 docimi-it,

861 2873 1033 2909 monuerit,
1056 2872 1141 2914 quod
1163 2873 1245 2904 bene
1266 2872 1465 2915 praeeeperit.
1511 2873 1600 2905 Huic

860 2916 907 2947 rei
923 2926 982 2958 per
996 2915 1178 2948 irrisionem
1194 2915 1383 2957 adJungitur
1394 2916 1492 2948 etiam
1509 2916 1601 2954 illud,

860 2959 944 3000 quod
960 2959 1164 2991 obsonaverit
1183 2969 1256 2991 cum
1272 2958 1346 2998 fide,
1357 2958 1443 3001 quod
1457 2959 1600 2992 adduxe·

1028 3003 1046 3032 3
1065 3011 1086 3032 x
