1852 3216
624 114 707 154 DE
734 113 1077 155 TERENTIO.
1480 119 1621 158 xxxvii

95 201 158 239 Ita
169 213 262 239 sane
274 209 315 238 et
329 199 442 239 Plato
455 209 495 239 et
509 199 740 252 Xenophon,
755 214 965 251 omnesque
981 199 1167 239 Socratici
1178 199 1373 251 jocantur.
1410 201 1620 253 Nunquam

92 253 244 305 frigide,
263 267 461 305 nunqnam
481 256 678 299 obscoene,
698 268 894 306 nunquam
913 255 1055 305 inepte,
1076 267 1272 304 nunquam
1291 254 1440 306 putide.
1479 255 1621 294 Videa-

93 321 179 348 mus
191 307 273 358 jam
293 307 473 346 Plautina
490 309 685 359 quaedam.
734 309 793 347 Ac
810 308 1041 347 Plutarchus
1057 308 1213 359 quidem
1233 308 1329 346 illud
1350 318 1531 359 tanquam
1551 310 1621 348 fri-

91 361 225 413 gidum
239 375 290 399 ex
305 362 574 413 Aristophanis
589 362 1004 414 Thesmophoriazusis
1017 362 1066 400 de
1080 362 1278 414 Euripidis
1293 372 1417 401 matre
1436 363 1619 402 adducit:

190 428 317 476 Ἀγρια
334 430 402 476 γὰρ
417 429 522 474 ἡμεῖς,
543 425 571 463 α’)
587 432 753 477 γυναῖκες,
772 431 836 477 δρᾷ
855 431 950 471 κακὰ,

190 481 267 518 'Ar'
284 483 319 518 ἐν
337 483 488 530 ἀγρίοισι
506 484 669 530 λαχάνοις
685 485 786 521 αὐτὸς
804 484 960 531 τραφείς.

92 543 166 582 Cui
185 543 292 589 illud,
314 545 491 595 quamvis
510 558 585 583 non
605 546 644 583 in
663 545 778 583 simili
797 546 955 584 omnino
973 558 1127 597 genere,
1147 545 1336 597 adjungas
1354 545 1469 585 licet:

207 605 302 642 Nam
319 608 446 642 mulier
461 607 581 643 olitori
596 620 780 652 nunquam
797 608 985 654 supplicat,
1005 608 1036 643 si
1052 620 1122 655 qua
1137 614 1191 643 est
1207 608 1320 643 mala:

205 653 319 690 Domi
333 654 441 691 habet
456 654 603 691 hortum
619 662 654 691 et
671 655 899 692 condimenta
914 655 959 691 ad
975 667 1100 691 omnes
1116 667 1234 692 mores
1250 655 1444 692 maleficos.

91 712 284 751 Rhetores
312 716 502 762 θυμελικὸν,
532 715 614 752 sive
642 714 841 759 theatrale,
865 723 1063 753 vocarent.
1113 714 1336 754 Ridiculum
1361 715 1463 753 enim
1488 715 1619 767 potius

91 780 207 819 quam
225 768 407 806 festivum
425 778 510 806 est:
539 777 579 806 et
597 777 640 806 ut
659 769 709 806 sit
723 765 917 813 festivum,
933 782 1058 814 nemo,
1076 782 1166 807 vere
1180 769 1219 806 in
1236 769 1296 806 his
1313 770 1510 815 subactus,
1530 770 1620 808 dix-

91 821 166 860 erit
185 832 391 860 venustum
409 835 493 860 esse
510 836 519 860 :
550 824 598 860 ab
619 837 693 861 usu
713 823 814 860 enim
836 837 951 874 quam
971 822 1194 874 longissime
1211 833 1402 861 remotum
1421 833 1493 861 est.
1530 823 1620 863 Jam

91 888 185 913 vero
212 889 300 914 cum
329 876 367 913 in
396 876 525 914 verbis
554 876 736 927 frigidum
760 886 828 914 aut
852 877 891 914 in
915 877 1056 922 rebus;
1087 877 1135 914 de
1156 877 1286 914 verbis
1305 877 1549 924 Aristoteles,
1569 878 1619 916 de

91 930 208 967 rebus
227 929 290 968 alii
308 939 484 980 egerunt.
533 930 733 982 Frigidum
752 940 881 968 autem
896 930 978 981 jam
1001 944 1199 974 vocamus,
1225 944 1300 968 non
1325 931 1619 983 magniloquen-

93 983 159 1021 tiae
187 983 356 1021 vicinum
386 983 481 1022 illud
509 984 646 1022 vitium
675 984 913 1035 (quanquam
942 984 1038 1022 illud
1066 998 1221 1035 quoque
1246 985 1390 1024 habere
1409 985 1471 1023 hic
1489 985 1620 1024 locum

90 1036 237 1088 potest)
256 1037 361 1088 quod
380 1037 579 1076 discedere
598 1039 648 1076 ab
666 1039 884 1076 urbanitate
907 1038 1061 1076 dicitur.
1110 1038 1244 1084 Quod,
1266 1048 1308 1076 ut
1327 1039 1499 1077 nonnihil
1517 1053 1540 1077 a
1559 1039 1619 1077 di-

90 1091 201 1130 cendi
220 1091 283 1129 hic
302 1092 496 1143 magistris
515 1094 711 1137 abeamus,
733 1092 858 1130 modis
879 1092 923 1130 fit
942 1092 1131 1143 pluribus.
1177 1091 1252 1130 Vel
1271 1093 1311 1131 in
1331 1093 1474 1144 frigida
1493 1102 1617 1132 trans-

89 1143 254 1183 latione:
283 1155 326 1183 ut
346 1159 435 1184 cum
454 1146 591 1184 dentes
609 1147 767 1184 calceati
785 1146 980 1185 dicuntur.
1028 1145 1141 1198 Capt.

206 1206 300 1243 Cum
317 1209 479 1244 calceatis
495 1208 662 1244 dentibus
678 1209 818 1244 veniam
834 1214 965 1244 tamen.

91 1266 145 1305 Et
162 1281 250 1306 cum
265 1268 391 1306 victus
410 1268 544 1306 semeis
560 1269 699 1306 esitare
716 1277 754 1306 et
774 1281 987 1320 scruposam
1002 1268 1100 1305 viam
1114 1281 1316 1306 commeare
1330 1268 1483 1307 dicitur.
1514 1269 1618 1312 Quae

90 1334 182 1359 sane
199 1321 354 1372 frigent.
384 1321 459 1360 Vel
474 1322 512 1360 in
528 1323 696 1360 minimis
707 1322 970 1360 allusiunculis
990 1331 1029 1360 et
1047 1321 1162 1372 longe
1182 1323 1328 1373 petitis.
1358 1322 1415 1362 Ut
1429 1323 1618 1362 Poenulo:

207 1383 278 1419 M1.
296 1388 431 1419 Assum
447 1384 541 1431 apud
558 1392 594 1420 te
610 1397 746 1420 eccum.
788 1387 862 1420 Aa.
879 1385 930 1420 At
945 1396 1013 1431 ego
1030 1385 1142 1420 elixus
1159 1385 1207 1419 sis
1224 1385 1320 1420 volo.

94 1442 147 1481 Et
166 1443 271 1494 quod
289 1444 344 1482 illi
363 1444 508 1496 placuit
526 1458 603 1483 non
622 1444 763 1483 semel:

601 1508 715 1554 magis
732 1508 842 1542 calleo
858 1519 966 1554 quam
982 1519 1182 1553 aprugnum
1200 1508 1330 1542 callum
1346 1508 1461 1543 callet.

93 1555 205 1601 Item,
601 1608 731 1643 callum
747 1620 948 1654 aprugnum
964 1620 1064 1655 aeque
1080 1608 1205 1643 callere
1223 1620 1298 1643 non
1315 1609 1443 1644 sinam.

94 1655 159 1747 Εἴ,
210 1707 354 1751 Quanta
367 1709 499 1765 sumini
514 1709 722 1752 absumedo,
741 1715 873 1757 quanta
889 1710 979 1744 callo
996 1709 1176 1745 calamitas
1190 1712 1199 1744 ἱ

96 1766 150 1805 Et
168 1766 323 1806 Curcul.

417 1819 522 1855 facite
538 1826 686 1855 ventum
701 1826 743 1855 ut
758 1820 943 1866 gaudeam.

184 1865 442 1948 Pmdlglgxrinniilei.
479 1867 550 1902 Cu.
568 1866 666 1910 Quid
681 1867 820 1903 facitis?
849 1879 982 1914 quaeso.
1020 1866 1090 1902 Pa.
1104 1866 1274 1902 Ventum.
1312 1866 1383 1903 Cu.
1402 1867 1501 1903 Nolo
1517 1868 1617 1917 equi-

185 1959 276 1995 Pieri
291 1962 488 1996 ventulum.
531 1960 600 1996 Pu.
620 1959 718 2004 Quid
733 1961 843 2007 igitur
858 1962 937 1996 vis?
976 1959 1047 1998 Cu.
1066 1960 1166 2003 Esse,
1184 1966 1226 1996 ut
1242 1966 1390 1997 ventum
1405 1961 1591 2008 gaudeam.

95 2027 204 2071 Quas
233 2042 319 2066 cum
348 2029 589 2079 grammatici
616 2027 757 2073 Latini,
787 2029 853 2079 qui
881 2029 995 2066 citius
1015 2028 1157 2066 coelum
1176 2028 1311 2080 digito,
1333 2038 1376 2067 ut
1395 2030 1448 2067 ita
1466 2029 1616 2082 loquar,

93 2091 393 2133 expugnassent,
415 2096 530 2133 quam
551 2092 595 2120 ut
613 2083 808 2120 minimam
826 2082 982 2120 Horatii
1002 2082 1116 2120 Oden
1134 2083 1430 2134 expressissent,
1448 2084 1618 2122 morolo-

95 2136 177 2187 gias
202 2137 241 2174 in
268 2135 410 2174 Plauto
438 2136 636 2181 dixerint3
681 2137 852 2174 nondum
882 2137 1007 2180 video,
1038 2150 1157 2187 quare
1186 2136 1365 2181 Horatio,
1395 2147 1438 2175 ut
1466 2152 1618 2176 summo

93 2190 339 2240 maximoque
358 2200 497 2240 poetae,
519 2191 572 2228 ita
590 2190 725 2228 critico
746 2190 1050 2241 incomparabili,
1072 2204 1186 2241 quem
1206 2200 1362 2229 acutum
1381 2191 1618 2242 doctumque

94 2244 220 2282 virum
247 2244 329 2295 ipse
352 2244 404 2282 D.
427 2243 689 2295 Hieronymus
710 2244 758 2282 ad
779 2244 1068 2282 Pammachium
1090 2245 1256 2289 vocavit,
1285 2245 1387 2282 idem
1417 2259 1493 2284 non
1521 2245 1618 2284 licu-

95 2298 179 2335 erit.
236 2297 333 2349 Ejus
361 2312 453 2336 sane
480 2298 631 2349 generis
659 2307 761 2342 sunt,
790 2312 879 2349 quae
908 2299 946 2336 in
974 2299 1235 2349 Aristophane
1263 2309 1431 2344 accusat,
1451 2313 1618 2350 quaeque

95 2351 260 2389 trivialia
276 2352 416 2403 potius,
436 2366 551 2402 quam
571 2362 614 2389 ut
633 2353 725 2390 viris
744 2352 917 2397 eruditis,
938 2353 1053 2390 etiam
1071 2353 1108 2390 in
1135 2366 1250 2391 scena
1274 2353 1426 2403 placere
1454 2363 1521 2392 aut
1549 2354 1617 2391 de·

94 2405 222 2450 beant,
249 2414 316 2444 aut
342 2406 503 2457 possint,
531 2416 734 2444 accuratus
762 2420 897 2445 censor
925 2406 1157 2444 Plutarchus
1179 2406 1382 2458 judicavit.
1430 2411 1493 2445 Καὶ
1511 2411 1578 2457 γὰρ
1595 2412 1617 2445 ὁ

95 2462 157 2507 μὲν
172 2461 369 2499 dvalona-os
387 2464 442 2498 καὶ
459 2460 659 2508 ἰδιώτης-ὀἷς
676 2463 799 2500 ἐκεῖνος
820 2464 915 2510 λέγει
932 2463 1121 2498 ἁλίσκεται·
1151 2465 1169 2498 ὁ
1189 2464 1226 2498 δὲ
1244 2464 1508 2509 πεπαιδευμένος
1529 2465 1617 2500 δυσ-

97 2517 241 2561 χερανεῖ.
287 2516 383 2563 Λέγω
401 2517 437 2552 δὲ
455 2518 497 2552 τὰ
514 2516 680 2559 ἀντίθετα,
701 2518 753 2552 καὶ
772 2519 986 2563 ὁμοόπταπα,
1012 2519 1065 2552 καὶ
1082 2519 1349 2564 παρονομασίας.
1395 2518 1535 2555 Τούτοις
1550 2519 1619 2566 γὰρ

98 2570 119 2603 ὁ
135 2570 198 2614 μὲν
213 2570 298 2614 μετὰ
313 2573 374 2605 τοῦ
389 2571 623 2617 προσήκοντος
637 2572 745 2618 λόγου
768 2572 820 2606 καὶ
843 2571 994 2618 ὀλιγάκις
1017 2573 1151 2618 χρῆται,
1172 2572 1363 2617 ἐπιμελείας
1388 2572 1473 2607 αὐτὰ
1499 2573 1618 2619 ἀξιῶν·

97 2623 118 2663 ὁ
135 2622 172 2657 δὲ
189 2623 364 2666 πολλάκις,
381 2626 436 2660 καὶ
453 2625 515 2660 οὐκ
531 2626 701 2672 εὐκαίρως,
726 2626 779 2660 καὶ
802 2626 961 2672 ψυχρῶς.
1019 2622 1070 2660 Et
1099 2623 1259 2660 adducit
1285 2622 1534 2674 exemplum:
1575 2633 1617 2662 ut

98 2686 198 2718 cum,
216 2676 296 2713 τοὺς
310 2678 439 2723 ταμίαις,
456 2679 579 2724 miae
597 2685 725 2714 vocat.
763 2676 863 2714 Nam
884 2691 973 2727 quae
993 2676 1056 2714 ille
1076 2676 1124 2713 de
1146 2675 1374 2721 Menandro,
1394 2677 1445 2715 ad
1468 2676 1615 2717 Teren-

99 2726 195 2770 tium
214 2727 293 2765 fere
307 2728 435 2767 omnia
448 2730 582 2768 referri
599 2739 782 2781 possunt;
812 2731 852 2768 in
871 2744 950 2781 quo
969 2729 1064 2768 nihil
1079 2730 1255 2781 putidum
1270 2741 1330 2768 est
1343 2739 1411 2769 aut
1425 2731 1613 2782 ineptum.

99 2779 345 2831 Quamquam
372 2782 493 2821 multa
519 2797 607 2834 quae
634 2785 794 2829 notavit,
822 2785 952 2835 potius
977 2784 1123 2834 antiqui
1146 2785 1281 2822 comici
1300 2785 1475 2830 virtutes,
1495 2799 1612 2835 quam

99 2833 202 2873 illius
220 2835 269 2872 de
287 2849 366 2886 quo
384 2836 436 2873 ibi
451 2836 653 2887 judicavit,
682 2839 775 2876 vitia
799 2838 990 2876 censenda
1016 2847 1117 2875 sunt.
1174 2837 1357 2890 Princeps
1385 2840 1485 2877 enim
1515 2840 1614 2878 inter

99 2887 187 2931 illos
213 2888 299 2934 suit,
327 2897 369 2927 et
391 2889 440 2928 ad
459 2889 566 2941 leges
581 2905 647 2931 eas
664 2891 779 2943 plane
797 2906 839 2930 se
859 2892 1090 2942 composuit.
1137 2890 1257 2936 Quod
1274 2892 1324 2930 de
1342 2892 1482 2931 Plauto
1501 2907 1616 2932 nemo

101 2940 216 2982 dicet.
263 2942 316 2983 Et
333 2951 393 2983 est
411 2942 606 2995 frigidum,
633 2946 739 2996 quod
767 2945 881 2997 longe
908 2947 958 2985 ab
985 2959 1033 2984 eo
1059 2946 1184 2992 abest,
1210 2946 1316 2997 quod
1343 2956 1411 2986 aut
1437 2960 1522 2986 esse
1549 2956 1618 2987 aut
