1852 3216
216 126 330 169 lxviii
563 125 646 166 DE
675 123 917 166 METRls
945 120 1403 163 TERENTIANIS.

218 211 396 257 candid·
412 212 538 266 magis
555 211 607 254 de
625 212 674 253 iis
696 210 851 264 judicat
878 209 1174 250 venustissimus
1194 208 1235 248 in
1255 208 1363 248 tenui
1387 206 1549 247 materia
1575 204 1756 257 scriptor,

217 266 475 308 Terentianus
494 266 672 314 Maurus,
691 279 732 319 p.
751 268 872 306 24³³.

546 327 723 376 Culpatur
737 333 859 366 antem
874 338 1000 364 versus
1015 326 1053 363 in
1069 325 1262 373 traqoedia's,

547 376 595 412 Et
611 387 712 412 rarus
727 375 836 411 intrat
852 386 896 411 ex
912 373 1039 410 iambis
1055 373 1223 409 omnibus
1238 387 1247 408 ε

550 422 604 460 Ut
618 424 679 459 ille
695 430 833 466 contra,
852 421 914 469 qui
930 420 1088 457 secundo
1105 427 1140 456 et
1155 419 1288 456 talibus

548 469 743 518 Spondeon
759 475 822 505 aut
837 480 946 516 quem
962 479 1166 514 comparem
1182 465 1365 512 receperit.

548 517 619 554 Sed
636 517 698 566 qui
739 516 894 552 edestres
904 515 1044 552 tabulas
1059 526 1158 550 socco
1175 518 1358 560 premunt,

552 563 602 601 Ut
618 576 699 612 quae
729 575 750 600 o
777 568 913 599 uuntur
928 569 1048 598 sumta
1062 560 1107 597 ds
1123 561 1197 596 vita
1212 566 1332 607 putes,

546 611 685 648 Vitiant
701 575 848 647 iau‘ibon
865 609 1039 645 tractibus
1053 606 1270 654 spondaids,

547 658 595 695 Et
607 659 644 695 in
660 656 819 694 secundo
836 663 871 692 et
888 656 1025 692 caeteris
1041 666 1143 702 aeque
1157 655 1247 690 locis
1262 668 1271 689 ε

549 705 743 752 Fidemque
759 703 851 740 fictis
867 703 954 739 dum
971 709 1166 749 procurant
1182 701 1327 743 sabulis,

547 752 594 788 ln
609 758 723 789 metra
738 757 900 798 peccant,
918 756 1007 792 arte,
1025 761 1100 785 non
1115 748 1277 785 inscitia:

550 797 607 835 Ne
623 800 695 835 sint
711 809 842 835 sonora
859 796 967 833 verba
982 794 1266 838 consuetudinis,

549 846 699 882 Paulum
726 857 771 881 ue
788 856 910 881 rursus
926 856 948 880 a
967 843 1096 879 solutis
1113 842 1289 879 differant.

552 893 673 941 Magis
690 894 697 901 ⁸
764 892 901 928 nostri:
928 903 1012 927 nam
1028 890 1102 926 fere
1118 888 1255 926 Grecis
1269 895 1377 926 tenax

548 940 645 977 Cura
661 946 714 976 est
731 939 853 982 iambi,
870 938 928 975 vel
944 938 1097 974 novellis
1113 937 1274 981 comicis,

549 987 617 1024 Vel
633 989 695 1036 qui
710 993 852 1023 vetusta
867 986 1062 1033 praecluent
1079 984 1264 1021 comoedia-

221 1060 420 1101 Caeterum
448 1059 553 1111 quod
580 1059 619 1098 in
646 1059 822 1110 utrisque
851 1057 1047 1108 vituperat
1074 1055 1251 1101 Flaccus,
1279 1062 1321 1093 et
1345 1054 1384 1093 in
1412 1053 1569 1093 comicis
1597 1062 1761 1093 excusat

223 1115 404 1161 Maurus,
423 1115 499 1154 hoc
519 1121 603 1153 est:
631 1112 736 1165 quod
756 1113 795 1151 in
815 1110 974 1150 sedibus
1003 1110 1176 1163 paribus,
1197 1108 1368 1148 secunda
1386 1117 1427 1147 et
1446 1116 1585 1160 quarta
1602 1108 1763 1160 <nempe

222 1177 384 1222 uterque
416 1182 486 1223 per
519 1167 716 1220 dipodiam
750 1166 955 1206 iambicam
986 1164 1212 1203 dimetitur:
1243 1163 1282 1202 in
1310 1162 1460 1202 ratione
1485 1171 1619 1201 nostra
1646 1170 1762 1201 erunt

220 1224 347 1277 prima
376 1231 417 1263 et
448 1222 575 1269 tertia,
608 1221 728 1274 pedes
762 1219 910 1260 scilicet
939 1218 1241 1258 ditrochaeorum
1272 1215 1441 1270 priores)
1466 1230 1542 1255 non
1568 1215 1762 1255 volubiles

221 1277 342 1331 pedes
360 1277 532 1317 iambum
551 1284 619 1316 aut
638 1274 874 1326 tribrachyn,
895 1287 945 1312 ex
965 1273 1109 1325 rythmi
1127 1270 1215 1324 lege
1234 1285 1279 1310 ac
1299 1269 1532 1310 Graecorum
1551 1283 1666 1309 exem
1694 1269 1758 1317 lo;

222 1331 294 1372 sed
312 1330 444 1371 tardos
471 1329 667 1383 spondeos
695 1329 778 1368 sive
806 1327 902 1368 alios
922 1327 978 1366 eis
1001 1330 1206 1377 ἶσοχρόνους
1226 1325 1438 1365 intulerint.
1495 1324 1644 1364 Totum
1667 1284 1760 1369 goe.

221 1399 301 1425 uno
325 1384 520 1438 exemplo,
546 1393 586 1424 et
617 1397 734 1423 sensu
762 1392 803 1422 et
831 1382 1020 1421 memoria
1048 1380 1163 1420 facile
1193 1379 1359 1420 tenebis.
1416 1377 1550 1419 Groeci
1580 1377 1632 1418 ad
1662 1378 1764 1418 hanc

224 1439 390 1480 formam
408 1439 448 1478 in
467 1438 666 1485 iambicis3

549 1500 597 1537 Vi
609 1500 836 1538 c6mmodavi
855 1499 864 1549 Ι
884 1498 1125 1542 c6mmodavi,
1143 1496 1345 1535 c6mmoda-

223 1561 353 1613 Latini
371 1561 421 1604 ad
441 1562 568 1608 istam,
588 1575 666 1600 non
685 1574 851 1613 semper,
871 1559 941 1599 sed
961 1558 1270 1611 quotiescunque
1290 1556 1459 1603 vellent;

548 1622 596 1664 Vi
613 1622 860 1662 c6mmendavi
880 1621 890 1670 Ι
909 1620 1158 1659 c6mmendsvi
1178 1620 1186 1669 Ι
1206 1619 1408 1658 commoda.

224 1695 347 1736 Vides
375 1693 509 1735 menda
538 1694 753 1747 spondeum
789 1693 849 1733 bis
884 1693 1054 1745 positum
1083 1706 1155 1744 pro
1187 1692 1316 1731 iambo
1348 1690 1485 1730 moda:
1525 1698 1764 1742 postremam

225 1750 359 1790 sedem
379 1749 525 1788 violare
543 1762 739 1800 nunquam
760 1757 849 1787 sunt
867 1747 964 1786 ausi.
1022 1746 1132 1786 Idem
1151 1755 1192 1785 et
1211 1746 1249 1784 in
1268 1745 1475 1784 trochaicis
1494 1744 1644 1783 obtinet
1662 1757 1672 1782 z

322 1823 458 1860 Groecs':
522 1820 761 1859 commodavi
830 1819 1058 1857 commodavi
1125 1817 1355 1855 commodavi
1422 1816 1624 1854 commoda.

317 1870 465 1907 Latini.-
527 1867 787 1906 commendavi
833 1867 1081 1904 commendavi
1126 1865 1378 1902 commendavi
1422 1864 1624 1901 commoda.

229 1940 276 1982 In
292 1941 354 1981 his
373 1940 550 1993 pedihus,
570 1949 737 1992 excepto
756 1938 906 1983 ultimo,
927 1951 999 1991 pro
1018 1937 1204 1977 brevibus
1224 1935 1353 1989 longa*
1372 1934 1535 1989 syllabae
1553 1934 1766 1974 adsumun-

229 2006 316 2036 tur:
345 1994 451 2048 quod
474 2003 613 2039 tamen,
633 1993 782 2045 opinor,
801 1992 917 2032 celeri
946 1992 1265 2044 pronunciatione
1288 1990 1455 2043 juvabat
1479 1998 1520 2028 et
1543 1988 1765 2029 occultabat

229 2059 349 2095 actor.
370 2063 417 2088 ne
436 2049 518 2101 ipse
537 2062 561 2087 a
580 2048 738 2087 tibicine
755 2047 954 2100 rythmum
973 2045 1158 2086 Groecum
1178 2054 1357 2085 servante
1376 2044 1627 2095 discreparet.

284 2103 406 2149 Quod
437 2102 487 2142 ad
519 2102 664 2141 crimen
700 2110 830 2141 autem
865 2101 941 2140 hoc
974 2100 1137 2146 attinet;
1180 2099 1336 2152 tragicis
1371 2097 1529 2151 quidem
1566 2098 1766 2136 veteribus

230 2158 356 2198 minor
373 2165 434 2197 est
451 2157 663 2204 excusatio,
683 2169 752 2197 cur
780 2169 860 2195 non
886 2154 936 2195 ad
964 2155 1059 2194 artis
1088 2153 1243 2206 regulas
1264 2166 1401 2192 versus
1422 2165 1514 2191 suos
1533 2151 1762 2203 exegerint;

232 2226 320 2252 cum
340 2221 423 2252 toto
451 2210 540 2249 stilo
564 2219 604 2249 et
623 2209 752 2250 colore
777 2223 800 2249 a
823 2209 1019 2248 communi
1047 2221 1225 2247 sermone
1253 2206 1424 2250 discreti.
1442 2220 1543 2245 nova
1573 2207 1692 2244 verba
1719 2219 1765 2244 ac

233 2264 515 2318 sesquipedalia
540 2278 611 2317 pro
635 2264 760 2304 lubito
785 2263 982 2303 finxerint.
1039 2262 1256 2315 Fugiebant
1277 2260 1423 2300 scilicet
1441 2260 1545 2299 limae
1565 2259 1762 2305 laborem3

234 2321 329 2360 certi
349 2334 390 2359 se
410 2320 448 2358 in
468 2333 510 2358 re
530 2328 619 2358 ante
637 2318 841 2372 inexperta
859 2326 898 2356 et
918 2317 1022 2370 apud
1039 2331 1153 2357 aures
1173 2324 1256 2356 tum
1276 2315 1449 2354 indoctas
1469 2314 1621 2353 veniam
1642 2314 1764 2365 impe-

234 2383 418 2414 traturos.
475 2372 620 2412 Melius
649 2385 743 2411 vero
770 2385 815 2411 ac
843 2371 975 2410 mitius
1003 2371 1052 2410 de
1080 2370 1239 2411 comicis
1264 2378 1323 2409 est
1351 2368 1609 2408 sentiendum,
1667 2367 1765 2406 Pro-

234 2429 336 2468 fecto
355 2427 562 2467 Terentius
583 2435 726 2471 noster.
745 2425 778 2466 si
802 2425 1007 2488 quisquam
1026 2424 1137 2471 alius,
1159 2424 1198 2464 in
1224 2424 1318 2464 artis
1335 2422 1442 2477 leges
1461 2431 1546 2462 arte
1563 2422 1762 2474 peccavit;

236 2482 378 2527 studio,
398 2495 476 2521 non
503 2479 742 2534 ignorantiag
772 2488 1001 2520 necessitate
1021 2478 1084 2519 vel
1107 2478 1245 2519 saltem
1263 2476 1538 2519 commoditate
1558 2476 1763 2521 inductus3

236 2545 276 2576 et
294 2535 562 2588 qualecunque
580 2532 676 2574 illud
694 2532 825 2574 delicti
844 2542 916 2578 est,
935 2534 1085 2585 magnis
1106 2533 1317 2573 virtutibus
1335 2530 1596 2572 redemturus.
1629 2530 1767 2568 Sermo

235 2590 336 2630 enim
363 2603 410 2629 ea
436 2589 485 2629 de
513 2602 631 2628 causa
656 2587 817 2641 propius
845 2587 950 2639 apud
975 2598 1150 2626 nostrum
1180 2586 1230 2626 ad
1252 2585 1574 2627 consuetudinem
1601 2583 1765 2629 accedit,

237 2657 353 2696 quam
384 2643 488 2696 apud
516 2641 799 2683 Menandrum:
829 2641 955 2681 oratio
983 2641 1089 2694 apud
1117 2653 1239 2680 unum
1266 2640 1317 2680 de
1341 2639 1472 2679 medio
1490 2648 1619 2678 sumta
1640 2637 1766 2688 deque

236 2697 317 2737 vita
335 2697 599 2736 honestiorum
618 2696 786 2742 civium:
816 2708 952 2735 versus
970 2696 1129 2734 minime
1147 2695 1246 2742 cavi,
1265 2694 1335 2734 sed
1361 2693 1491 2733 verbis
1510 2693 1767 2743 sensibusque

238 2765 258 2791 s
287 2751 379 2790 issi:
411 2750 516 2803 apud
545 2750 722 2797 alterum,
751 2749 845 2790 dum
877 2758 1003 2789 metro
1034 2750 1182 2789 servire
1214 2758 1373 2789 coactus
1405 2757 1477 2794 est,
1506 2746 1618 2786 stilus
1650 2745 1767 2798 paulo

237 2805 388 2851 eatior‚
422 2813 462 2844 et
494 2805 695 2845 sententioe
731 2803 946 2845 dilutiores.
1018 2802 1132 2843 Adde
1164 2803 1252 2849 huc.
1284 2811 1541 2843 consonantes
1570 2802 1609 2839 in
1638 2800 1769 2851 lingua

236 2858 377 2899 Latina
394 2871 465 2911 pro
485 2858 675 2898 vocalium
694 2871 856 2899 nurnero
874 2857 1155 2910 frequentiores
1172 2871 1271 2904 esse,
1291 2870 1406 2909 quam
1427 2856 1467 2896 in
1488 2854 1642 2894 Attica:
1667 2853 1768 2892 adde

237 2912 368 2953 omnia
395 2911 501 2965 apud
529 2912 689 2952 Latinos
721 2911 924 2959 vocabula.
948 2910 1226 2963 monosyllabis
1255 2912 1447 2953 duntaxat
1469 2907 1658 2972 exceptis·
1682 2921 1769 2946 θεοῦ

238 2966 458 3021 nmmum
487 2965 537 3006 de
555 2979 634 3018 qus
655 2973 697 3006 re
720 2979 814 3007 mox
836 2965 951 3019 plura
972 2964 1126 3013 dicam
1155 2973 1195 3005 et
1213 2964 1326 3006 facile
1344 2975 1588 3018 pronnmes,
1607 2961 1768 3002 minoris
