1852 3216
109 149 250 181 semu
271 137 325 193 1.]
342 133 356 141 “

708 132 1072 181 PHORMIO.

1559 134 1657 178 593ι

131 230 137 267 '.
162 229 254 271 DE.
276 226 340 270 At
359 242 442 285 ego
463 226 586 271 Deos
607 226 782 271 Penatis
801 227 902 270 hinc
924 223 1153 270 salutatum
1173 221 1347 269 domum
1365 223 1370 227 ’

131 309 134 329 τ
165 292 410 336 Devortar:
443 294 544 336 inde
565 294 638 336 ibo
657 294 714 337 ad
734 293 888 345 forum,
910 301 1040 350 atque
1058 293 1221 349 aliquot
1239 291 1343 335 mihi

162 358 340 402 Amicos
362 359 600 410 advocabo,
622 360 678 402 ad
697 358 811 402 hanc
830 373 921 401 rem
941 359 1016 415 qui
1035 359 1228 410 adsient;

132 457 134 460 -
165 423 228 466 Ut
248 439 302 467 ne
322 425 559 480 imparatus
580 425 673 476 sim,
695 439 828 481 quum
846 424 1047 467 adveniat
1067 423 1286 466 Phormio.

270 587 273 590 ¹
329 600 583 648 ACTUS
639 600 988 648 SECUNDI
1042 599 1296 648 SCENA
1348 598 1417 647 ΙΙ.

666 726 900 759 PHORMIO.
949 726 1090 758 GETA.

165 809 309 851 ITANE
348 809 485 865 patris
525 809 587 851 ais
628 816 910 865 conspectum
944 809 1126 851 veritum
1161 807 1262 851 hinc
1300 808 1482 851 abisse?
1554 808 1643 852 GE.

251 874 518 917 Admodum.

106 995 252 1033 dixisset,
292 1006 358 1027 non
399 995 621 1037 intelligerent
659 1001 856 1037 spectatores

107 1039 185 1080 quid
212 1039 349 1070 dixisset
375 1039 532 1070 Phaedria.
575 1039 717 1070 D.—Ne
744 1049 856 1070 versus

107 1082 240 1119 laboret,
251 1093 341 1114 sume
357 1082 528 1114 lectionem
546 1082 705 1119 Bembini,
722 1082 854 1121 Donati,

108 1132 142 1157 et
156 1125 292 1157 aliorum
308 1125 383 1157 libb.
401 1128 519 1166 quidem
534 1136 593 1167 pro
607 1127 753 1166 equidem.
786 1126 823 1157 B.

151 1170 202 1200 81.
226 1171 271 1200 At
287 1180 341 1210 ego
362 1170 431 1200 deos
454 1170 580 1200 Penatis
601 1171 671 1200 hinc
691 1171 859 1200 salutatum

108 1214 225 1243 domum
246 1211 404 1253 devortor]
430 1212 528 1243 Nulla
550 1212 673 1243 mentio
689 1213 726 1243 fit
747 1212 859 1244 uxoris

108 1255 195 1296 apud
220 1255 480 1297 Demiphonem:
509 1265 575 1286 non
598 1255 684 1286 enim
707 1256 860 1287 convenit

107 1306 299 1339 argumento
314 1305 351 1330 ut
372 1299 508 1329 habeat:
533 1308 638 1339 neque
653 1298 728 1339 quid
750 1298 784 1330 in
802 1299 858 1330 Ci-

108 1341 183 1372 licia
196 1341 342 1383 gesserit,
355 1342 594 1373 demonstratur
609 1341 691 1378 ideo,
705 1342 781 1382 quia
791 1343 860 1382 jam

107 1385 230 1416 dictum
246 1391 305 1422 est,
322 1387 435 1416 Noster
451 1387 482 1415 in
499 1386 639 1416 Ciliciam
654 1387 696 1415 ad
716 1387 873 1426 hospitem-

109 1431 266 1469 antiquum
281 1441 292 1459 .·
329 1438 426 1459 causa
442 1427 528 1459 enim
559 1427 694 1468 quaesita
723 1437 773 1459 est
802 1438 861 1460 cur

110 1472 246 1509 abesset,
270 1471 347 1503 dum
369 1481 503 1502 uxorem
519 1471 616 1502 ducat
638 1470 804 1513 Antipho:
828 1477 862 1503 et

110 1525 208 1546 causa
233 1525 275 1545 ex
300 1523 443 1555 argento,
474 1514 509 1545 id
539 1521 597 1551 est,
626 1514 770 1553 avaritia,
797 1525 860 1556 quo

110 1558 219 1589 minus
233 1558 379 1589 videatur
394 1557 466 1599 pati·
477 1568 593 1588 nurum
606 1568 791 1599 pauperem,
806 1557 862 1599 qui

112 1602 153 1632 ob
169 1611 260 1642 spem
281 1600 360 1632 lucri
376 1602 416 1632 ab
434 1601 543 1632 Attica
557 1601 592 1631 in
608 1600 754 1632 Ciliciam
770 1601 860 1632 navi-

110 1644 245 1685 gaverit.
290 1646 375 1675 Hinc
396 1643 579 1684 salutatum]
609 1644 661 1675 Ab
690 1644 751 1675 hoc
782 1644 861 1675 loco.

112 1687 302 1728 Salutatum]
322 1687 501 1718 Adoratum
515 1687 620 1729 prima
635 1694 708 1728 post
722 1687 861 1719 reditum

112 1741 208 1772 prece
226 1731 333 1769 (Quod
342 1736 388 1762 est
399 1733 531 1770 primum
545 1736 613 1770 post
627 1732 777 1762 redditam
789 1742 861 1771 pre-

111 1785 184 1804 cem.
232 1774 376 1815 Uterque
405 1773 487 1814 lib.).
534 1774 703 1805 D.-—Deos
733 1773 863 1806 Penates

113 1819 183 1848 hinc
196 1816 379 1858 salutatum]
398 1817 538 1858 Elegans
552 1816 672 1848 locutio
684 1819 763 1848 Deos
778 1820 861 1848 salu-

113 1865 190 1897 tare,
206 1870 300 1901 quam
319 1860 451 1891 Servius
467 1860 563 1891 etiam
576 1860 699 1902 probat,
716 1860 862 1891 Terentii

113 1903 200 1934 hunc
223 1903 330 1934 locum
354 1903 499 1939 laudans,
524 1903 565 1934 ad
592 1903 704 1944 virgil.
733 1903 861 1935 AEneid.

114 1946 171 1978 xii.
181 1957 246 1978 ver.
255 1947 327 1979 257.
335 1949 507 1987 Augurium
519 1948 664 1978 salutant.
689 1946 742 1977 Sic
752 1947 863 1979 Livius

114 1989 251 2021 xxxviii.
269 1991 319 2020 51.
365 1992 432 2031 Ego
447 1992 516 2021 hinc
530 1991 675 2029 extemplo
689 1992 721 2020 in
739 1992 863 2030 Capito-

114 2035 188 2064 lium
197 2036 239 2064 ad
252 2035 354 2064 lovem
365 2035 507 2073 optimum
518 2036 688 2068 maximum.
700 2035 862 2065 Iunonem-

114 2087 171 2117 que
186 2082 217 2108 et
231 2077 402 2107 Minervam
419 2082 597 2117 ceterosque
609 2078 686 2112 deos,
699 2079 752 2116 qui
769 2078 862 2116 Capi-

116 2121 188 2151 tolio
208 2125 298 2160 atque
320 2122 385 2150 arci
410 2122 586 2159 praesident,
608 2121 783 2151 salutandos
804 2122 862 2151 ibo.

115 2162 241 2194 Passim
258 2170 367 2194 autem
389 2163 485 2203 hujus
507 2162 698 2199 devotionis,
715 2173 778 2204 qua
801 2163 863 2194 Pe-

114 2213 208 2238 nates
223 2206 454 2243 salutabantur,
470 2206 504 2237 in
525 2205 692 2237 comoediis
708 2206 864 2248 exempla.

116 2248 182 2280 Sed
206 2249 326 2291 optime
352 2249 574 2291 Hieronymus
597 2249 632 2280 in
658 2249 786 2281 Esaiam
810 2249 864 2280 lib.

116 2291 182 2323 xvi.
198 2302 267 2333 cap.
286 2294 337 2324 58.
382 2294 496 2324 Nullus
508 2292 611 2333 suerit
631 2294 720 2329 locus,
737 2296 789 2333 qui
809 2304 867 2324 non

115 2337 296 2366 idololatria
317 2338 455 2367 sordibus
476 2338 652 2377 inquinatus
669 2338 720 2374 sit,
742 2338 775 2367 in
797 2341 866 2367 tan-

117 2383 180 2409 tum
198 2384 233 2409 ut
251 2384 319 2418 post
331 2378 418 2419 sores
439 2381 589 2410 domorum
611 2380 692 2411 idola
711 2385 865 2420 ponerent,

117 2432 190 2461 quos
217 2424 389 2453 domesticos
418 2424 575 2463 appellant
606 2425 712 2460 Lares,
744 2428 774 2454 et
804 2428 866 2454 tam

112 2466 235 2504 publice
258 2475 346 2505 quam
373 2468 519 2505 privatim
546 2469 715 2498 animarum
743 2477 866 2497 suarum

117 2509 294 2547 sanguinem
298 2507 475 2548 funderent.
509 2511 577 2540 Hoc
586 2521 686 2541 errore
694 2514 725 2540 et
736 2511 867 2549 pessima

118 2553 330 2581 consuetudine
345 2554 504 2582 vetustatis
518 2555 680 2584 multarum
693 2555 865 2592 provincia-

117 2604 185 2624 rum
199 2595 290 2624 urbes
305 2595 452 2632 laborant,
467 2597 592 2637 ipsaque
606 2598 702 2627 Roma
717 2597 797 2626 orbis
812 2598 865 2626 do—

119 2638 202 2667 mina
223 2639 256 2666 in
277 2638 406 2677 singulis
427 2639 536 2669 insulis
557 2641 748 2679 domibusque
765 2641 867 2669 tutelae

118 2681 312 2710 simulacrum
323 2682 416 2711 cereis
428 2691 617 2713 veneransac
627 2684 766 2718 lucernis,
779 2693 867 2722 quam

119 2725 162 2753 ad
183 2725 338 2753 tuitionem
360 2725 418 2754 isto
440 2726 594 2763 appellant
609 2727 734 2761 nomine,
750 2730 784 2755 ut
807 2730 869 2755 tam

120 2768 279 2803 intrantes,
296 2777 384 2806 quam
405 2772 545 2798 exeuntes
566 2769 664 2799 domos
679 2779 750 2798 suas
771 2769 870 2798 inoliti

119 2820 236 2849 semper
256 2814 455 2840 commoneant
470 2812 590 2841 erroris.
636 2811 775 2842 Penates
795 2810 868 2852 plu-

120 2862 174 2883 res
184 2858 294 2883 erant:
318 2852 352 2883 id
366 2852 451 2893 quod
465 2853 642 2895 Procopius
655 2853 787 2891 indicat,
797 2863 878 2884 cum-

121 2895 177 2933 ait,
194 2895 228 2926 in
244 2905 355 2926 eorum
371 2905 542 2928 numerum
557 2897 676 2928 Janum
699 2895 872 2927 bifrontem

123 2937 200 2972 olim
231 2948 357 2979 quoque
386 2938 524 2970 relatum
550 2939 671 2971 fuisse:
706 2939 879 2971 Gothicor.

124 2980 179 3014 lib.
192 2981 214 3013 i.
229 2992 301 3024 pag.
319 2983 392 3014 205.
409 2983 427 3014 ὁ
437 2981 540 3019 'lares
551 2985 673 3025 πρῶτος
685 2981 744 3023 μὲν
755 2981 875 3021 ἦνιτῶν

900 994 1040 1036 ἀρχαίων
1057 996 1143 1032 θεῶν,
1161 994 1214 1026 οὓς
1236 993 1274 1032 δὴ
1288 994 1427 1034 Ῥωμαῖοι
1448 995 1585 1037 γλώσσῃ
1606 985 1649 1037 τῇ

900 1037 1041 1079 σφετέρᾳ
1059 1037 1203 1076 Πένητας
1218 1036 1361 1069 ἐκάλουν.
1408 1039 1491 1070 Inde
1508 1039 1648 1071 Penates

899 1081 1073 1112 familiares
1094 1081 1261 1122 utriusque
1277 1091 1374 1113 sexus
1389 1082 1598 1114 nominantur
1613 1079 1658 1114 in‘

901 1124 1119 1167 Inscriptione
1134 1130 1212 1156 vett.
1228 1135 1260 1166 p.
1278 1126 1307 1155 2.
1324 1134 1412 1156 num.
1430 1125 1460 1157 9.

1144 1168 1234 1199 ans.
1258 1176 1406 1199 nuaavs.

1167 1220 1381 1242 rnuarnzvs.

1140 1263 1414 1285 rammamnvs.

1100 1306 1156 1329 nr.
1181 1306 1266 1328 10vr.
1292 1306 1454 1329 cmi-nius

1173 1350 1217 1371 vn
1243 1340 1379 1372 anavs.

903 1384 1076 1416 L.-111ud
1085 1389 1118 1415 at
1127 1383 1299 1415 damnatur
1307 1395 1326 1415 a
1335 1394 1429 1415 versu
1440 1389 1474 1415 et
1483 1394 1590 1416 sensu.
1611 1385 1651 1416 B.

921 1450 923 1453 <
947 1429 998 1458 82.
1021 1427 1189 1468 Devortar]
1215 1428 1304 1458 Bene
1326 1429 1475 1465 devortar,
1498 1428 1590 1468 quasi
1610 1428 1652 1459 de

905 1470 966 1502 via.
1004 1473 1105 1512 Atque
1123 1473 1238 1511 aliquot
1258 1473 1332 1502 mihi
1353 1473 1463 1502 amicos
1483 1471 1650 1512 advocabo]

904 1515 978 1545 Jam
1000 1520 1162 1556 praeparat
1187 1514 1357 1546 ridiculam
1386 1513 1650 1546 advocationem:

905 1568 968 1598 qua
989 1557 1098 1599 plures
1120 1557 1302 1588 adhibendo
1329 1557 1575 1598 jurisconsultos
1598 1557 1651 1589 in-

905 1600 1023 1632 certior
1035 1600 1199 1632 reddetur.
1237 1600 1278 1631 D.

950 1645 1001 1674 83.
1018 1646 1139 1675 Amicos
1153 1643 1318 1684 advocabo]
1336 1645 1458 1675 Amicos
1469 1648 1501 1675 et
1512 1653 1572 1686 pro
1584 1650 1650 1675 tes-

905 1686 1004 1724 tibus,
1020 1693 1053 1718 et
1067 1697 1127 1729 pro
1142 1687 1304 1718 advocatis
1321 1693 1446 1718 veteres
1463 1693 1652 1728 posuerunt.

905 1729 1051 1771 Adsient]
1080 1730 1215 1771 Proprie
1245 1732 1374 1761 adsient.
1418 1732 1533 1762 Adesse
1563 1730 1652 1762 enim

905 1773 1057 1804 dicuntur
1072 1773 1227 1804 advocati.
1262 1773 1303 1804 D.

949 1818 1000 1847 84.
1031 1818 1073 1848 Ut
1095 1827 1132 1848 ne
1158 1815 1342 1857 imparatus]
1368 1816 1433 1847 Pro
1456 1827 1524 1847 non.
1564 1816 1665 1847 D.—-

907 1859 1058 1891 Bembini
1073 1862 1110 1897 si,
1127 1870 1186 1901 pro
1204 1870 1303 1900 quum,
1323 1859 1439 1901 placet.
1484 1859 1571 1890 Nam
1591 1870 1651 1902 po-

907 1909 990 1934 terat
1005 1902 1162 1941 dubitare,
1180 1913 1222 1934 an
1236 1903 1297 1934 hoc
1312 1902 1365 1934 die
1386 1908 1473 1934 esset
1493 1902 1652 1934 adventu-

906 1956 971 1977 rus.
1004 1946 1041 1977 Β.
1537 1962 1539 1964 -

953 1990 980 2020 l.
1008 1991 1096 2020 Itane
1119 1990 1222 2029 patris
1243 1990 1291 2020 ais
1312 1993 1498 2028 conspectum
1526 1990 1655 2020 veritum

905 2035 975 2064 hinc
985 2034 1084 2063 abisse
1091 2031 1122 2072 ?]
1136 2032 1173 2063 In
1180 2032 1239 2063 hac
1251 2042 1347 2063 scena
1354 2032 1394 2063 de
1400 2031 1550 2072 parasitis
1558 2031 1652 2063 vilio-

906 2076 996 2107 ribus
1012 2075 1184 2107 Terentius
1198 2074 1352 2117 proponit
1366 2074 1540 2116 imaginem
1555 2075 1631 2106 vitae
1643 2086 1653 2106 ε

906 2125 943 2150 ut
951 2118 985 2150 in
997 2119 1157 2150 Eunucho
1167 2118 1208 2150 de
1217 2117 1406 2160 potioribus,
1419 2124 1452 2149 et
1463 2117 1514 2149 his
1523 2117 1579 2159 qui
1591 2128 1653 2150 nu-

906 2172 966 2203 per
981 2161 1208 2203 processerint,
1223 2162 1256 2192 id
1271 2168 1329 2199 est,
1341 2161 1382 2192 de
1391 2161 1655 2194 assentatoribus.

910 2205 1242 2236 Animadvertendum
1265 2211 1374 2236 autem
1394 2204 1580 2244 hujusmodi
1596 2215 1655 2246 ge-

910 2259 971 2280 nus
992 2247 1160 2279 hominum
1182 2247 1285 2289 magis
1304 2258 1323 2279 a
1341 2247 1496 2279 Terentio
1509 2247 1654 2280 lacerari.

914 2293 999 2323 Itane
1020 2294 1124 2332 patris
1147 2293 1195 2323 ais
1217 2296 1404 2331 conspectum
1431 2292 1560 2322 veritum
1585 2293 1657 2323 hino

910 2337 1021 2366 abiisse
1034 2334 1067 2375 ?]
1091 2334 1207 2366 Adhuc
1230 2340 1380 2366 narratur
1400 2333 1507 2365 fabula
1528 2334 1569 2365 de
1590 2334 1655 2366 Te-

908 2378 1015 2409 rentio
1042 2384 1075 2409 et
1104 2377 1258 2409 Ambivio
1288 2376 1378 2408 ebrio
1394 2388 1402 2408 t
1440 2377 1496 2418 qui
1524 2383 1656 2410 acturus

909 2421 992 2452 hanc
1014 2421 1164 2459 fabulam,
1181 2420 1321 2452 oscitans
1340 2420 1543 2457 temulenter,
1559 2426 1656 2462 atque

909 2475 1021 2496 aurem
1049 2463 1184 2495 minimo
1210 2463 1393 2505 inscalpens
1422 2463 1567 2504 digitulo,
1595 2463 1656 2496 hos

910 2507 1064 2539 Terentio
1075 2507 1302 2549 pronunciavit
1312 2516 1442 2538 versus:
1466 2506 1583 2548 quibus
1596 2517 1663 2539 au*

910 2551 987 2582 ditis
1009 2550 1238 2582 exclamaverit
1258 2557 1363 2592 poeta,
1384 2560 1419 2581 se
1440 2549 1656 2591 talemquum

910 2594 1074 2631 scriberet,
1097 2593 1253 2635 cogitasse
1275 2592 1470 2635 parasitum:
1495 2600 1529 2624 et
1546 2603 1588 2624 ex
1603 2592 1662 2625 in«

910 2637 1107 2678 dignatione,
1124 2637 1209 2677 quod
1224 2646 1299 2669 eum
1316 2642 1460 2667 saturum
1480 2641 1657 2678 potumque

911 2680 1178 2722 deprehenderat,
1194 2679 1347 2711 delinitus
1362 2678 1471 2710 statim
1485 2679 1537 2710 sit.
1567 2681 1659 2712 Itane

907 2726 1010 2763 patris
1021 2722 1085 2764 ais]
1098 2723 1179 2754 Haec
1194 2728 1227 2754 et
1238 2722 1322 2754 labia
1332 2721 1469 2764 lingens,
1481 2729 1519 2754 ut
1529 2722 1656 2755 ebrius:

913 2772 946 2797 et
974 2773 1114 2803 ructans,
1146 2771 1259 2807 utpote
1295 2772 1393 2803 satur,
1430 2765 1661 2808 pronunciavit

913 2815 1003 2840 actor
1031 2810 1144 2840 bonus.
1187 2807 1372 2850 Admodum]
1400 2810 1568 2840 Admodum
1597 2819 1656 2841 an·

914 2851 1036 2884 nuendi
1065 2851 1130 2883 vim
1158 2852 1257 2884 habet
1282 2852 1440 2884 duntaxat
1466 2852 1586 2885 modo:
1625 2858 1660 2884 et

915 2895 1105 2927 subauditur
1118 2897 1255 2927 veritum.
1287 2895 1463 2927 D.—Itmoe
1477 2898 1657 2936 patris-ad-

915 2937 1051 2979 ventum]
1069 2938 1151 2970 Haec
1165 2949 1263 2970 scena
1278 2937 1504 2971 Phormionem
1519 2938 1659 2980 ‹loquen-

918 2988 982 3014 tem
999 2982 1106 3055 habeti
1121 2992 1158 3013 ac
1173 2992 1208 3014 se
1225 2982 1325 3024 (servo
1337 2981 1407 3023 .Z.)⁷
1418 2982 1662 3025 promittentem

1122 3034 1143 3055 o
