1852 3216
209 109 334 148 xxviii
708 108 856 149 DAN.
891 108 1206 149 HEINSIUS

209 203 280 236 aut
304 194 458 236 dioendi
482 194 653 235 alienum
670 204 743 242 est.
762 196 884 236 risum
910 197 1080 236 maxime
1097 210 1255 237 movere
1282 196 1396 237 solet.
1452 197 1500 236 In
1520 198 1739 245 sententiis,

212 248 339 303 qualis
357 248 423 289 in·
441 249 580 290 comici
599 249 777 296 Nebulis.

426 317 494 353 Kal
509 332 563 354 τοι
580 318 748 366 πρότερον
764 319 825 355 τὸν
842 317 895 355 Δι’
911 318 1046 365 ἇληθὸς
1063 318 1156 369 ᾤμην
1172 319 1228 355 διὸ
1244 320 1403 356 κοσκίνου
1418 320 1542 367 οὐρεῖν.

214 389 262 444 In
277 390 421 439 verbis,
442 399 486 429 ut
512 404 601 430 cum
629 390 894 431 furacissimus
914 404 1062 437 servus,
1081 395 1328 432 κλεπτίστστος
1347 406 1370 431 a
1388 391 1545 431 domino
1565 402 1742 438 vocatur,

215 441 283 498 Elui
300 444 457 485 laudare
476 444 777 485 taciturnitatem
798 445 837 483 in
856 445 993 484 eodem
1014 445 1192 484 videtur:

534 512 632 549 Ἀλλ’
652 515 693 549 οὔ
710 527 753 549 σε
772 511 907 560 κρύψω·
936 516 1004 549 τῶν
1022 513 1111 558 ε’μῶν
1127 513 1194 560 γὰρ
1213 513 1352 550 οἴκει-ὅν

534 569 750 604 namma-or
767 567 912 615 ἡγοῦμαί
929 581 972 603 σε
991 568 1045 602 καὶ
1063 567 1324 604 natm-imorem

216 629 336 675 Quod
354 629 480 682 ipsum
498 628 706 681 aliquando
726 629 950 680 castigatius
965 627 1073 667 Nero
1090 627 1243 675 extulit,
1257 629 1324 679 qui
1339 628 1388 667 de
1405 627 1471 667 tali
1491 642 1617 675 servo,
1628 628 1744 668 Nulli

215 682 320 737 apud
344 697 382 723 se
406 683 492 736 plue
505 683 602 734 fidei
628 682 764 722 habere
789 682 965 721 dicebat:
993 681 1088 720 nihil
1106 682 1202 720 enim
1226 682 1260 720 ei
1288 695 1402 735 neque
1423 682 1604 721 inclusum
1628 697 1745 736 neque

216 739 405 791 signatum
421 750 511 776 esse.
546 736 624 775 Voae
640 737 736 775 enim
754 741 1011 781 κλεπτίστατος,
1030 745 1180 774 tantum
1199 737 1321 780 abest.
1342 745 1387 775 ut
1410 738 1576 775 sermoni
1598 750 1741 776 conve-

217 793 299 831 nire
317 791 452 844 possit,
472 793 562 830 ὥστε
580 794 658 830 οὐδὲ
676 794 780 830 αὑτοῦ
798 794 859 839 τὴν
877 794 1036 829 διάλυσιν
1054 790 1245 840 (dicerent
1272 789 1434 829 subtiles
1453 790 1588 829 harum
1611 804 1743 830 rerum

213 845 385 899 judices)
408 849 584 894 πολιτικὴν
601 845 696 891 εἶναι,
717 845 789 884 boc
808 853 880 890 est,
900 854 943 883 ut
971 858 1018 883 ne
1037 844 1195 895 quidem
1215 857 1309 883 voce
1336 844 1423 889 alia,
1443 857 1531 896 quae
1558 858 1642 884 eam
1670 858 1743 884 ex-

218 901 371 953 primat.
392 899 660 939 consuetudini
679 909 746 938 aut
765 899 851 938 usui
870 898 1154 937 accommodari
1180 898 1317 950 possit.
1375 898 1511 950 ltaque
1529 900 1744 951 corrumpit

218 968 368 998 vocem.
386 953 498 1006 plane
526 962 571 992 ut
589 953 737 999 faciem,
759 954 824 1004 qui
853 953 908 991 sic
935 965 1092 991 movere
1119 953 1239 990 risum
1268 952 1437 1004 cogitat:
1466 952 1594 1004 qualia
1620 966 1743 1005 prope

217 1008 368 1047 infinita
389 1008 672 1060 Aristophanis.
721 1006 915 1058 Exemplo
942 1007 1019 1045 sint
1048 1006 1290 1053 diminutiva,
1310 1019 1399 1058 quae
1429 1015 1508 1045 tam
1536 1006 1743 1059 diligenter

217 1063 332 1101 tertio
350 1062 632 1101 rhetoricorum
651 1062 687 1100 in
707 1061 809 1100 illius
828 1061 1052 1113 Babyloniis
1077 1074 1148 1099 rex
1171 1061 1391 1099 criticorum
1411 1060 1643 1100 Aristoteles
1670 1075 1742 1100 no·

218 1117 337 1156 tavit:
365 1120 599 1167 χρυσιδάριον,
618 1119 890 1166 λοιδορημάτιον,
911 1118 1131 1165 ὶματιδόριον,
1151 1119 1205 1153 καὶ
1222 1119 1438 1164 νοσημάτων.
1494 1115 1612 1158 Quod
1637 1125 1677 1154 et
1702 1116 1742 1155 in

217 1184 393 1210 sermone
413 1170 496 1223 ejus
515 1170 656 1222 passim
676 1179 715 1208 et
734 1171 771 1208 in
790 1170 967 1208 sensibus
984 1171 1180 1214 observes,
1193 1183 1291 1220 quos
1310 1182 1386 1208 non
1404 1183 1493 1208 raro
1511 1170 1612 1208 risus
1626 1183 1743 1209 causa

215 1224 328 1264 effert
361 1225 694 1277 corruptissimos3
738 1236 840 1275 saepe
872 1233 999 1262 tamen
1027 1237 1115 1262 cum
1146 1223 1273 1261 illudit
1299 1223 1397 1262 aliis.
1445 1223 1578 1267 Quare
1611 1237 1741 1270 voces,

215 1279 386 1332 phrases,
407 1293 553 1325 sensus,
574 1279 688 1317 etiam
708 1287 955 1324 structuram,
972 1291 1097 1322 novae,
1119 1286 1163 1315 ut
1190 1277 1332 1316 imitari
1360 1278 1482 1316 cuivis
1511 1287 1638 1317 tutum
1666 1287 1740 1324 est,

217 1333 273 1372 ita
290 1334 486 1385 antiquam
506 1333 538 1371 si
557 1333 644 1384 quis
663 1332 804 1371 imitari
824 1332 930 1379 velit,
945 1332 1116 1371 maximo
1136 1331 1290 1371 delectu
1310 1345 1354 1371 ac
1374 1331 1524 1383 judicio
1541 1341 1603 1371 est
1619 1346 1740 1384 opus:

216 1387 322 1439 quod
351 1387 383 1426 si
413 1388 630 1439 quisquam,
651 1396 754 1425 recte
775 1385 1007 1425 Aristoteles
1036 1386 1198 1425 notavit.
1255 1386 1387 1437 Atque
1406 1386 1491 1425 haec
1508 1400 1637 1432 causa,
1657 1400 1740 1433 cur,

214 1451 260 1480 ut
287 1441 411 1480 multo
443 1441 651 1493 perfectior
680 1440 903 1492 utiliorque,
937 1441 990 1479 ita
1020 1441 1147 1479 minus
1174 1439 1348 1484 ridicula,
1375 1441 1426 1479 sit
1452 1454 1565 1485 nova,
1595 1441 1633 1479 in
1663 1454 1742 1492 qua

216 1508 361 1541 omnes,
382 1504 425 1534 ut
438 1495 519 1548 jam
539 1494 728 1540 absoluta,
747 1495 1010 1546 acquiescunt.
1066 1493 1167 1533 Cum
1185 1494 1334 1545 antiqui
1353 1495 1503 1540 comici,
1523 1495 1570 1533 iis
1597 1495 1741 1546 pariter

215 1563 306 1601 quae
334 1549 481 1596 dicunt,
502 1558 541 1588 et
567 1548 720 1588 dicendi
749 1550 909 1594 ratione,
931 1548 1200 1594 urbanitatem,
1221 1549 1312 1599 quia
1338 1548 1431 1586 nibil
1459 1548 1565 1587 aliud
1589 1559 1741 1601 specta·

214 1612 317 1650 runt,
337 1617 452 1655 quam
473 1603 689 1646 ridiculum,
710 1602 905 1654 plerisque
925 1603 963 1641 in
982 1602 1089 1647 locis,
1108 1602 1370 1654 imprudenter
1388 1602 1602 1641 excedant:
1631 1603 1741 1642 ideo·

244 1671 291 1696 ue
310 1666 349 1696 et
367 1657 502 1696 vitium
521 1656 761 1709 plerumque,
782 1657 888 1708 quod
904 1660 1125 1706 βωμολοχίαν
1142 1656 1243 1694 dixit
1263 1656 1508 1701 Aristoteles,
1525 1657 1738 1697 incurrant·

214 1671 297 1755 {ui
326 1712 386 1750 vir
414 1724 577 1763 magnus
606 1710 832 1749 Etbicorum
862 1721 1012 1762 quarto,
1033 1710 1100 1749 ubi
1132 1710 1181 1749 de
1213 1711 1432 1749 urbanitate
1462 1711 1556 1763 agit,
1586 1724 1676 1762 que
1698 1711 1739 1750 in

213 1766 348 1818 primis
366 1765 493 1804 locum
522 1766 561 1803 in
590 1765 648 1803 his
674 1765 801 1810 habet,
820 1764 976 1804 eosdem
995 1774 1033 1803 et
1054 1766 1223 1803 urbanos
1242 1774 1282 1803 et
1301 1764 1484 1803 honestos
1503 1765 1633 1803 vocari
1660 1765 1738 1804 ait:

214 1822 442 1870 εὐτραπέλους
458 1819 575 1864 enim,
595 1820 703 1871 quasi
731 1822 927 1870 εὑγρόπους,
947 1819 1036 1857 dici.
1092 1819 1201 1857 Sicut
1217 1828 1346 1857 autem
1370 1818 1419 1857 de
1443 1820 1671 1871 corporibus
1688 1833 1740 1859 ex

214 1883 336 1918 motu,
357 1874 411 1912 ita
429 1887 479 1912 ex
499 1873 715 1912 urbanitate
729 1873 896 1925 judicari
916 1873 964 1911 de
983 1873 1133 1911 animo:
1163 1882 1292 1911 utrum
1312 1886 1449 1924 nempe
1473 1873 1656 1912 honestus
1674 1874 1739 1918 sit,

215 1942 265 1968 an
293 1928 429 1980 turpis.
486 1927 567 1971 Qui
595 1927 643 1966 de
672 1927 899 1979 corporibus
927 1926 1047 1972 locus,
1068 1940 1155 1965 cum
1183 1928 1372 1966 obscurus
1400 1927 1511 1966 nobis
1528 1927 1738 1973 videretur,

214 1995 340 2034 neque
360 1983 565 2034 quicquam
586 1982 625 2020 in
645 1982 865 2020 recentibus
885 1981 1150 2033 scriptoribus,
1171 1981 1237 2032 qui
1267 1981 1505 2034 interpretati
1528 1994 1616 2020 eum
1635 1991 1738 2027 sunt,

215 2036 388 2099 praesidii
406 2036 456 2075 ad
474 2049 628 2074 manum
648 2045 763 2081 esset,
784 2035 832 2074 ad
847 2035 1110 2074 Andronicum
1128 2035 1337 2081 Rhodium,
1357 2035 1468 2087 cujus
1487 2036 1738 2087 paraphrasin

214 2103 252 2129 m
272 2090 357 2129 illos
376 2090 495 2129 libros
512 2089 624 2142 plane
643 2089 918 2134 admirandam,
933 2090 1047 2142 primi
1066 2098 1107 2128 et
1123 2089 1327 2134 edidimus,
1341 2099 1380 2128 et
1395 2090 1434 2128 in
1449 2089 1627 2128 Latinum
1646 2103 1737 2129 con·

215 2145 401 2184 vertimus
421 2157 649 2189 sermonem,
670 2154 713 2183 ut
732 2156 835 2196 saepe
854 2144 960 2189 alias,
981 2143 1240 2195 confugimus.
1284 2143 1365 2188 Qui
1384 2144 1457 2183 boc
1475 2143 1614 2182 modo:
1634 2146 1678 2182 Ἠ
1699 2148 1737 2183 δι’

213 2203 372 2248 μεσότης,
393 2202 605 2248 εὐτραπελία,
626 2202 679 2236 καὶ
708 2202 740 2236 οἱ
770 2203 918 2248 ἔχοντες,
946 2201 1160 2248 εὐτράπελοι,
1188 2198 1262 2236 οἷον
1290 2203 1463 2249 ‹fii-pm·
1497 2202 1550 2236 καὶ
1578 2203 1644 2248 γὰρ
1676 2204 1739 2237 rof»

214 2256 316 2302 ἤθους
333 2256 472 2292 δοκοῦσι
490 2257 641 2292 τοιαῦται
659 2254 817 2301 κινήσεις,
837 2255 930 2292 οὗτοι
949 2255 989 2291 δέ
1005 2255 1093 2291 εἰσιν
1111 2256 1143 2291 oi
1160 2255 1334 2300 παίζοντες
1354 2256 1517 2302 ἐμμελῶς,
1536 2256 1588 2290 καὶ
1609 2256 1653 2292 ὥς
1672 2257 1735 2297 δεῖ,

213 2311 266 2346 καὶ
285 2310 354 2346 ὅτε.
383 2308 500 2357 ὥσπερ
527 2310 594 2357 γὰρ
611 2310 645 2345 a!
663 2309 809 2356 κινῆσεις
827 2311 870 2346 τὸ
888 2311 1030 2356 σώμαι-ιι
1046 2310 1365 2357 χαρακτηρίζουσιν·
1393 2306 1466 2345 οἷον
1483 2311 1552 2357 πῦρ
1569 2310 1631 2355 μὲν
1650 2309 1669 2354 ἡ
1688 2311 1737 2347 εἷς

213 2366 253 2401 τὸ
280 2364 347 2400 ἅνω
375 2364 502 2410 κίνησις
529 2364 582 2399 καὶ
608 2365 677 2399 πᾶν
702 2365 844 2411 κοῦφον·
872 2364 962 2412 βαρὺ
989 2363 1025 2399 δὲ
1054 2362 1074 2408 ἦ
1101 2363 1149 2401 εἷς
1174 2365 1214 2399 τὸ
1231 2363 1353 2410 μέσον,
1373 2364 1426 2399 ml
1454 2363 1509 2400 ε’πὶ
1526 2366 1594 2399 τῶν
1619 2364 1738 2400 ἄλλον

213 2419 350 2465 ὁμοίως·
378 2417 466 2455 οὗτοι
484 2418 537 2454 ml
554 2416 623 2453 ἀπὸ
639 2420 708 2454 τῶν
723 2419 789 2465 ἔξω
808 2418 861 2454 καὶ
880 2418 1091 2463 Φαινομένων
1107 2420 1169 2454 τοῦ
1192 2417 1371 2465 ἀνθρώπου
1397 2416 1571 2463 κυήσειεν,
1590 2420 1625 2453 ni
1650 2418 1737 2465 ἕξεις

213 2474 273 2518 τῆς
301 2473 420 2520 ψυχῆς
448 2471 628 2520 φαίνονται
657 2472 712 2508 ml
734 2473 777 2509 τὰ
801 2472 878 2518 ἤθη.
924 2468 1046 2513 Quod
1073 2478 1133 2508 est
1160 2482 1212 2509 ex
1239 2469 1555 2521 interpretatione
1581 2478 1734 2509 nostra:

214 2522 383 2562 Medma
401 2537 496 2567 vero,
515 2526 730 2573 εὐτραπελία,
750 2522 790 2561 id
804 2530 872 2569 est,
890 2522 1100 2570 urbanitas,
1120 2522 1253 2585 quique
1271 2523 1311 2563 in
1333 2536 1376 2563 eo
1397 2522 1595 2569 excellunt,
1614 2527 1735 2574 εὐτρό-

212 2582 325 2624 πελοι,
439 2578 451 2616 i
469 2582 639 2627 ‹ts-poro«,
659 2577 725 2616 hoc
742 2584 808 2623 ese,
830 2577 916 2616 bene
933 2577 1082 2622 morati,
1099 2577 1287 2617 dicutur.
1340 2575 1492 2616 Etenim
1504 2577 1738 2630 potissi-um

211 2645 239 2671 a
255 2632 345 2670 mori
431 2630 599 2670 videntur
615 2644 693 2670 esse
710 2631 749 2670 lu·
770 2638 899 2670 motus.
938 2631 995 2670 Hi
1013 2638 1136 2670 auten
1154 2637 1250 2678 sunt,
1270 2630 1333 2684 qui
1349 2631 1533 2676 concinne,
1553 2638 1590 2671 et
1608 2645 1733 2685 quen·-

212 2684 417 2730 admodum,
437 2691 472 2723 et
490 2699 569 2723 cum
588 2691 741 2737 oportet,
759 2687 949 2737 jocantur.
999 2684 1105 2724 Sicut
1128 2685 1225 2724 enim
1247 2698 1405 2738 corpora
1422 2684 1658 2738 distinguunt
1676 2687 1735 2725 m·

212 2746 340 2783 nom,
359 2745 411 2782 ut,
431 2739 588 2791 exempli
604 2740 747 2791 gratia,
769 2740 893 2791 ignem
911 2746 946 2778 et
965 2739 1141 2791 quicquid
1160 2739 1237 2778 leve
1254 2747 1322 2785 est,
1341 2746 1460 2778 motus
1480 2741 1542 2801 qui
1560 2740 1597 2778 in
1615 2739 1734 2778 auum

197 2794 344 2845 fertur,
361 2806 481 2843 grave
498 2800 638 2839 contra,
658 2801 777 2832 motin
795 2794 860 2856 qui
876 2792 930 2831 ad
947 2792 1113 2838 medium,
1135 2793 1327 2846 eodemque
1347 2794 1452 2849 πρᾶο
1479 2807 1516 2833 αι
1532 2793 1645 2838 auin
1676 2794 1732 2832 ita

212 2860 259 2886 ea·
278 2847 325 2885 iis
342 2846 404 2900 qui
423 2852 530 2885 extra
550 2853 644 2891 eunt,
658 2854 693 2885 et
712 2849 774 2900 qui
794 2862 832 2886 in
850 2846 974 2887 oeulos
991 2846 1183 2886 incurrunt
1203 2848 1384 2887 hominum
1402 2846 1567 2893 moritu,
1586 2847 1733 2886 habitus

212 2914 351 2955 quoque
366 2907 550 2953 apparent
568 2901 704 2939 anima.-
720 2908 755 2940 et
774 2915 902 2941 mores.
960 2899 1065 2944 Quia
1083 2910 1212 2940 autem
1232 2902 1332 2941 risus
1359 2902 1418 2948 iis,
1438 2910 1482 2941 ut
1509 2900 1730 2954 plurimum,

211 2954 278 3007 qui
297 2955 421 2994 minus
438 2963 529 2994 sunt
545 2954 708 3001 honesti,
726 2955 860 3007 quales
878 2955 1052 2995 homines
1072 2954 1198 3007 plebei
1223 2965 1314 2995 sunt
1332 2964 1400 2996 aut
1419 2969 1577 3002 scum,
1598 2965 1732 3007 gratus
