1852 3216
209 145 238 170 x
676 130 918 171 ELOGIA
955 131 1288 171 VETERUM.

492 215 638 254 Caecilio
653 216 808 264 palmam
825 216 942 254 Statio
958 216 1007 254 do
1024 217 1177 253 comico.

493 262 642 300 Plautus
658 264 835 301 secundus
851 264 954 301 facile
970 271 1158 310 exsuperat
1175 268 1335 300 caeteros.

492 309 588 346 Dein
607 310 754 347 Naevius
772 314 831 359 qui
849 318 979 354 servet,
998 312 1151 358 pretium
1169 311 1339 347 tertiu'st.

494 358 533 393 Si
549 358 628 399 erit.
647 358 744 406 quod
761 366 903 406 quarto,
922 359 1064 394 dabitur
1081 358 1231 393 Licinio.

492 404 580 441 Post
596 406 734 453 insequi
751 405 928 442 Licinium
947 406 1039 441 facio
1057 405 1221 442 Atilium.

495 451 539 487 In
556 459 658 488 sexto
675 454 835 500 sequitur
851 453 918 488 hos
934 453 1016 488 loco
1031 451 1232 487 Terentius.

495 498 679 547 Turpilius
696 501 903 547 septimum,
919 499 1058 535 Trabea
1074 505 1243 534 octavum
1260 497 1409 534 obtinet.

493 545 602 583 Nono
618 547 700 583 loco
717 559 792 583 esse
809 547 911 583 facile
926 546 1019 583 facio
1037 546 1219 582 Luscium.

491 592 684 630 Decimum
700 594 793 630 addo
811 606 917 630 causa
933 594 1156 641 antiquitatis
1174 592 1344 629 Ennium.

663 657 855 701 Velleius
878 656 1149 708 paterculus,
1171 656 1245 699 lib.
1266 657 1294 700 i.

269 727 492 779 Dulcesque
520 726 648 766 Latini
676 727 821 779 leporis
849 726 999 765 facetiae
1028 740 1098 778 per
1126 725 1342 773 Caecilium,
1367 725 1687 779 Terentinmque,
1713 737 1754 767 et

215 782 423 822 Afranium
442 782 599 833 suppari
619 790 734 820 aetate
755 782 968 819 nituerunt.

582 855 688 898 Fab.
713 855 992 904 Quinctilian.
1015 854 1089 898 lib.
1114 871 1155 897 x.
1179 870 1260 911 cap
1286 856 1322 897 l.

269 926 315 965 In
337 925 528 965 comoedia
546 926 716 964 maxime
735 924 1024 971 claudicamus;
1067 924 1160 963 licet
1189 924 1317 964 Varro
1344 924 1460 971 dicat,
1491 924 1630 965 Musas
1660 926 1753 965 AElii

216 980 388 1022 Stolonis
418 979 597 1019 Plautino
626 993 801 1018 sermone
830 979 1027 1018 locuturas
1056 979 1187 1024 fuisse,
1218 980 1250 1018 si
1278 979 1415 1018 Latine
1444 979 1551 1031 loqui
1579 980 1753 1020 vellent:

215 1035 307 1074 licet
335 1033 536 1073 Caecilium
564 1033 745 1072 laudibus
774 1034 925 1072 serant:
962 1033 1054 1071 licet
1082 1033 1258 1071 Terentii
1287 1034 1432 1085 scripta
1457 1033 1506 1072 ad
1533 1034 1753 1086 Scipionem

217 1089 448 1128 Africanum
463 1088 704 1126 reserantur:
734 1101 821 1139 quae
841 1096 968 1126 tamen
983 1096 1073 1126 sunt
1088 1088 1125 1125 in
1140 1087 1214 1126 hoc
1233 1101 1377 1139 genere
1396 1087 1697 1139 elegantissima,
1714 1099 1755 1128 et

216 1142 306 1196 plus
325 1142 451 1182 adhuc
470 1142 651 1181 habitura
670 1141 820 1194 gratiae,
840 1141 873 1180 si
893 1142 994 1180 intra
1014 1155 1150 1180 versus
1170 1142 1368 1181 trimetros
1389 1142 1604 1182 stetissent.

560 1216 681 1259 Idem
703 1215 944 1259 Declamat.
967 1216 1026 1258 ix.
1050 1217 1140 1258 sive
1162 1215 1407 1260 Gladiator.

271 1286 512 1331 Terentium,
533 1299 649 1337 quem
669 1286 767 1324 inter
787 1294 951 1324 caeteros
968 1285 1157 1337 captivos,
1174 1285 1345 1324 secundo
1364 1284 1514 1325 Punico
1532 1285 1648 1332 bello,
1668 1286 1756 1325 Sci-

215 1341 282 1393 pio
301 1340 511 1380 Africanus
530 1339 694 1379 vinculis
712 1339 947 1385 exsolverat,
967 1340 1165 1378 memoriae
1187 1339 1383 1379 tradidere
1401 1339 1583 1392 majores.
1604 1341 1755 1393 insigne

216 1404 385 1447 receptae
404 1394 594 1434 libertatis
613 1393 716 1446 pileo
734 1402 939 1432 testantem
959 1394 998 1432 in
1018 1394 1215 1445 triumpho
1233 1393 1344 1433 ducis
1362 1407 1448 1433 esse
1467 1404 1735 1447 conspectum.

707 1468 871 1511 Plinius
891 1467 966 1511 lib.
988 1469 1015 1510 i.
1037 1469 1164 1525 epist.
1192 1470 1258 1511 16.

271 1537 384 1590 Legit
411 1537 505 1576 mihi
533 1550 658 1588 nuper
685 1537 881 1589 epistolas,
908 1551 1005 1588 quas
1032 1537 1168 1576 uxoris
1193 1551 1279 1577 esse
1301 1537 1469 1585 dicebat,
1490 1538 1672 1578 Plautum
1692 1539 1754 1578 vel

217 1591 445 1631 Terentium
465 1600 590 1630 metro
609 1590 778 1630 solutum
797 1590 874 1643 legi
894 1591 1055 1630 credidi.

651 1664 708 1708 A.
732 1665 902 1708 Gellius
931 1664 1005 1708 lib.
1030 1666 1099 1708 vii.
1122 1681 1217 1722 cap.
1245 1666 1312 1708 14.

273 1735 379 1775 Vera
403 1744 533 1775 autern
556 1745 597 1774 et
615 1735 773 1788 propria
791 1734 1012 1787 hujusmodi
1033 1735 1246 1773 formarum
1264 1735 1447 1787 exempla
1466 1736 1503 1774 in
1524 1735 1662 1775 Latina
1679 1736 1755 1775 lin-

218 1804 297 1843 gua
326 1790 386 1829 Μ.
408 1789 536 1829 Varro
562 1802 648 1828 esse
675 1789 784 1835 dicit,
814 1788 1002 1828 ubertatis
1030 1788 1260 1835 Pacuvium,
1289 1789 1519 1841 gracilitatis
1548 1789 1755 1837 Lucilium,

218 1844 497 1885 mediocritatis
516 1843 758 1882 Terentium.

724 1911 845 1955 Idem
864 1911 939 1955 lib.
963 1913 1033 1955 vii.
1056 1927 1151 1969 cap.
1174 1913 1244 1955 21.

274 1983 412 2034 Neque
440 1996 583 2034 magno
611 1981 816 2021 intervallo
848 1991 985 2034 postea
1017 1982 1070 2026 Q.
1102 1981 1264 2027 Ennius,
1293 1991 1333 2021 et
1358 1981 1475 2035 juxta
1503 1981 1687 2023 Caecilius
1715 1994 1755 2023 et

218 2036 438 2083 Terentius,
454 2051 499 2076 ac
518 2035 683 2075 subinde
703 2035 897 2075 Pacuvius
914 2050 923 2074 ι
952 2044 991 2075 et
1012 2036 1185 2075 Pacuvio
1198 2035 1281 2088 jam
1300 2049 1391 2075 sene
1412 2036 1571 2084 Accius,
1591 2038 1754 2077 clarior·

219 2105 296 2143 que
315 2100 406 2130 tunc
426 2092 464 2130 in
483 2090 673 2143 poematis
690 2103 825 2129 eorum
844 2090 1110 2129 obtrectandis
1130 2089 1304 2130 Lucilius
1325 2090 1412 2131 fuit.

506 2159 727 2202 Ausonius
748 2160 791 2201 in
812 2161 1079 2216 protreptico
1100 2160 1154 2202 ad
1177 2160 1411 2217 Nepotem.

452 2226 512 2263 Tu
528 2238 670 2275 quoque
686 2226 748 2273 qui
767 2225 908 2262 Latium
924 2227 1020 2262 lecto
1036 2238 1200 2263 sermone
1216 2226 1363 2264 Terenti

453 2274 579 2310 Comis
595 2281 630 2310 et
646 2273 817 2310 adstricto
834 2274 1010 2320 percurris
1050 2274 1164 2320 ulpita
1179 2286 1301 2318 socco,

452 2321 511 2358 Ad
528 2333 623 2358 nova
638 2321 698 2357 vix
714 2332 910 2357 memorem
926 2286 1086 2357 divergia
1101 2333 1190 2369 coge
1206 2327 1399 2358 senectam.

639 2390 837 2434 Lactant.
860 2390 915 2433 de
938 2390 1045 2433 falsa
1065 2407 1156 2448 sap.
1179 2407 1276 2449 cap.
1297 2393 1340 2435 4.

273 2462 401 2501 Nemo
429 2469 558 2514 potest
587 2460 636 2499 de
664 2474 706 2499 se
733 2469 838 2499 recte
860 2459 1052 2512 judicare,
1072 2461 1178 2512 quod
1198 2461 1339 2501 nobilis
1358 2471 1477 2515 poeta
1495 2470 1673 2509 testatur,
1696 2462 1759 2502 Ita

219 2516 321 2556 enim
340 2524 602 2568 comparatam
621 2527 707 2553 esse
726 2513 926 2553 hominum
946 2524 1137 2560 naturam,
1157 2524 1232 2555 etc.

484 2589 668 2633 Hieron.
690 2588 732 2630 in
754 2587 985 2639 Chronico,
1009 2588 1183 2646 Olymp.
1213 2591 1305 2632 155.
1328 2605 1427 2634 ann.
1449 2592 1491 2634 3.

274 2659 319 2699 Ρ.
339 2659 547 2698 Terentius
566 2656 898 2709 Carthaginiensis
922 2657 1203 2697 comoediarum
1229 2659 1396 2712 scriptor
1422 2660 1475 2699 ob
1501 2660 1696 2712 ingenium
1716 2670 1757 2699 et

221 2714 384 2754 sormam
407 2713 591 2759 libertate
619 2712 798 2756 donatus,
827 2711 863 2749 in
891 2709 1058 2750 Arcadia
1078 2713 1264 2751 moritur:
1295 2713 1363 2765 qui
1383 2713 1546 2766 primam
1566 2714 1757 2754 Andriam

218 2779 427 2820 antequam
448 2766 653 2813 amnibus,
674 2765 835 2805 Caecilio
852 2764 1017 2804 multum
1039 2779 1080 2804 se
1100 2767 1252 2806 miranti
1273 2767 1381 2820 legit.

515 2841 660 2883 Idem:
692 2840 747 2883 de
768 2839 932 2897 optimo
952 2854 1111 2896 genere
1132 2841 1459 2898 interpretandi.

272 2910 482 2951 Terentius
503 2909 777 2956 Menandrum,
798 2908 961 2948 Plautus
984 2917 1025 2949 et
1047 2907 1231 2949 Caecilius
1258 2920 1413 2951 veteres
1439 2912 1609 2952 comicos
1638 2912 1758 2952 inter-

218 2965 361 3020 pretati
389 2973 505 3005 sunt:
544 2963 735 3016 numquid
761 2963 914 3004 herent
940 2962 981 3004 in
1010 2963 1172 3003 verbi-t
1208 2977 1256 3005 ac
1274 2977 1354 3005 non
1374 2965 1557 3007 decorem
1575 2967 1699 3020 magis
1717 2976 1759 3007 et
