1852 3216
84 101 225 132 semu
244 89 299 145 1.]

666 92 1017 136 ADELPHI.

1526 98 1612 140 415

140 180 218 223 SY.
242 180 483 225 Laudarier
502 190 545 225 te
565 184 687 227 audit
705 182 911 226 libenter:
948 183 1058 226 facio
1078 192 1121 227 te
1140 186 1257 242 apud
1276 185 1393 228 illum
1415 185 1588 229 Deum:

83 253 125 284 20
141 245 338 290 Virtutes
354 262 496 290 narro.
542 249 623 291 CT.
640 249 795 291 Meas?
841 249 919 291 Sv.
938 249 1080 292 Tuas:
1105 251 1264 294 homini
1279 250 1392 294 illico
1405 251 1606 294 lacrumae

225 313 401 364 cadunt,

140 377 279 426 Quasi
306 394 460 434 puero,
488 380 671 435 gaudio:
703 380 802 423 hem
833 381 911 423 tibi
941 384 1106 424 autem!
1158 382 1238 424 C‘r.
1269 382 1488 430 Quidnam
1508 384 1606 425 est?

225 443 303 486 SY.
327 444 480 500 Lupus
501 446 544 487 in
564 446 723 488 fabula.

138 508 218 550 C'r.
258 509 390 552 Pater
424 513 519 553 est?
582 511 659 554 SY.
694 512 822 568 Ipsus

854 521 934 555 est.
994 513 1073 555 Cr.
1107 513 1231 569 Syre,
1266 514 1371 569 quid
1410 514 1607 569 agimus?

223 574 300 617 SY.
324 576 446 632 Fuge
465 578 593 619 modo
613 579 750 621 intro:
782 595 864 635 ego
884 580 1045 622 videro.

137 639 217 682 C‘r.
242 641 290 683 Si
318 643 423 698 quid
442 645 626 700 rogabit,
648 660 859 701 nusquam
878 654 926 688 tu
944 661 1036 688 me:
1069 646 1299 688 audistin'?
1353 645 1431 688 SY.
1459 644 1601 687 Potin‘

223 715 271 749 ut
292 708 497 751 desinas?

275 886 559 934 ACTUS
618 887 955 941 QUARTI
1014 888 1296 936 SCENA
1340 888 1414 935 ΙΙ.

497 1012 678 1044 ΒΕΜΕΑ.
726 1013 973 1045 CTESIPHO.
1021 1013 1181 1045 SYRUS.

132 1095 221 1137 NAE
242 1110 324 1151 ego
344 1095 472 1137 homo
493 1111 587 1138 sum
604 1095 776 1138 infelix!
806 1097 989 1153 primum
1010 1096 1183 1139 fratrem
1204 1112 1416 1152 nusquam
1435 1097 1605 1139 invenio

215 1162 405 1216 gentium
420 1179 429 1201 :

76 1286 182 1321 vir-un,
203 1286 256 1325 qui
277 1286 319 1315 sit
341 1286 514 1321 iracundus,
534 1286 708 1321 maledicus,
728 1285 816 1324 effre-

76 1333 167 1358 natus
177 1340 188 1362 ,-
207 1330 400 1368 paucissimis
413 1329 474 1358 Dei
483 1329 581 1358 verbis
594 1333 654 1358 tam
664 1329 819 1367 placidum

77 1382 166 1411 quam
191 1381 270 1401 ovem
292 1373 426 1402 reddam.
474 1371 606 1401 Lucian.
631 1370 665 1401 in
692 1370 815 1401 Asino:

78 1412 131 1444 καί
156 1425 207 1444 σοι
232 1415 347 1445 τοῦτον
373 1412 629 1454 σωφρονέστερον
657 1412 819 1455 προβάτου

77 1455 197 1497 παρέξω
211 1458 252 1494 τῆ
266 1457 357 1499 τομῇ.
403 1457 578 1499 Philippid.
594 1457 680 1499 apud
696 1457 819 1488 Stobae-

79 1510 154 1530 um:
179 1501 196 1530 ό
222 1499 423 1540 τραχῖπατος
444 1499 478 1531 δὲ
506 1499 716 1540 συκοφάντης,
740 1501 820 1539 μνᾶς

78 1541 132 1573 δύο
162 1544 272 1579 λαβὼν
301 1543 425 1574 ἄπεισιν
453 1542 558 1584 ἀρνίου
585 1544 816 1583 μαλακώτερος.

78 1585 183 1617 Plaut.
206 1597 285 1617 ovem
307 1598 417 1618 mmm
438 1589 530 1617 vides.
568 1587 731 1618 L—Ovis
753 1597 818 1618 non

75 1628 222 1660 redditur
241 1632 387 1670 placida,-
409 1630 485 1671 quia
506 1640 571 1661 non
586 1639 628 1660 ex
647 1629 714 1660 fera
728 1629 815 1661 cicu-

75 1679 166 1703 ratur
180 1679 213 1703 et
234 1673 420 1710 mansuesit,
441 1673 498 1704 sed
518 1680 567 1704 est
587 1680 701 1704 natura
717 1681 749 1704 et
765 1674 815 1704 in-

75 1715 149 1746 dole
170 1716 305 1758 placida.
353 1716 457 1757 Igitur
475 1726 607 1757 repone,
628 1718 703 1747 Cum
717 1716 817 1757 se‘rvit

75 1762 220 1795 maxume,
231 1765 293 1789 tam
303 1761 466 1799 placidum,
475 1771 564 1800 quan
573 1762 635 1790 ovis
644 1765 699 1798 est,
713 1762 815 1791 reddo.

78 1801 123 1833 Ut
138 1802 232 1839 infra,
249 1813 278 1833 v.
294 1805 323 1833 3.
339 1803 390 1834 63.
424 1803 460 1834 Β.

122 1846 170 1876 19.
187 1847 361 1877 Laudarier
376 1852 405 1877 te
423 1848 511 1877 audit
526 1844 670 1886 libenter]
687 1846 782 1881 Quod
798 1856 817 1877 a

76 1888 144 1928 (de)
173 1889 297 1920 Demea
317 1889 444 1926 dicitur,
470 1889 504 1920 in
529 1899 641 1920 omnes
666 1896 817 1930 parentes

75 1931 139 1972 dici
170 1940 258 1974 puta.
305 1933 390 1964 Nam
426 1943 522 1963 nemo
549 1939 615 1963 tam
645 1942 739 1974 asper
768 1939 818 1963 est

75 1982 177 2017 pater,
208 1983 245 2007 ut
274 1986 339 2006 non
370 1976 479 2007 statim
508 1975 656 2007 mitescat
686 1975 816 2006 laudato

75 2018 151 2050 filio.
184 2019 365 2051 D.—Facio
380 2025 409 2050 te
423 2021 506 2060 apud
520 2018 621 2059 illum]
644 2019 743 2050 Prisc.
759 2018 814 2049 lib.

74 2061 144 2093 xiii.
187 2062 435 2094 L—Socrates
465 2063 551 2104 apud
583 2062 751 2093 Platonem
780 2061 814 2092 in

76 2104 241 2136 Menone:
279 2106 340 2137 Καὶ
371 2106 443 2145 αἵγε
477 2106 624 2144 γυναῖκες
653 2105 761 2142 δήπου,
791 2104 815 2136 ὃ

77 2146 196 2186 Μένων,
202 2149 276 2181 τοὺς
284 2149 420 2188 ἀγαθοὺς
427 2149 547 2187 ἄνδρας,
555 2149 664 2180 Θείους
671 2149 813 2180 καλοῦσι.

77 2190 138 2222 Kal
161 2192 191 2222 οἷ
214 2191 369 2229 Λάκωνες,
386 2192 463 2223 ὅταν
487 2192 558 2223 τινὰ
582 2190 816 2231 ἐγκωμιάζουσιν

76 2233 195 2273 &nebu
205 2235 411 2276 &medos
422 2235 508 2275 ἀνὴρ,
522 2235 630 2276 φασὶν,
647 2233 747 2267 οὗτος.
764 2234 813 2265 Cf.

76 2277 143 2308 Cic.
153 2277 193 2309 de
203 2279 314 2310 Orat.
305 2279 403 2310 1i.42.
414 2286 447 2310 et
460 2279 584 2310 Erasm.
598 2278 632 2309 in
642 2278 745 2318 Adag.
762 2277 813 2308 W.

119 2322 170 2352 20.
186 2323 322 2353 Virtutes
332 2321 440 2363 uarro]
458 2323 533 2353 Non
545 2322 623 2353 dicit
636 2322 817 2363 elegantem

76 2362 228 2402 indolem,
240 2365 296 2396 sed
307 2367 445 2396 virtutes.
477 2367 612 2396 Virtutes
623 2372 730 2396 autem
741 2371 817 2395 sunt

76 2406 210 2448 perfecti
232 2408 397 2450 capientis,
420 2409 469 2440 vel
492 2409 560 2440 divi
581 2408 726 2449 alicnjus.
772 2407 818 2439 Et

76 2450 160 2480 bene
181 2460 254 2481 cum
274 2458 406 2492 stupore
428 2451 508 2491 (alii,
527 2452 656 2492 pudore)
681 2462 816 2493 respon-

77 2492 133 2522 det
143 2494 248 2524 Meas.
244 2496 257 2516 ⁹
279 2495 452 2526 ostendens
473 2495 559 2536 quod
582 2495 680 2526 nullae
697 2500 815 2526 essent.

76 2536 182 2566 Meas.
178 2538 191 2558 ⁹
209 2535 307 2577 Tuas]
324 2537 406 2568 Cum
421 2545 515 2579 gestu
529 2538 743 2580 pronunciare
759 2537 815 2569 de·

77 2578 198 2615 bemus,
215 2585 253 2610 ut
265 2579 486 2622 intelligatur
477 2581 594 2612 irrisio.
623 2581 666 2612 D.

120 2623 171 2653 21.
192 2621 288 2657 Quasi
307 2634 411 2663 puero,
433 2623 564 2665 gaudio]
590 2624 702 2661 Deest,
727 2635 815 2664 prae:

76 2671 113 2696 ut
127 2664 179 2701 sit,
200 2677 267 2705 prae
278 2668 402 2706 gaudia.
445 2667 581 2707 Lupus
568 2679 601 2698 su
612 2666 741 2708 sabula]
763 2667 815 2698 Si-

75 2707 168 2739 lentii
179 2708 313 2740 indictio
325 2716 374 2740 est
387 2709 422 2740 in
434 2709 494 2740 hoc
506 2710 697 2751 proverbio:
721 2718 816 2751 atque

75 2752 232 2791 ejusmodi
256 2752 385 2783 silentio
411 2752 463 2783 vel
487 2752 522 2784 in
547 2752 619 2794 ipso
647 2753 753 2790 verbo,
780 2760 817 2784 ut

73 2793 146 2846 ipsa
166 2794 271 2826 fabula
288 2795 405 2836 (Atque
419 2795 564 2836 ejusmodi
583 2797 707 2833 silentui,
722 2801 757 2826 ut
770 2797 819 2827 vel

74 2839 108 2868 ἐι
129 2840 194 2878 ipso
212 2840 300 2870 verbo
324 2837 461 2879 Fabula)
484 2838 686 2870 conticescat.
731 2838 818 2875 Quia

75 2879 188 2922 lupum
210 2882 329 2913 vidisse
348 2882 496 2913 homines
515 2881 662 2919 dicimus,
684 2882 739 2923 qui
764 2892 815 2914 re·

76 2932 174 2965 pente
188 2925 427 2957 obmutuerint:
451 2925 536 2966 quod
550 2924 646 2956 fere'
637 2925 678 2956 iis
697 2925 816 2964 evenit,

860 1295 940 1325 quos
961 1284 1050 1326 prior
1070 1284 1190 1315 viderit
1203 1284 1316 1326 lupus:
1341 1291 1378 1315 ut
1392 1295 1466 1316 cum
1482 1285 1603 1326 cogita-

861 1328 949 1358 tione
965 1327 999 1358 in
1015 1338 1078 1368 qua
1093 1327 1223 1364 fuerint,
1240 1327 1337 1358 etiam
1353 1338 1431 1359 voce
1446 1335 1479 1359 et
1497 1328 1605 1360 verbis

860 1378 1000 1401 careant.
1046 1370 1099 1402 Sic
1123 1370 1326 1408 Theocritus,
1351 1370 1446 1412 Idyll.
1467 1371 1533 1402 xiv.
1551 1372 1604 1403 22.

861 1414 898 1445 οὗ
924 1413 1063 1455 φθέγξῃς
1087 1412 1185 1444 λύκον
1212 1412 1300 1445 εἶδες.
1346 1414 1393 1445 Ει
1413 1414 1504 1455 Virg.
1531 1414 1601 1446 Ecl.

862 1457 906 1488 ιιι.
924 1459 974 1488 54.
991 1468 1046 1488 vox
1062 1468 1175 1498 qaoque
1189 1459 1304 1488 Moern'n
1334 1459 1404 1488 Iam
1411 1456 1500 1499 sugit
1515 1460 1603 1498 ipsa.-

863 1502 927 1540 lupt‘
951 1502 1065 1531 Μαι-ιιι
1089 1502 1190 1531 videre
1213 1503 1339 1541 priores.
1394 1500 1460 1531 Alii
1487 1507 1605 1543 putant

862 1553 904 1574 ex
919 1543 1081 1574 nutricum
1096 1543 1212 1574 fabulis
1226 1550 1347 1580 natum,
1361 1554 1480 1585 pueros
1494 1544 1603 1575 ludifi-

861 1587 1003 1618 cantium
1016 1593 1138 1618 terrore
1149 1586 1228 1638 lupi,
1240 1586 1396 1628 paulatim
1408 1587 1521 1628 Capua
1533 1586 1603 1628 (alii

859 1641 875 1661 e
897 1641 1010 1661 cavea:
1034 1629 1154 1666 malim,
1180 1632 1213 1660 in
1233 1631 1348 1668 casam)
1366 1630 1526 1662 venientis
1547 1641 1603 1662 us-

859 1684 921 1714 que
940 1673 981 1704 ad
1002 1673 1101 1704 limen
1120 1673 1269 1704 cubiculi.
1315 1674 1401 1704 Nam
1419 1673 1534 1705 falsum
1554 1680 1605 1705 est

859 1717 944 1757 quod
967 1716 1095 1754 dicitur,
1117 1716 1331 1748 intervenisse
1354 1717 1467 1758 lupum
1491 1717 1603 1748 Naevi-

859 1770 930 1791 anae
945 1759 1069 1796 fabulae,
1092 1759 1266 1791 Alimoniae
1289 1760 1383 1791 Remi
1405 1767 1437 1791 et
1460 1759 1603 1797 Romuli,

859 1803 935 1834 dum
958 1803 992 1833 in
1017 1803 1142 1833 theatro
1164 1809 1322 1844 ageretur.
1355 1803 1548 1842 D.—Lupus
1569 1805 1603 1834 ἐκ

851 1845 982 1886 sabula]
1000 1845 1221 1882 Proverbium‚
1233 1857 1308 1877 cum
1323 1845 1393 1887 ipse
1405 1845 1546 1881 advenit,
1562 1846 1604 1877 de

860 1900 923 1929 quo
932 1888 1102 1929 loquimur.
1127 1888 1493 1930 R—Lupuss‘nsabula]
1505 1888 1602 1920 Plau-

860 1939 913 1963 tus
931 1932 965 1963 in
987 1932 1097 1963 Sticho
1113 1931 1154 1962 iv.
1174 1933 1201 1969 1,
1219 1932 1270 1964 71.
1314 1934 1415 1972 Atque
1429 1943 1529 1963 eccum
1545 1934 1603 1964 ts'bt‘

860 1977 961 2015 lupum
982 1977 1013 2006 ιιι
1033 1986 1185 2010 sermonum
1206 1986 1339 2015 praesens
1357 1978 1491 2006 esur-iens
1504 1977 1602 2007 adest.

858 2018 998 2049 vidend.
1016 2018 1104 2049 Suid.
1122 2017 1150 2048 εἷ
1163 2018 1216 2049 καὶ
1231 2017 1331 2049 λύκου
1346 2017 1511 2057 ἐμνήσθης.
1546 2019 1584 2050 L.

902 2063 953 2093 22.
969 2063 1055 2103 Fuge
1075 2063 1159 2092 modo
1180 2060 1278 2102 intro]
1302 2061 1377 2092 Non
1397 2061 1481 2092 dixit
1501 2062 1529 2098 1,
1549 2061 1603 2093 vel

858 2107 920 2142 abi,
944 2104 996 2135 vel
1018 2107 1115 2136 vade.-
1138 2104 1195 2135 sed
1208 2103 1299 2145 suge,
1324 2111 1414 2135 tanta
1436 2103 1603 2136 celeritate

858 2159 940 2190 opus
967 2155 1026 2179 est.
1065 2148 1234 2179 D.-'rres
1260 2158 1302 2178 ex
1327 2147 1446 2179 nostris
1469 2149 1603 2179 Parme

858 2194 926 2222 est?
949 2193 1046 2231 Ipsus.
1080 2191 1176 2231 Lege,
1187 2192 1343 2222 Pater-ne?
1365 2192 1399 2222 Is
1409 2193 1501 2231 ipsus.
1525 2190 1603 2222 vid.

860 2235 989 2266 Phorm.
1014 2234 1035 2265 i.
1060 2236 1089 2271 3,
1118 2234 1169 2265 26.
1204 2234 1311 2265 Versu
1334 2235 1377 2265 20
1402 2245 1462 2276 pro
1485 2235 1601 2266 um?

858 2278 939 2319 lege,
955 2279 1106 2309 Meosne?
1138 2278 1175 2309 B.

904 2323 954 2352 23.
981 2323 1015 2352 Si
1044 2322 1119 2362 quid
1145 2322 1276 2362 rogabit,
1301 2331 1446 2361 nusquam
1474 2325 1509 2350 tu
1536 2319 1601 2362 ne]

862 2364 984 2406 Magna
1000 2364 1119 2395 virtute
1143 2363 1317 2395 Terentius
1335 2363 1459 2400 rudem,
1475 2363 1602 2406 simpli-

859 2418 940 2444 cem,
953 2407 1165 2448 timidumque
1177 2406 1302 2438 inducit
1314 2406 1546 2455 Ctesiphonem
1560 2407 1603 2439 ab

859 2451 971 2482 ιιιιιιο·
996 2458 1033 2482 ιιι
1058 2450 1087 2482 is
1112 2450 1164 2487 sit,
1186 2450 1241 2491 qui
1268 2460 1344 2481 mox
1365 2449 1603 2499 opprimeretur

859 2505 932 2526 cum
970 2493 1140 2525 meretrice
1176 2494 1379 2529 accumbens,
1416 2493 1602 2526 interventu

858 2538 971 2580 patris,
993 2538 1034 2569 ob
1055 2536 1306 2579 imprudentiam
1329 2547 1366 2567 ac
1387 2535 1603 2568 rusticitatem

859 2591 960 2612 suam.
1005 2582 1163 2622 Nusquam
1191 2585 1224 2610 tu
1250 2578 1312 2620 me]
1337 2578 1519 2611 Familiaris
1543 2578 1600 2611 ἔλ-

859 2627 962 2665 Mutis
993 2630 1027 2655 et
1054 2630 1132 2665 apta
1157 2622 1363 2664 properanti:
1402 2632 1501 2663 quare
1532 2622 1603 2655 hae

859 2677 974 2741 omna}
982 2677 1093 2709 pressa
1104 2676 1182 2740 buce
1193 2676 1267 2697 cum
1278 2665 1444 2697 celeritate
1455 2675 1600 2708 pronun-

859 2720 931 2741 etan
988 2716 1074 2741 sunt.

905 2755 932 2784 1.
959 2754 1020 2784 Nae
1040 2763 1094 2793 ego
1118 2754 1202 2783 Ιιοιιιο
1227 2763 1294 2783 sun
1318 2750 1443 2793 insels’s]
1471 2751 1513 2783 In
1538 2751 1599 2785 boc

859 2803 934 2828 actu
968 2795 1154 2837 exemplum
1183 2803 1243 2832 est,
1274 2795 1437 2828 neminem
1462 2794 1600 2835 ῙιειΙιιη,

859 2849 955 2880 quam
978 2838 1136 2880 optimum
1160 2848 1318 2880 quemque
1336 2837 1404 2870 filli
1425 2844 1522 2880 utque
1541 2839 1598 2871 de-

859 2882 938 2920 ludi,
950 2889 987 2913 ut
996 2881 1153 2923 Virgilius
1167 2881 1222 2913 ait.
1260 2881 1306 2913 Et
1317 2883 1378 2914 Νι
1389 2881 1483 2914 valde
1496 2881 1598 2924 signi·

861 2925 952 2956 ficat:
976 2932 1012 2957 ut
1027 2926 1087 2957 Νι
1098 2927 1148 2956 ina·
1157 2927 1344 2957 velue-enter
1355 2929 1469 2963 errat,
1485 2925 1600 2958 Cicero
