1852 3216
87 169 226 208 sensu
244 164 298 216 1.]

200 252 374 302 Beasti;
405 252 536 294 metui
555 266 582 293 a
602 250 830 307 Chryside.

697 162 1005 206 ANDRIA.

1314 198 1321 207 .
1567 168 1620 209 21

878 251 946 294 Sl.
978 251 1047 293 Ibi
1067 258 1158 293 tum
1178 250 1291 293 filius

135 325 177 354 80
197 316 308 358 Cum
327 315 425 366 illis,
443 316 518 370 qui
537 316 739 358 amabant
758 315 1033 370 Chrysidem,
1053 330 1138 357 una
1158 315 1311 357 aderat
1330 315 1533 370 frequens
1551 335 1562 367 ;

200 380 397 423 Curabat
415 395 502 422 una
521 379 667 431 funus,
689 380 823 424 tristis
842 380 1028 429 interim,

199 444 524 499 Nonnunquam
546 443 917 487 conlacrumabat:
949 443 1113 499 placuit
1133 451 1223 486 tum
1243 444 1288 487 id
1309 444 1426 487 mihi.

202 509 275 551 Sic
294 509 564 564 cogitabam3
595 508 700 559 Hic,
721 523 868 564 parvae
887 509 1215 551 consuetudinis

199 573 360 624 Causa,
381 581 564 615 mortem
582 573 713 629 hujus
731 580 818 615 tam
838 573 924 615 fert
943 572 1231 616 familiariter:

136 646 177 676 85
202 639 339 689 Quid,
362 639 398 679 si
418 638 512 693 ipse
531 640 748 680 amasset?
778 638 884 694 quid
903 638 974 680 hic
994 638 1098 680 mihi
1116 637 1247 681 faciet
1266 639 1413 694 patri?

200 703 313 744 Haec
333 717 416 758 ego
437 703 644 757 putabam
663 717 762 746 esse
782 703 924 745 omnia
943 702 1119 744 humani
1139 703 1285 758 ingeni

200 767 508 821 Mansuetique
529 767 658 808 animi
677 767 831 810 officia.

884 767 1005 815 Quid
1025 767 1169 810 multis
1187 782 1332 811 moror
1344 769 1364 810 ’ἐ

199 831 390 886 Egomet
409 845 583 886 quoque
603 831 699 887 ejus
719 846 851 875 causa
869 833 914 874 in
933 832 1063 875 funus
1082 832 1267 888 prodeo,

84 961 224 994 comicas
238 965 369 997 mortes,
388 965 426 991 nt
445 969 521 991 cum
542 959 585 991 ad
605 960 834 992 necessitatem

84 1003 268 1045 argumenti
303 1002 495 1040 referantur,
523 1012 590 1034 non
622 1002 688 1034 sint
724 1009 833 1034 tamen

84 1046 223 1088 tragicae.
262 1045 349 1077 Nam
365 1051 422 1076 aut
436 1045 593 1076 meretrix
613 1044 763 1084 sumitur,
777 1051 835 1077 aut

84 1099 197 1126 senex,
212 1094 269 1120 aut
282 1088 325 1119 de
338 1088 463 1119 duabus
477 1087 574 1119 simul
589 1087 746 1119 uxoribus
766 1098 834 1120 una

83 1141 176 1163 uxor.
216 1131 331 1172 Itaque
346 1129 531 1170 hujusmodi
545 1129 663 1179 obitus,
684 1137 742 1161 aut
762 1141 831 1162 me·

82 1174 186 1206 diceri
197 1173 330 1204 tristitia
340 1172 512 1214 excipitur,
524 1179 581 1204 ant
592 1172 691 1204 etiam
703 1173 832 1214 gaudio.

86 1216 241 1257 Osee-tum
256 1215 346 1256 bene]
367 1214 471 1251 Quasi
492 1215 548 1256 qui
568 1214 698 1253 dixerit,
723 1217 834 1247 Vereor

84 1270 124 1291 ne
150 1261 227 1300 quid
253 1260 377 1290 Andria
405 1263 546 1298 apportet
573 1259 658 1288 nali.
703 1258 831 1300 Beasei]

85 1301 271 1334 Artificiose
296 1300 428 1342 quidem
447 1302 595 1340 gaudium
616 1301 763 1341 subjecit,
790 1311 833 1333 ne

84 1355 172 1376 mors
186 1344 221 1375 in
235 1343 404 1417 c‹1›)moedia,
417 1342 524 1374 luctus
537 1342 573 1374 in
587 1343 744 1384 tragoedia
755 1353 831 1385 per·

85 1393 225 1419 sonaret.
291 1409 301 1416 .

129 1429 181 1462 79.
204 1431 306 1460 Metui
319 1439 340 1459 o
353 1427 519 1469 Chryside]
530 1429 635 1459 Metuo
649 1429 735 1459 ianm
749 1427 835 1466 dico,

86 1472 142 1512 qui
158 1471 239 1502 mihi
253 1471 325 1512 ipse
339 1470 461 1511 aliquid
475 1470 619 1502 facturus
634 1476 693 1502 est.
734 1472 836 1502 Timeo

87 1516 129 1545 ob
146 1516 208 1551 illo,
229 1515 323 1554 cujus
343 1523 440 1544 causa
456 1523 590 1554 possum
611 1512 734 1553 aliquid
756 1513 835 1544 mali

131 1556 166 1594 ti,
178 1556 277 1587 etiam
289 1555 318 1587 si
332 1555 404 1596 ipse
416 1555 522 1586 nihil
513 1565 548 1586 ιιι
559 1565 612 1586 me
624 1554 701 1586 mali
715 1565 834 1586 consu-

85 1566 166 1630 gat.
189 1600 290 1629 Metui
310 1609 331 1628 a
354 1597 519 1639 Chryside]
545 1596 749 1637 Ἀρχαΐσμός.
790 1598 833 1629 D.

85 1640 254 1681 -ΒεωιιΊ
271 1641 408 1672 Beatum
420 1640 536 1671 fecisti.
561 1639 729 1671 R—Tres
739 1640 833 1672 codd.

85 1684 188 1715 nostri
199 1683 330 1720 habent,
342 1685 472 1718 Beati,-
493 1685 523 1714 ei
536 1684 631 1713 metui
642 1693 662 1713 a
675 1684 833 1723 Chryside.

86 1726 184 1757 lianc
205 1726 379 1757 lectionem
400 1725 589 1766 comprobat
604 1725 726 1756 Donati
741 1725 833 1763 liber,

86 1768 261 1800 auctoritas
270 1767 481 1805 Prisciani,et
488 1777 602 1798 sensus
611 1767 782 1808 elegantia.
794 1768 834 1799 B.

131 1813 183 1842 80.
213 1813 282 1842 Una
293 1812 402 1841 aderat
401 1809 567 1851 frequens]
581 1809 627 1840 Ut
637 1819 745 1852 supra,
760 1812 835 1842 Cum

90 1856 200 1894 quibus
223 1858 292 1884 erae
316 1864 440 1893 cunque
462 1863 534 1889 «no,
558 1854 606 1883 hie
627 1863 692 1883 sese
714 1854 833 1884 dedere.

87 1899 207 1927 Aderat
212 1894 378 1936 frequens]
403 1895 579 1926 Possumus
600 1894 689 1925 enim
711 1894 834 1932 adesse,

85 1938 502 2020 {affizffiffzm
519 1937 836 2020 :kzffiss‘wff

87 2035 188 2064 quens,
205 2028 243 2054 ut
257 2023 350 2053 miles
365 2023 452 2064 apud
466 2022 569 2063 signa.
602 2022 645 2053 D.

131 2067 182 2097 81.
208 2067 346 2096 Curabat
359 2064 542 2106 suasanus]
558 2067 663 2095 Funus
677 2069 727 2095 est
742 2075 834 2106 pom-

86 2118 129 2149 pa
149 2108 370 2149 exequiarum,
386 2107 509 2138 dictum
525 2117 545 2138 a
559 2107 731 2138 funalibus.
775 2108 834 2138 Et-

87 2150 174 2182 enim
202 2156 302 2182 noctu
323 2150 548 2187 efferebantur,
570 2156 705 2191 propter
727 2159 835 2180 sacro-

86 2203 159 2225 rum
170 2193 420 2225 celebrationem
432 2191 592 2223 diurnam.
627 2194 764 2223 eur-abae
775 2203 837 2223 una

79 2235 195 2276 fam]
211 2236 259 2267 Ut
273 2245 339 2266 non
353 2235 498 2276 potuerit
512 2234 547 2265 in
564 2235 712 2275 exequiis
724 2234 835 2266 videre

86 2285 221 2320 patrem.
267 2276 414 2318 Interim]
436 2277 632 2326 Descriptio
661 2284 711 2308 est
740 2277 836 2317 hujus

85 2321 146 2358 rei,
167 2331 240 2362 quae
261 2321 303 2352 ad
324 2319 544 2352 narrationem
567 2319 711 2361 pertinet
738 2330 835 2362 supe-

88 2363 217 2395 riorem.
250 2364 293 2394 D.

131 2407 184 2438 82.
219 2408 440 2446 Nonnunquam
470 2404 732 2445 conlaermmboe]
765 2405 838 2436 Illis

90 2448 178 2480 enim
190 2448 294 2489 magis
308 2458 406 2479 causa
419 2448 519 2479 flendi
534 2447 649 2485 fuerat,
661 2448 727 2489 qui,
740 2458 837 2488 quam

91 2491 252 2528 amabant,
269 2491 465 2522 amiserant:
497 2490 551 2521 hic
574 2500 684 2522 amore
704 2496 838 2532 propter

91 2543 183 2564 suam
191 2533 393 2617 ιιξὶέγιτιειίιιιιι
413 2532 837 2607 conlmfflssnquffl·

90 2576 162 2606 enis
369 2586 444 2607 snas
472 2585 578 2606 comm
794 2591 838 2598 ——

91 2619 314 2658 Noua-qm
341 2618 601 2659 mutuor-nahae]
635 2618 707 2649 Has
731 2618 836 2659 lacry-

90 2670 162 2691 mas
191 2660 347 2692 fundebat
376 2660 566 2702 Pamphilus
601 2667 735 2702 propter
765 2671 838 2691 eam

91 2702 352 2739 familiaritatem,
363 2713 460 2743 quam
470 2703 611 2734 habebat
625 2713 667 2734 ex
680 2704 835 2743 conjunc-

90 2745 181 2776 tione
187 2746 257 2785 ejus
268 2745 423 2783 mulieris,
433 2745 662 2787 quaeChrysidi
671 2745 838 2777 <rarissima

91 2787 205 2819 fuerat.
258 2787 323 2818 Sed
352 2787 505 2827 quoniam
533 2787 668 2828 Chrysis
700 2794 837 2826 mortua,

91 2830 181 2861 salva
209 2836 318 2861 autem
347 2829 405 2860 ina
433 2840 530 2870 quam
562 2830 727 2871 diligebat,
764 2831 839 2862 ideo

92 2872 609 2956 ffiffiiffissssssfffflz
618 2872 839 2947 mezu&

137 2959 188 2989 8³.
220 2960 272 2990 Sic
292 2957 479 2999 cogitabam]
502 2958 553 2990 Ac
574 2957 603 2990 si
623 2957 755 2998 diceret,
778 2958 839 2991 hoc

876 959 1077 1001 cogitabam·
1113 971 1247 993 sensum
1273 967 1400 993 tantum
1422 961 1629 1003 cogitationis

876 1003 986 1034 dicere
1015 1003 1145 1035 debuit·
1184 1004 1242 1035 sed
1271 1004 1348 1045 quia
1375 1007 1422 1036 sie
1457 1008 1628 1046 cogitabam

876 1045 991 1083 dixit,'
981 1056 1089 1087 ipsum
1103 1052 1231 1087 gestum
1246 1046 1420 1087 cogitantis
1435 1047 1580 1088 exponit,
1592 1054 1628 1079 et

875 1087 996 1119 dieitur
1016 1087 1156 1127 μίμησις.
1193 1090 1258 1120 Hic
1275 1100 1381 1128 parvae
1402 1092 1627 1121 consuetudinis

875 1130 987 1171 eausa]
1005 1131 1079 1162 Hoc
1094 1137 1154 1168 est,
1169 1131 1311 1162 convivii
1327 1138 1471 1163 tantum:
1496 1138 1529 1163 et
1550 1132 1628 1173 quia

875 1173 1004 1204 dixerat
1024 1184 1115 1214 puer,
1133 1174 1193 1205 hoc
1214 1174 1322 1204 solum
1343 1174 1449 1215 egisse
1472 1175 1626 1216 Pamphi-

875 1215 954 1254 lum,
970 1216 1053 1247 nihil
1067 1216 1166 1255 aliud,
1182 1218 1354 1258 Symbolum
1375 1219 1471 1255 dedit,
1487 1220 1626 1249 coenavit.

920 1302 973 1332 84.
998 1302 1074 1332 Tan
1084 1300 1154 1341 fert
1166 1299 1389 1342 fmilia-iter]
1417 1301 1455 1332 [d
1476 1308 1535 1338 est,
1551 1312 1626 1344 gra-

875 1342 970 1374 viter.
1015 1344 1101 1374 Nam
1124 1354 1196 1392 quae
1222 1344 1317 1375 nobis
1341 1350 1420 1375 sunt
1445 1344 1627 1381 familiaria,

875 1386 989 1426 gravia
1010 1392 1087 1416 sunt
1107 1386 1218 1417 auimo
1239 1392 1360 1418 nostro.
1398 1387 1627 1428 Familiariter]

876 1428 979 1464 Quasi
998 1428 1183 1460 familiaris:
1215 1439 1257 1460 an
1283 1429 1393 1470 potius
1414 1429 1626 1461 familiariter.

879 1470 1035 1511 D-j—Hu
1037 1482 1072 1502 us
1095 1476 1217 1502 mortem
1241 1477 1303 1502 tam
1318 1471 1388 1511 sert
1400 1471 1625 1520 famliariter]

879 1513 955 1544 Hoc
970 1519 1029 1550 est,
1046 1514 1093 1544 sic
1108 1514 1197 1545 dolet
1211 1521 1247 1545 ut
1262 1513 1439 1545 familiaris.
1471 1514 1508 1545 1..

922 1557 973 1586 85.
1000 1557 1084 1589 Quid
1103 1558 1154 1587 hic
1175 1559 1249 1587 milae·
1261 1555 1362 1596 faciet
1379 1558 1468 1596 patri
1477 1556 1512 1597 ἲ]
1535 1557 1629 1595 Mihi,

877 1597 964 1629 circa
978 1608 1040 1629 me.
1079 1598 1125 1629 Et
1145 1605 1317 1648 postquam
1337 1600 1414 1630 nihi
1434 1598 1529 1637 dixit,
1543 1610 1627 1641 pon-

877 1640 939 1672 dus
953 1640 1066 1671 intulit
1085 1640 1236 1678 nominis,
1252 1641 1391 1672 dicendo
1407 1644 1506 1681 patri.
1547 1644 1631 1676 Quid

877 1684 927 1714 hie
952 1682 1045 1723 mebi]
1070 1683 1155 1715 Vide
1177 1694 1275 1724 quam
1297 1690 1434 1715 venuste
1460 1684 1630 1725 repetierit

877 1728 936 1756 hic.
967 1726 1009 1757 D.
1011 1728 1143 1759 —Qut'd
1155 1728 1205 1757 hic
1218 1725 1402 1766 nibisaeiet
1415 1729 1502 1766 patri
1512 1726 1546 1767 ?]
1571 1727 1629 1758 ei·

877 1778 953 1799 cero
979 1768 1035 1799 lib.
1061 1769 1106 1799 ix.
1136 1768 1232 1810 epist.
1263 1769 1293 1802 7.
1324 1769 1366 1800 ad
1395 1769 1509 1800 Famil.
1547 1770 1630 1801 1..—

879 1810 980 1850 Lego‚
995 1813 1071 1851 quia
1084 1813 1159 1841 mihi
1173 1813 1231 1842 ιιι-ε.
1265 1811 1303 1842 Β.

922 1853 973 1883 86.
997 1855 1076 1884 Haec
1090 1865 1145 1894 ego
1157 1853 1321 1893 putabant]
1338 1855 1457 1884 Patare
1476 1859 1527 1885 est
1547 1854 1628 1894 ejus,

878 1894 933 1934 qui
957 1895 1166 1936 simplicitate
1188 1895 1330 1936 pectoris
1354 1896 1525 1927 aberravit.
1571 1897 1628 1928 Ci-

878 1946 963 1975 cero,
978 1947 1039 1978 pro
1055 1938 1164 1978 Ligar.
1189 1939 1237 1968 10.
1282 1939 1353 1969 Non
1371 1941 1504 1978 putavit,
1526 1941 1630 1979 lapsus

879 1984 934 2010 est.
972 1981 1051 2010 Haee
1063 1991 1119 2021 ego
1129 1980 1294 2021 putabam]
1312 1981 1397 2011 Cum
1419 1981 1524 2012 adhuc
1546 1981 1629 2013 nihil

878 2022 1078 2062 peccationis
1092 2023 1281 2060 ostenderit,
1297 2030 1405 2053 tamen
1420 2023 1513 2054 dolor
1527 2024 1562 2055 in
1577 2024 1628 2055 fu-

878 2071 953 2095 tura
982 2065 1183 2106 prorumpit:
1223 2071 1268 2103 ut,
1291 2065 1369 2096 AEn.
1399 2065 1434 2096 ii.
1466 2067 1540 2097 ³44.
1585 2069 1630 2098 Et

877 2118 972 2147 gener
986 2109 1134 2138 aua-ilium
1154 2109 1277 2139 Priamo
1297 2109 1531 2149 Phrygibusque
1538 2108 1627 2149 fere-

881 2151 942 2181 bat.
983 2151 1121 2181 Humana·
1149 2149 1270 2191 ingeni]
1298 2149 1395 2181 Circa
1423 2151 1627 2192 Chrysidem.

881 2192 1047 2224 D.—Haee
1060 2204 1115 2233 ego
1131 2195 1278 2232 putabam
1299 2203 1364 2224 esse
1384 2195 1483 2224 mia
1503 2195 1630 2226 hanimi

878 2234 999 2275 ingeni]
1029 2235 1114 2266 Cum
1138 2235 1283 2266 nondum
1312 2241 1539 2276 argumentum
1567 2236 1627 2267 ali-

879 2277 966 2318 quod
977 2277 1118 2308 officium
1131 2278 1225 2309 malae
1237 2278 1423 2309 ostenderat
1436 2277 1628 2320 discipline,

880 2326 990 2351 tamen
1005 2320 1098 2351 dolor
1108 2321 1176 2360 jam
1191 2320 1301 2352 futura
1314 2320 1474 2361 prorupit,
1488 2331 1563 2352 cum
1576 2332 1627 2353 es-

880 2369 931 2394 set
946 2362 1131 2394 admonitus
1145 2363 1226 2394 falsa
1239 2363 1350 2400 fuisse,
1365 2373 1438 2403 quae
1458 2369 1535 2394 ante
1556 2374 1628 2396 cre-

881 2406 978 2436 debat
992 2405 1124 2447 pietatis
1138 2405 1267 2436 indicia.
1299 2405 1339 2436 F..

925 2449 976 2480 87.
1003 2447 1178 2488 Mas-sueti]
1203 2448 1300 2479 Circa
1324 2447 1454 2479 amicos.
1502 2450 1630 2490 Ego-et

880 2490 1012 2531 quoque]
1030 2491 1075 2522 Ut
1090 2496 1124 2521 et
1142 2491 1214 2532 ipse
1236 2490 1437 2532 Pamphilus,
1452 2497 1510 2522 aut
1529 2491 1630 2523 etiam

881 2543 951 2574 ego,
968 2543 1063 2573 quem
1079 2533 1188 2564 minus
1199 2533 1357 2564 crederes.
1391 2533 1432 2564 D.

924 2577 976 2606 88.
993 2576 1073 2617 Ejus
1082 2575 1191 2616 causa]
1206 2576 1360 2615 Ejusdem
1373 2576 1631 2608 mansuetudinis

880 2624 914 2649 et
928 2618 1150 2654 humanitatis,
1166 2624 1199 2649 et
1214 2619 1284 2658 ejus
1306 2618 1479 2660 Pamphili.
1516 2620 1556 2650 In
1567 2617 1627 2658 ss—

880 2672 938 2692 παι
947 2660 1076 2701 prodeo]
1095 2660 1247 2709 Insanus,
1262 2661 1298 2691 in
1320 2671 1473 2709 pompam
1493 2661 1628 2702 exequi-

880 2703 1630 2787 ffiss'v‘ssifflssssmssffi’ess'fflmmffiq'ffffi

881 2788 1018 2819 delibuti
1034 2788 1136 2824 funes,
1152 2793 1186 2818 et
1200 2790 1221 2810 Φ
1237 2788 1273 2819 ιιι
1286 2798 1375 2829 genu
1390 2788 1478 2820 cerei
1499 2789 1629 2821 fomites

882 2831 1077 2871 infigunturz
1101 2829 1201 2871 (lege,
1216 2829 1502 2871 Quodafsnalibus
1513 2834 1629 2863 dietum

881 2879 926 2904 est
943 2875 1081 2909 aduncis,
1096 2875 1144 2903 vel
1163 2875 1266 2905 aneis
1285 2876 1543 2911 candelabrorum,
1558 2877 1627 2915 qui-

883 2918 937 2947 bus
951 2915 1191 2955 delibutisunes,
1205 2921 1237 2947 et
1255 2918 1392 2958 ingentes
1412 2919 1492 2948 cerei
1503 2916 1630 2957 fomites

882 2960 1058 2999 infiguntur.
1089 2958 1305 3000 D.-Bgonet
1315 2970 1430 3000 quoque
1440 2959 1506 3000 ejas
1518 2959 1628 2999 causo]
