1910 3216
395 105 580 143 INDEX
611 105 936 142 VERBORUM
974 106 1043 141 ET
1077 105 1401 142 PHRASIUM.

50 188 104 230 pol
116 198 211 229 quam
222 190 330 226 paucis
340 188 484 229 reperias
500 197 602 218 mere-

50 232 184 262 tricibus
215 231 321 262 fidelis
345 231 492 263 evenisse
515 240 604 261 ama-

50 280 145 305 tores.
172 274 253 305 Hec.
269 273 288 304 i.
310 275 336 310 1,
357 275 383 304 1.
401 272 474 304 vide
492 274 603 304 Notas.

90 316 242 357 perpello]
270 316 379 356 Usque
401 316 482 346 adeo
503 315 606 346 donec

48 361 195 396 perpulit.
220 359 305 389 And.
323 359 364 389 iv.
386 360 413 395 1,
431 360 481 389 38.
527 360 605 389 Per-

49 404 159 438 pulisti
171 411 232 432 me.
252 401 335 432 And.
354 411 382 431 v.
403 402 429 437 1,
447 402 476 431 9.

91 443 269 483 perperam]
291 444 339 474 Eo
349 452 512 481 perperam
527 442 607 474 dixi.

52 486 181 517 Phorm.
201 497 230 516 v.
251 487 277 521 1,
299 487 348 516 18.

93 528 217 569 perpes]
243 529 276 559 Si
291 533 444 566 perpetem
459 528 543 558 hanc
558 527 608 558 vis

51 581 122 602 esse
138 571 349 602 adfinitatem.
365 571 446 601 Hec.
458 570 493 601 ii.
511 572 540 607 2,
558 571 606 600 10.

51 613 126 644 vide
142 614 253 644 Notas.

92 654 264 696 perpetior]
283 655 353 696 Ego
367 665 431 686 non
445 665 540 696 posse
555 665 607 686 ar-

50 698 153 729 bitror
169 709 221 729 me
235 701 363 736 perpeti.
397 698 482 728 And.
506 697 551 728 iii.
577 699 606 734 3,

51 742 103 772 32.
157 741 232 771 Non
257 743 377 778 perpeti
401 740 606 771 meretricum

50 784 271 814 contumelias.
285 784 369 814 Eun.
381 784 401 813 i.
416 784 480 820 1,3.
502 782 605 817 Quid—

51 826 100 857 vis
115 836 243 867 possem
259 828 389 863 perpet1‘.
421 825 506 856 Eun.
530 825 551 855 i.
577 826 606 862 2,

52 869 103 901 97.
150 869 289 899 Censen’
315 878 410 909 posse
439 878 490 898 me
519 867 604 898 offir-

50 921 140 942 mare
152 918 185 942 et
194 914 339 949 perpeti?
362 911 447 941 Eun.
462 910 495 940 ii.
514 911 541 946 l,
558 911 605 940 12.

51 954 149 984 Nunc
163 961 211 984 est
222 953 367 995 profecto
377 952 518 983 interfici
533 962 605 983 cum

48 999 170 1033 perpeti
179 1006 231 1027 me
260 1006 381 1026 ossum.
390 995 475 1026 Eun.
483 995 529 1026 iii.
538 996 567 1032 5,
576 996 605 1025 3.

91 1044 238 1076 perpetuo
268 1038 364 1069 Illum
373 1038 455 1068 hanc
462 1044 608 1075 perpetuo

51 1081 179 1112 habere.
205 1081 289 1111 And.
305 1081 351 1111 iii.
376 1082 406 1116 3,
429 1081 481 1110 32.
528 1079 604 1110 Per-

49 1130 140 1161 petuo
163 1123 277 1154 oderit.
314 1123 398 1154 Eun.
430 1132 460 1152 v.
492 1123 523 1159 4,
557 1123 605 1152 11.

51 1168 207 1203 Perpetuo
222 1165 384 1206 perierim.
414 1165 498 1196 Eun.
523 1175 552 1195 v.
577 1166 606 1201 8,

54 1210 102 1239 13.
148 1209 272 1239 Perfice
298 1208 359 1239 hoc
384 1208 429 1238 mi
451 1213 605 1245 perpetuo.

54 1252 173 1282 Heaut.
191 1251 233 1281 iv.
251 1252 281 1287 8,
299 1252 350 1281 21.

91 1293 274 1334 perpetuus]
302 1292 426 1324 Triduo
449 1292 510 1323 hoc
534 1301 605 1329 per-

45 1342 147 1376 petuo.
196 1336 295 1367 Hunc
321 1335 406 1366 diem
429 1340 607 1373 perpetuum

50 1379 85 1409 in
103 1378 216 1409 laetitia
240 1379 368 1419 degere.
402 1377 540 1419 Adelph.
564 1376 607 1407 iv.

54 1423 82 1458 1,
98 1423 120 1452 4
133 1428 166 1452 et
182 1421 211 1451 6.
258 1421 391 1451 Utinam
415 1421 476 1451 hoc
498 1428 607 1457 perpe-

52 1469 136 1494 tuum
152 1464 208 1494 fiat
222 1463 386 1504 gaudium.
415 1462 553 1503 Adelph.
578 1472 607 1492 v.

52 1507 82 1542 9,
118 1508 166 1537 15.
218 1505 393 1537 Biennium
419 1510 607 1543 perpetuum.

53 1549 136 1579 Hec.
159 1548 180 1579 i.
205 1549 234 1585 2,
260 1549 309 1579 12.
357 1549 386 1578 Ο
410 1548 547 1583 fortuna,
573 1553 610 1577 ut

51 1601 227 1632 numquam
268 1596 416 1629 perpetua
453 1600 488 1621 es
524 1590 608 1620 data.

53 1634 136 1665 Hec.
163 1634 210 1664 iii.
238 1635 268 1671 3,
298 1634 350 1664 46.
389 1632 463 1663 vide
494 1632 606 1663 Notas.

51 1676 265 1707 Adfinitatem
291 1676 374 1706 hanc
398 1685 476 1706 sane
497 1683 606 1712 perpe-

51 1724 134 1750 tuam
151 1719 232 1750 volo.
259 1719 340 1749 Hec.
357 1718 399 1748 iv.
417 1719 447 1754 4,
468 1719 516 1748 14.

93 1760 267 1801 perplacet]
296 1761 412 1791 Habeo
434 1769 605 1801 propemo-

52 1804 129 1835 dum
143 1814 238 1844 quam
249 1803 331 1834 volo.
360 1803 417 1833 So.
436 1802 606 1840 Perplacet.

55 1847 176 1877 Heaut.
195 1857 224 1877 v.
242 1847 272 1882 5,
290 1847 341 1877 22.

93 1888 253 1929 perplexe]
266 1888 411 1926 Per-pleoee
417 1886 513 1928 loqui.
523 1887 607 1918 Eun.

53 1942 84 1963 v.
106 1933 132 1969 1,
154 1933 180 1962 l.

93 1973 238 2014 perpluo]
287 1973 408 2004 Plenus
453 1971 608 2003 rimarum

52 2027 135 2054 sum,
159 2017 219 2047 hac
245 2022 341 2056 atque
369 2015 442 2046 illac
471 2016 607 2053 perpluo.

54 2060 138 2090 Eun.
155 2059 176 2090 i.
195 2060 224 2095 2,
242 2060 293 2090 25.
318 2058 391 2089 vide
409 2058 521 2088 Notas.

93 2100 291 2142 perpulcher]
308 2102 498 2138 Perpulchra
512 2099 609 2130 credo

53 2145 147 2179 dona,
163 2150 220 2175 aut
235 2143 355 2174 nostris
369 2142 498 2174 similia.
522 2142 607 2173 Eun.

53 2187 98 2218 iii.
117 2189 147 2223 2,
166 2188 215 2217 15.
240 2186 313 2217 vide
329 2186 442 2216 Notas.

93 2227 256 2269 perquam]
275 2226 425 2259 Fortiter.
458 2226 516 2258 SY.
530 2228 607 2258 Per-

52 2283 150 2312 quam.
175 2271 315 2312 Adelph.
331 2270 373 2301 iv.
391 2271 420 2306 2,
438 2269 489 2302 27.

94 2313 251 2354 perrepto]
289 2315 471 2350 Perreptavi
507 2321 609 2352 usque

52 2367 149 2388 omne
160 2356 325 2398 oppidum.
350 2354 444 2386 Adel.
459 2354 502 2385 iv.
519 2355 550 2391 6,
563 2355 592 2384 3.

93 2398 270 2439 persancte]
289 2398 422 2438 Dejerat
441 2402 608 2434 persancte.

54 2442 137 2473 Hec.
154 2452 184 2472 v.
202 2443 232 2478 2,
249 2442 278 2471 5.

94 2483 262 2524 perscitus]
282 2485 344 2514 Per
366 2487 492 2513 ecastor
513 2483 609 2512 scitus

52 2537 135 2569 puer
147 2533 196 2557 est
210 2533 304 2557 natus
318 2525 497 2566 Pamphilo.
521 2523 606 2555 And.

53 2570 100 2600 iii.
118 2571 146 2605 2,
164 2570 194 2599 6.

94 2609 295 2650 persentisco]
315 2610 367 2641 Ne
382 2615 418 2640 tu
433 2608 466 2640 id
483 2618 607 2647 persen-

54 2657 186 2685 tisceres.
206 2654 325 2684 Heaut.
338 2652 380 2682 iv.
395 2652 424 2686 5.
439 2652 490 2682 21.
520 2651 609 2686 Quot

53 2707 105 2728 res
121 2696 249 2730 dedere,
265 2694 318 2725 ubi
335 2703 462 2735 ponem
484 2703 607 2732 perseu-

54 2741 187 2770 tiscere?
212 2737 331 2768 fleant.
350 2746 378 2767 v.
399 2737 426 2772 1,
443 2737 495 2766 43.

95 2778 274 2821 persequar]
294 2778 519 2810 Hereditatem
537 2786 608 2815 per-

53 2826 147 2864 sequi.
172 2822 258 2853 And.
275 2821 317 2852 iv.
334 2822 365 2858 5,
385 2822 435 2852 20.
481 2819 609 2851 Bellum

55 2866 193 2906 fugiens,
207 2874 322 2904 meque
335 2863 369 2894 in
385 2863 495 2894 Asiam
507 2871 608 2900 perse-

640 185 724 220 viam
734 195 797 221 me.
804 195 898 226 quam
909 185 1037 217 decrevi
1045 189 1195 227 persequi.

643 228 724 259 Hec.
736 227 781 259 iii.
794 229 824 265 5,
837 230 867 259 4.
902 228 953 259 Ex
965 238 1026 259 usu
1039 229 1125 269 quod
1137 237 1196 266 est,

640 270 673 301 id
696 279 871 310 persequar.
907 271 989 302 Hec.
1017 271 1059 302 iv.
1088 272 1117 308 3,
1147 273 1194 303 10.

641 314 778 353 Quoquo
795 313 868 344 hinc
891 314 1108 355 asportabitur
1130 320 1193 345 ter-

641 365 759 391 rarum,
796 362 920 387 certum
959 364 1008 387 est
1045 359 1195 397 persequi.

642 398 772 429 Phorm.
790 398 836 428 iii.
854 400 885 434 3,
905 399 953 429 18.

683 439 834 481 persolvo]
866 441 961 476 Quod
985 440 1083 472 habui
1106 451 1194 472 sum·

641 493 740 519 mum,
778 483 919 524 pretium
955 485 1086 521 persolvi
1127 483 1195 515 tibi.

642 526 728 556 And.
746 525 766 556 i.
788 527 815 562 1,
835 527 882 556 12.

682 567 827 607 persona]
867 567 1005 599 Parasiti
1039 578 1198 606 personam

641 610 717 641 inde
733 610 870 641 ablatam
884 617 917 642 et
932 610 1054 642 militis.
1087 612 1196 642 Perso-

641 664 696 683 nas
717 653 919 684 transtulisse
941 653 975 684 in
1002 653 1196 684 Eunuchum

641 705 741 726 suam.
761 695 1026 727 Personisiisdem
1036 696 1093 727 uti.
1112 696 1196 727 Eun.

645 737 727 768 Prol.
747 738 797 773 26,
815 739 866 773 32,
880 745 913 769 et
929 739 980 769 35.

682 780 862 820 perspicax]
880 780 932 812 Ad
948 781 1006 811 has
1026 791 1079 811 res
1101 790 1196 821 quam

641 822 683 853 sit
696 825 867 860 perspicax.
894 824 1013 854 Heaut.
1030 823 1063 854 ii.
1081 825 1110 859 3,
1127 824 1196 854 129.

642 865 713 906 Ego
729 876 781 896 me
798 876 862 896 non
882 872 946 896 tam
970 872 1115 896 astutum
1139 875 1195 896 ne-

643 950 762 980 Heaut.
782 960 810 981 v.
831 952 857 987 1,
878 952 904 981 1.

682 992 851 1033 perspicio]
869 992 974 1029 Prius,
990 1003 1085 1033 quam
1107 999 1196 1023 tuum
1215 1017 1217 1031 ‚

1214 1037 1318 1067 1Eun.
1335 1037 1380 1067 iii.
1398 1039 1428 1074 5,
1453 1039 1504 1068 55.
1550 1039 1644 1068 Anus
1667 1038 1790 1069 foribus

640 1035 783 1065 animum
795 1038 993 1073 perspexerit.
1018 1036 1103 1066 And.
1121 1035 1152 1065 ii.
1167 1037 1196 1071 3,

641 1079 670 1108 4.
719 1077 841 1108 Partim
873 1088 944 1118 quae
973 1081 1116 1115 perspexi
1145 1078 1198 1108 his

641 1119 752 1156 oculis,
766 1119 884 1161 partim
897 1130 969 1160 quae
984 1120 1093 1161 accepi
1110 1119 1196 1151 auri-

641 1163 710 1194 bus.
736 1163 819 1193 Hec.
842 1163 889 1193 iii.
913 1164 943 1199 3,
968 1164 997 1193 3.
1036 1163 1138 1202 Cujus
1162 1169 1216 1193 tu·

642 1205 737 1236 fidem
769 1205 803 1236 in
833 1205 970 1246 pecunia
996 1208 1196 1243 perspexeris.

642 1248 771 1278 Phorm.
789 1248 809 1278 i.
828 1250 857 1283 2,
878 1249 926 1278 10.

682 1290 856 1330 perstrepo]
894 1289 1095 1327 perstrepunt
1106 1303 1117 1326 ,·
1152 1290 1197 1320 ita

642 1338 678 1363 ut
693 1332 737 1369 fit,
750 1332 874 1363 domini
892 1332 946 1363 ubi
960 1333 1086 1363 absunt.
1110 1333 1195 1363 Eun.

641 1374 687 1405 iii.
705 1376 735 1411 5,
752 1376 803 1405 52.

683 1416 867 1457 persuadeo]
884 1417 964 1448 Tam
988 1417 1081 1448 facile
1101 1423 1194 1459 potu-

642 1459 707 1491 eris
720 1462 903 1497 persaadere
925 1460 983 1490 illi.
1020 1460 1140 1491 Heaut.
1163 1459 1197 1490 ii.

643 1503 672 1539 3,
698 1503 767 1533 122.
815 1502 975 1533 Persuasit
998 1512 1074 1539 nox,
1098 1512 1197 1539 amor,

642 1545 764 1582 vinum,
794 1544 1022 1576 adulescentia.
1058 1545 1197 1586 Adelph.

642 1587 688 1618 iii.
705 1589 736 1624 4,
754 1589 805 1618 24.

682 1629 867 1670 pertempto]
890 1629 1058 1666 Simulavi,
1082 1639 1139 1660 vos
1163 1637 1199 1660 ut

641 1678 884 1710 pertemptarem.
910 1672 996 1703 And.
1014 1672 1059 1703 iii.
1077 1674 1108 1708 4,
1125 1673 1154 1703 9.

683 1715 846 1755 pertendo]
867 1715 902 1745 Si
924 1714 1071 1755 incipies,
1094 1725 1199 1755 neque

640 1760 800 1795 pertendes
813 1758 948 1788 naviter.
974 1757 1058 1788 Eun.
1075 1756 1096 1788 i.
1122 1758 1148 1794 l,
1168 1758 1197 1788 6.

644 1800 748 1831 Video
763 1810 828 1831 non
843 1800 952 1835 licere,
969 1806 1005 1830 ut
1026 1809 1197 1841 coeperam,

642 1843 702 1873 hoc
717 1844 905 1880 pertendere.
931 1842 1051 1872 Heaut.
1065 1852 1094 1872 v.
1108 1843 1138 1878 5,
1153 1843 1182 1873 9.

683 1884 917 1925 perterrefacio]
958 1884 1199 1925 Perterrefacias

644 1927 788 1958 Davom:
812 1928 963 1958 observes
975 1926 1087 1957 filium.
1112 1927 1197 1958 And.

643 1970 663 2000 i.
681 1971 708 2006 1,
729 1971 799 2000 142.

684 2010 856 2052 perterreo]
894 2011 994 2043 Hunc
1023 2014 1199 2049 perterrebo

642 2055 844 2096 sacrilegum.
869 2054 954 2085 Eun.
972 2065 1001 2085 v.
1018 2056 1048 2091 3,
1068 2055 1116 2085 13.

684 2096 878 2137 pertimesco]
889 2096 975 2132 Quid
986 2099 1131 2134 pertimui
1139 2106 1196 2128 au-

644 2146 708 2171 tem
721 2140 837 2171 belua?
862 2140 991 2170 Phorm.
1009 2139 1051 2170 iv.
1069 2141 1099 2176 2,
1119 2140 1166 2170 11.

684 2181 873 2222 pertinacia]
906 2181 1028 2212 Similis
1057 2184 1195 2219 pertina-

643 2226 742 2256 cia’st.
769 2225 850 2255 Hec.
868 2224 901 2255 ii.
922 2225 950 2260 1,
965 2225 994 2255 5.
1033 2224 1114 2259 Quae
1130 2224 1198 2255 haec

643 2274 692 2299 est
704 2269 900 2307 pertinacia?
925 2267 1006 2298 Hec.
1022 2266 1068 2297 iii.
1087 2268 1117 2304 5,
1133 2267 1184 2297 46.

685 2309 846 2350 perturbo]
857 2310 931 2340 Jam
940 2311 1119 2347 perturbavi
1128 2319 1197 2340 om-

644 2353 707 2383 nia.
731 2352 816 2383 And.
833 2352 882 2383 iii.
899 2353 929 2388 4,
945 2353 996 2382 22.

684 2394 841 2435 pervenio]
877 2394 971 2425 Unde
996 2394 1031 2424 in
1057 2393 1197 2435 patrium

643 2444 886 2468 monumentum
908 2439 1087 2474 pervenerit.
1113 2437 1196 2467 Eun.

644 2480 728 2511 Prol.
756 2481 805 2510 13.
851 2479 928 2510 Sine
952 2489 1004 2510 me
1031 2482 1197 2516 pervenire,

642 2533 706 2562 quo
721 2521 801 2553 volo.
826 2522 910 2553 Eun.
927 2522 948 2552 i.
971 2523 1000 2558 2,
1023 2523 1075 2552 44.
1121 2522 1197 2553 Non

642 2564 749 2606 potuit
784 2564 900 2595 melius
930 2566 1128 2604 pervenirier,
1158 2574 1198 2595 eo

642 2617 706 2648 quo
718 2617 777 2638 nos
790 2606 947 2637 volumus.
971 2606 1030 2637 Ph.
1043 2605 1085 2637 iv.
1100 2607 1130 2643 3,
1145 2607 1195 2637 35.

683 2648 844 2689 pervicax]
883 2649 1008 2680 Adeon‘
1045 2651 1197 2686 pervicaci

643 2702 712 2723 esse
736 2691 869 2722 animo?
903 2691 1027 2722 Adeon'
1053 2701 1105 2722 me
1127 2701 1197 2722 esse

641 2736 825 2771 pervicacem
843 2734 978 2764 censes?
1004 2732 1090 2764 And.
1106 2733 1149 2764 iv.
1168 2734 1196 2770 1,

647 2777 684 2809 17
701 2782 733 2808 et
746 2777 798 2807 32.

685 2817 823 2859 pervius]
843 2817 882 2849 Id
897 2817 1026 2859 quidem
1044 2817 1195 2859 angipor-

645 2867 712 2892 tum
729 2870 794 2891 non
817 2867 867 2892 est
885 2863 1032 2898 perviam.
1057 2861 1195 2902 Adelph.

55 2919 157 2949 quens.
195 2906 281 2938 And.
313 2916 342 2936 v.
372 2907 403 2942 4,
435 2907 486 2936 32.
540 2904 611 2945 Ego
644 2904 686 2935 iv.
715 2905 745 2940 2,
770 2904 820 2935 39.
874 2903 980 2934 Fratri
1006 2902 1092 2934 aedes
1118 2903 1198 2934 fient

57 2961 165 2981 meum
185 2951 241 2990 jus
263 2958 437 2988 persequar.
470 2947 610 2988 Adelph.
643 2948 765 2985 pervia.
789 2945 873 2977 Adel
897 2946 929 2976 h.
947 2955 976 2976 v.
994 2945 1024 2983 7,
1040 2947 1090 2976 14.

56 2993 90 3023 ii.
111 2995 138 3031 1,
155 2994 184 3024 9.
227 2992 359 3022 Certum
383 2990 542 3021 offirmare
563 2996 613 3021 est

686 2990 878 3029 pervolgatas
926 2987 989 3019 Via
1022 2990 1199 3029 pervolgata

1743 110 1789 146 79

1230 193 1368 229 patrum.
1395 187 1515 219 Heaut.
1532 186 1552 218 i.
1573 188 1600 224 1,
1617 188 1669 219 49.

1270 229 1428 270 pervoluta]
1462 230 1510 261 Te
1545 232 1715 268 pervolvam
1752 230 1788 262 in

1230 272 1307 304 luto.
1333 272 1417 303 And.
1434 272 1476 303 iv.
1493 273 1524 310 4,
1541 274 1592 303 38.

1270 314 1340 354 pes]
1371 314 1533 352 Manibus,
1559 317 1697 353 pedibus,
1729 316 1785 348 ob-

1230 356 1307 388 nixe
1327 357 1437 388 omnia
1457 357 1625 388 facturum.
1659 358 1744 389 And.
1764 359 1786 389 i.

1234 401 1261 436 1,
1278 401 1348 430 134.
1382 400 1568 440 Numquam
1583 400 1646 431 huc
1659 400 1786 432 tetulis-

1230 452 1297 473 sem
1306 444 1421 479 pedem.
1442 442 1527 473 And.
1539 442 1582 474 iv.
1593 444 1623 479 5,
1637 444 1686 474 13.
1718 443 1785 474 Ne-

1231 494 1481 558 gamm&
1493 485 1676 559 ''⁸30⁸‘'ss
1691 495 1786 559 ⁸3¹⁰?

1232 570 1304 610 Ego
1317 580 1369 600 me
1381 569 1415 600 in
1426 572 1518 608 pedes
1526 576 1681 611 quantum
1694 580 1786 611 queo.

1232 612 1318 643 Eun.
1335 622 1363 643 v.
1382 613 1411 646 2.
1429 614 1458 644 5.
1496 613 1592 648 Quod
1607 619 1682 644 ante
1696 615 1788 651 pedes

1231 655 1368 686 modo’st
1384 655 1504 686 videre.
1527 655 1669 697 Adelph.
1686 655 1732 686 iii.
1756 657 1787 693 3,

1232 699 1283 728 32.
1331 697 1482 728 Lectulos
1511 697 1547 728 in
1574 698 1642 729 sole
1678 698 1788 738 ilignis

1230 741 1358 777 pedibus
1375 740 1543 771 faciundos
1562 740 1660 771 dedit.
1693 741 1788 772 Adel.

1231 782 1274 812 iv.
1292 783 1323 819 2,
1340 782 1391 813 46.
1438 782 1554 814 Nudus
1569 792 1633 820 pes.
1658 783 1788 817 Phorm.

1214 824 1251 855 .i.
1270 826 1299 861 2,
1324 825 1374 855 56.
1422 825 1480 855 Me
1502 825 1662 866 protinam
1686 825 1788 866 conji-

1214 884 1216 891 ι
1231 877 1337 898 cerem
1350 868 1382 898 in
1396 870 1495 905 pedes.
1515 868 1644 899 Phorm.
1657 868 1678 898 i.
1691 870 1722 904 4,
1739 870 1787 899 13.

640 918 702 948 que
714 907 759 938 ita
770 910 974 945 perspicacem
985 918 1056 939 esse
1071 908 1105 939 id
1120 908 1196 939 scio.
1214 905 1216 925 ²

1231 910 1305 958 lam
1320 912 1430 947 pedum
1448 910 1556 942 visa'st
1569 910 1631 941 via.
1656 910 1788 942 Phorm.

1232 962 1264 982 ¹¹·
1273 954 1426 1034 p2dsju2ius]
1440 995 1595 1026 Pessulum
1604 995 1687 1026 ostio
1696 995 1789 1027 obdo.

1231 1079 1322 1110 obdit
1330 1082 1490 1116 pessulum.
1511 1079 1629 1110 Heaut.
1643 1080 1677 1110 ii.
1692 1082 1722 1115 3,
1736 1081 1788 1113 37.

1231 1121 1457 1195 ...zwffl
1468 1122 1790 1196 ἶῐῗιωῖἐὲωὲρῖἷ

1438 1187 1446 1194 .
1559 1188 1568 1196 .
1606 1187 1614 1195 .
1665 1187 1674 1202 ,
1720 1188 1729 1196 .

1234 1207 1362 1237 Phorm.
1379 1207 1400 1237 i.
1418 1208 1448 1243 4,
1466 1208 1495 1237 5.

1272 1249 1424 1290 pessume]
1443 1249 1585 1281 Pessume
1598 1249 1682 1281 istuc
1699 1249 1733 1281 in
1757 1255 1789 1281 te

1231 1298 1327 1332 atque
1341 1292 1375 1322 in
1389 1291 1481 1323 illum
1492 1292 1644 1323 consulis.
1668 1292 1789 1324 Heaut.

1233 1334 1278 1364 iii.
1299 1335 1325 1370 1,
1343 1335 1394 1364 28.

1273 1375 1444 1417 pessumus]
1462 1376 1502 1407 Id
1515 1382 1564 1407 est
1572 1387 1676 1416 genus
1683 1376 1788 1408 homi-

1233 1428 1310 1449 num
1324 1428 1502 1456 pessumum.
1527 1419 1613 1450 And.
1636 1419 1679 1450 iv.
1706 1420 1733 1456 1,
1756 1421 1788 1451 5.

1235 1461 1333 1498 Hem,
1363 1461 1441 1501 quid
1471 1461 1593 1498 dixisti,
1621 1471 1760 1499 pessuma
1772 1465 1789 1493 ἲ

1234 1503 1318 1534 Ευη.
1344 1514 1373 1534 v.
1399 1504 1429 1540 6,
1459 1504 1508 1534 16.
1555 1503 1700 1535 Pessmna
1720 1504 1789 1536 baec

1234 1552 1283 1576 est
1298 1545 1462 1577 meretrix.
1488 1546 1608 1577 Heaut.
1625 1546 1671 1577 iii.
1688 1548 1718 1583 3,
1734 1548 1788 1578 38.

1276 1587 1388 1629 pestis]
1419 1588 1584 1620 Pernicies
1607 1589 1790 1620 communis

1234 1631 1498 1667 adulescentium,
1511 1632 1671 1671 perjurus,
1681 1634 1787 1669 pestis.

1235 1674 1374 1715 Adelph.
1390 1673 1424 1704 ii.
1444 1675 1471 1710 1,
1489 1675 1541 1704 35.

1237 1715 1395 1789 agg-lixit
1402 1716 1522 1789 Ilieni?
1533 1721 1788 1790 'ffiffl’uzrsscau

1234 1800 1789 1884 unssztoivegtiiaemdluassoeil‘licprdffl

1231 1888 1320 1923 petit.
1345 1886 1429 1916 Eun.
1447 1885 1533 1916 Prol.
1552 1886 1589 1916 11
1607 1891 1640 1916 et
1664 1887 1712 1916 12.
1758 1886 1789 1918 Ε

1233 1927 1362 1959 flamma
1382 1932 1485 1965 petere
1506 1933 1540 1958 te
1561 1927 1670 1960 cibum
1693 1938 1789 1970 posse

1234 1970 1382 2001 arbitror.
1407 1970 1491 2001 Eun.
1509 1970 1555 2001 iii.
1572 1971 1603 2007 2,
1622 1971 1674 2001 38.
1719 1971 1789 2003 Aba

1234 2019 1266 2044 te
1281 2018 1385 2050 petere
1400 2019 1434 2044 et
1451 2022 1594 2054 poscere.
1618 2013 1740 2045 Heaut.
1756 2024 1788 2045 v.

1238 2056 1264 2092 1,
1275 2057 1326 2086 53.
1359 2055 1455 2086 Unde
1467 2055 1512 2085 mi
1521 2060 1654 2093 peterem
1669 2055 1788 2087 cibum.

1236 2098 1356 2129 Heaut.
1372 2107 1403 2128 v.
1421 2099 1450 2134 2,
1467 2098 1518 2128 25.
1556 2097 1651 2133 Quod
1664 2103 1735 2136 peto
1756 2104 1789 2129 et

1234 2140 1314 2171 volo.
1341 2140 1460 2171 Heaut.
1477 2150 1507 2171 v.
1526 2141 1558 2178 4,
1578 2141 1608 2170 4.
1654 2140 1787 2182 Episto-

1233 2182 1296 2213 lam
1312 2182 1451 2213 adlatam
1467 2192 1538 2213 esse
1552 2182 1679 2214 audivi:
1704 2183 1787 2214 hane

1232 2230 1343 2262 petam.
1369 2225 1496 2256 Phorm.
1513 2224 1535 2256 i.
1555 2226 1585 2263 2,
1611 2226 1681 2256 100.
1728 2226 1786 2256 Ιη-

1234 2273 1425 2341 ὶὲὶῖῗω“ἶ.
1438 2267 1742 2341 q3242ff⁰²⁰1¹i¹nff
1742 2273 1787 2342 {⁸15}

1233 2352 1389 2384 auxilium
1403 2355 1531 2390 petam?
1554 2352 1651 2384 Phor.
1665 2362 1694 2383 v.
1711 2353 1739 2390 1,
1755 2354 1786 2384 2.

1233 2393 1787 2485 ἀεξεῖᾜεὲἓὲαἶωέζὲιξὲεῗῗ

1234 2479 1284 2512 78.
1308 2479 1382 2510 vide
1399 2480 1512 2510 Notas.

1273 2520 1468 2562 phaleratus]
1482 2521 1528 2553 Ut
1537 2523 1708 2560 phaleratis
1717 2521 1786 2554 dic-

1233 2564 1275 2596 tis
1289 2564 1387 2595 ducas
1401 2574 1463 2595 me.
1488 2564 1618 2596 Phorm.
1632 2563 1678 2596 iii.
1690 2565 1721 2603 2,
1735 2566 1785 2597 15.

1277 2605 1426 2647 Phasma]
1452 2606 1627 2638 Menandri
1653 2606 1786 2640 Paos-a

1233 2659 1318 2680 nunc
1328 2659 1432 2690 nuper
1440 2649 1539 2680 dedit.
1556 2649 1641 2680 Eun.
1658 2649 1743 2681 Prol.
1754 2651 1784 2682 9.

1272 2690 1484 2732 philosophus]
1497 2690 1654 2723 Animum
1669 2691 1710 2723 ad
1723 2692 1784 2724 ali-

1232 2734 1317 2774 quod
1340 2733 1483 2765 studium
1513 2733 1702 2775 adjungant,
1728 2742 1786 2766 aut

1232 2786 1331 2816 equos
1350 2776 1447 2814 alere,
1471 2783 1527 2808 aut
1547 2786 1644 2808 canes
1665 2777 1707 2808 ad
1727 2787 1783 2809 ve·

1233 2819 1386 2855 nandum,
1417 2824 1473 2850 aut
1506 2819 1548 2850 ad
1579 2817 1784 2857 Philosophos.

1234 2861 1319 2892 And.
1336 2860 1358 2892 i.
1377 2862 1405 2897 1,
1421 2862 1472 2893 30.

1274 2902 1354 2944 phy]
1372 2902 1443 2944 1²12,
1457 2903 1544 2935 domi
1560 2903 1683 2941 habuit,
1698 2905 1786 2936 unde

1233 2945 1380 2977 disceret.
1403 2945 1542 2988 Adelph.
1558 2945 1604 2977 iii.
1621 2948 1652 2983 3,
1669 2948 1720 2978 58.

1274 2991 1397 3026 pictura
1411 2993 1442 3021 et
1454 2988 1573 3030 pictus]
1590 2989 1786 3031 Suspectans
