1852 3216
66 170 208 205 scmm
229 164 279 219 1.]

675 161 989 204 ANDRIA.

180 252 245 293 St.
269 251 439 293 Interea
459 249 611 292 mulier
629 250 830 305 quaedam
849 249 1007 292 abhinc
1029 251 1256 292 triennium

182 316 255 357 Ex
275 314 431 357 Andro
450 315 742 370 commigravit
762 314 847 356 huc
867 312 1047 362 viciniae,

180 377 332 433 Inopia
351 385 395 420 et
415 385 702 432 cognatorum„
713 377 975 433 negligentia

115 450 157 479 45
181 442 361 492 Coacta,
379 443 555 497 egregia
568 441 725 492 forma,
747 449 878 497 atque
898 449 1027 485 aetate
1047 443 1230 498 integra.

180 507 256 548 So.
290 506 379 548 Hei
400 520 566 557 vereor,
587 521 641 548 ne
658 506 764 561 quid
785 506 956 549 Andria
975 514 1180 563 apportet
1198 507 1309 549 mali.

180 570 243 612 St.
278 570 470 612 Primum
489 570 584 612 haec
601 571 759 625 pudice
781 571 923 622 vitam,
944 587 1088 627 parce,
1110 587 1160 615 ac
1181 572 1348 614 duriter

179 634 372 690 Agebat,
394 634 562 686 lanapac
581 634 667 677 tela
686 636 844 678 victum
863 636 1112 691 quaeritans.

64 743 122 785 pit.
147 742 288 774 Severus
309 741 350 773 de
372 741 440 773 vita
463 742 501 772 B.
526 741 664 773 Martini
685 742 740 774 lib.
765 742 812 774 iii.

67 788 147 820 Quia
162 787 356 816 scholasticus
370 796 412 822 es,
428 796 485 815 non
505 786 654 815 immerito
676 791 705 816 te
726 796 814 816 versu

66 830 179 859 Cannici
194 830 277 858 illius
292 829 461 865 admonebo,
487 828 668 867 Obsequium
691 830 812 865 anaia-os,

64 873 178 902 ner-icas
201 872 302 901 odium
321 872 417 910 parit.
463 869 675 905 Quinctilian.
702 870 810 901 Instit.

64 913 119 944 lib.
132 913 199 944 viii.
210 923 280 954 cap.
294 913 325 944 5.
350 912 486 943 Hieron.
499 912 624 943 advers.
648 911 812 953 pelagian.

65 955 120 987 lib.
137 956 158 986 i.
199 955 240 986 In
253 955 281 986 E
306 954 390 986 istol.
405 954 446 986 ad
460 954 565 985 Galat.
578 954 633 986 lib.
647 954 682 985 ii.
694 965 764 996 cap.
781 956 812 986 4.

68 997 243 1039 Aug-nstin.
312 997 387 1039 pist.
420 996 512 1028 xviii.
557 996 740 1028 Cassiodor.
771 997 813 1029 de

66 1040 185 1072 81111811.
201 1040 275 1071 Joh.
291 1040 454 1071 Saresber.
471 1039 578 1081 Epist.
593 1039 737 1071 clxxxvi.
772 1040 810 1072 L.

107 1084 160 1114 42.
183 1082 324 1124 Interea]
339 1084 464 1114 Interea
478 1089 538 1120 est,
554 1092 629 1114 cum
643 1082 743 1114 habet
758 1082 810 1114 in-

65 1125 217 1158 stantiam
249 1125 453 1174 superiorum
488 1132 645 1156 actorum.
696 1126 814 1157 Mulier

66 1167 220 1210 quadam]
246 1168 300 1199 Sic
323 1167 417 1205 dixit,
442 1178 508 1198 uon
533 1167 626 1208 quasi
649 1167 815 1217 ignoraret

67 1221 184 1243 nomen
200 1212 279 1252 ejus,
295 1210 393 1252 paulo
407 1217 482 1252 post
496 1210 690 1251 Chrysidem
707 1211 812 1242 nomi-

67 1261 219 1285 naturus:
251 1255 309 1285 sed
330 1253 415 1291 ideo,
437 1259 476 1285 ut
496 1259 622 1294 gratam
643 1259 814 1294 exspecta·

67 1296 188 1328 tionem
203 1296 309 1334 faciat,
325 1295 484 1336 simulque
505 1296 661 1327 lectorem
681 1296 813 1328 avidum

67 1338 209 1370 nominis
234 1338 358 1371 reddat.
407 1338 455 1369 Ut
482 1338 642 1379 Virgilius
669 1338 750 1369 AEn.
778 1339 812 1370 ii.

66 1382 118 1415 57.
149 1381 247 1423 paulo
276 1386 351 1422 post
385 1380 612 1412 nominaturus
646 1381 703 1418 ait,
734 1382 814 1412 Ecce

65 1435 170 1455 nanus
175 1424 321 1464 juvenem
330 1426 448 1454 interea
458 1428 527 1463 post
540 1428 627 1464 terga
637 1426 813 1455 revinctum.

67 1468 189 1498 Interea
211 1465 338 1506 mulier]
365 1466 431 1496 Hic
448 1465 615 1506 degressio
638 1473 704 1502 8811
736 1475 814 1497 nam

65 1509 233 1550 proposuit
246 1509 338 1549 gnati
351 1508 450 1539 vitam
465 1508 583 1539 dicere.
617 1510 738 1539 Abhinc
753 1511 813 1539 tri-

64 1550 201 1592 ennium]
227 1550 414 1582 Artificiooe
435 1550 521 1581 dixit
542 1552 715 1588 triennium,
738 1561 814 1582 cum

67 1600 178 1635 posset
186 1593 261 1634 plus
275 1593 424 1624 minusve
440 1593 597 1634 temporis
611 1603 754 1634 ponere:
778 1599 817 1624 ut

69 1636 113 1668 sit
138 1635 323 1673 verisimile,
347 1645 449 1667 unum
476 1645 598 1667 annum
624 1635 723 1667 fuisse
751 1646 814 1677 pu·

66 1677 148 1710 dieae
168 1688 338 1720 purcaeque
359 1678 452 1709 vitae:
480 1684 680 1719 sequentem,
702 1678 815 1709 condi-

68 1721 166 1752 tionis
187 1728 346 1763 seceptae:
378 1720 522 1759 tertium,
543 1721 666 1752 mort-is.
705 1721 816 1752 Primo

68 1773 258 1847 {ffipffiff-
270 1763 624 1847 ‘ffiz‘ffiffissssffis
645 1763 815 1846 332⁵&

250 1829 258 1836 n
434 1828 443 1843 ¹
805 1828 813 1838 0

69 1849 176 1886 tertio,
189 1847 303 1890 nupsit
314 1847 502 1889 Glycerium
514 1848 695 1889 Pamphilo,
708 1854 742 1880 et
755 1858 814 1890 pa-

67 1891 149 1922 riter
163 1891 291 1922 invenit
300 1897 463 1932 parentes.
491 1891 534 1922 D.
571 1891 694 1921 Interea
708 1893 818 1922 mulier

67 1933 223 1974 quedam]
241 1934 287 1964 Et
300 1933 369 1964 1138
383 1932 576 1974 interposita
593 1932 736 1964 narratio
756 1933 814 1964 de-

68 1976 287 2008 monstrandae
307 1986 455 2018 personae
474 1985 572 2007 881188
594 1975 723 2014 dicitur,
744 1985 817 2016 quae

70 2019 111 2052 ab
121 2018 302 2050 oratoribus
313 2021 461 2059 digressio
472 2018 673 2049 nominatur:
690 2018 817 2059 quoties

69 2071 89 2092 8
104 2061 298 2093 narrationis
314 2067 426 2092 tenore
442 2061 477 2092 in
492 2061 566 2098 8118,
583 2060 736 2092 narrandi
757 2071 815 2092 ne-

70 2103 230 2141 cessitate,
245 2103 428 2135 dilabimur.
457 2104 498 2134 E.

113 2148 165 2179 43.
188 2148 261 2178 Huc
278 2146 415 2187 viciniae]
436 2148 545 2178 Vicina
561 2144 731 2187 παρέλιπον,
753 2146 817 2177 11118

71 2188 145 2227 loci,
167 2189 219 2221 vel
240 2189 304 2221 huc
327 2189 482 2220 locorum.
531 2189 666 2230 Legitur
690 2195 724 2220 et
748 2191 819 2221 huic

70 2234 199 2264 niceae.
230 2232 391 2264 D.—Huc
405 2231 542 2273 vicbiiae]
568 2232 609 2262 ln
632 2232 738 2273 Regio
759 2241 817 2263 ex-

71 2274 207 2317 emplari
233 2277 303 2306 huie
331 2277 475 2306 m‘ciuia:
519 2284 615 2316 quam
645 2274 818 2306 lectionem

72 2324 198 2349 veteres
213 2324 403 2359 agnoscunt,
421 2317 600 2355 Charisius,
622 2317 819 2355 Priscianus,

71 2359 139 2392 alii.
174 2361 354 2393 Desumtus
367 2366 478 2392 autem
492 2360 546 2391 bic
560 2359 651 2391 locus
666 2370 708 2391 ex
724 2359 822 2391 Anti-

73 2403 179 2445 phane
197 2402 586 2442 711181111·ἐκγειτόνω
606 2403 690 2442 αὐτῷ
713 2414 819 2434 κατοι-

73 2444 191 2484 κούσης
202 2445 288 2478 τινὸς
298 2445 371 2477 ἰδὼν
385 2445 509 2485 ἑταίρας
521 2444 565 2478 εἰς
579 2444 667 2486 ἔριπ’
685 2445 818 2485 ἀφίκετο

74 2486 183 2527 infir,
206 2487 320 2529 ἐρήμου
333 2488 361 2519 δ’
377 2486 547 2529 ἐπιτρόπου
567 2488 620 2520 καὶ
642 2490 818 2527 συγγενῶν.

72 2529 148 2568 ἦθος
168 2530 203 2562 τὶ
224 2531 366 2572 χρυσοῦν
387 2531 464 2571 πρὸς
487 2530 604 2571 ἀρετὴν
623 2529 818 2579 κεμῖημένης,

73 2578 135 2604 etc.
163 2573 362 2605 L—Nostri
382 2573 476 2605 codd.
498 2583 613 2605 omnes
635 2573 750 2605 vitiose
771 2573 818 2605 le-

73 2622 157 2656 gunt
170 2618 241 2647 haic
254 2618 384 2647 vieiniae.
413 2616 454 2648 B.

117 2659 373 2698 441110111ῳεί
399 2663 592 2700 cognatorum
615 2657 820 2700 negligentia]

75 2669 317 2732 Laudatism
243 2700 407 2742 Pamphili
417 2702 561 2733 moribus
573 2702 629 2743 qui
638 2712 716 2733 mox
727 2701 825 2733 ducet

75 2753 221 2780 uxorem,
238 2749 387 2784 superest
405 2750 443 2776 ut
462 2743 580 2776 futurae
601 2754 731 2786 quoque
753 2755 822 2776 1118-

77 2792 190 2823 110113,
205 2786 241 2816 id
262 2791 321 2822 est,
338 2786 500 2828 Glycerio,
515 2787 710 2828 probitatem
731 2787 822 2818 debi-

76 2835 143 2860 tam
163 2838 224 2870 pro
244 2838 384 2870 persona
402 2829 534 2861 reddat:
570 2840 643 2870 11113
665 2829 742 2878 quia
765 2830 825 2861 ho-

77 2876 171 2903 nesta
193 2881 359 2912 nunquam
382 2881 453 2903 esse
475 2871 606 2921 poterit,
627 2872 657 2903 si
678 2872 726 2904 sic
752 2882 824 2904 eam

79 2920 205 2945 80118181
226 2920 302 2945 81118
325 2913 457 2955 nuptias
476 2914 674 2963 impudicam
694 2915 824 2946 ductam

80 2965 161 2995 esse,
171 2956 290 2998 partim
305 2956 517 2996 defendenda,
532 2957 652 2999 partim
666 2957 827 2990 laudanda

857 750 907 775 881
944 743 1087 785 Chrysis,
1116 754 1191 776 eum
1221 755 1284 786 qua
1314 751 1510 777 commorata
1538 752 1605 777 est.

856 796 954 826 quam
980 787 1132 835 quoniam
1163 797 1296 819 necesse
1326 794 1375 819 est
1402 789 1606 820 meretricem

856 828 961 866 fateri,
986 829 1022 860 in
1047 829 1234 860 conditione
1260 830 1440 871 turpissimi
1465 832 1607 862 nominis

856 870 995 902 multum
1009 872 1149 903 sumitur
1164 873 1331 904 excusatio
1343 873 1528 905 voluntatis.
1563 876 1606 904 Et

856 913 1067 954 cognatorum]
1093 914 1160 945 Hic
1181 925 1242 946 nos
1260 917 1329 955 jam
1355 922 1449 957 parat
1469 917 1510 947 ad
1533 916 1607 947 Cri-

856 955 943 986 tonis
964 956 1149 988 adventum.
1182 958 1390 997 D.-Iuopia,
1412 964 1444 989 et
1464 965 1606 999 cognato-

854 996 939 1038 rum]
967 998 1114 1034 Quorum
1144 999 1300 1031 debuerat
1329 1011 1391 1042 ope
1421 1001 1608 1042 auxilioque

854 1040 973 1072 fulciri.
1004 1041 1045 1071 E.

898 1084 951 1114 45.
975 1083 1130 1124 Egregia]
1150 1083 1190 1114 Id
1205 1090 1264 1122 est,
1278 1084 1437 1116 eminenti
1447 1091 1607 1127 praestan

857 1124 956 1166 tique.
995 1128 1098 1167 Atque
1118 1132 1211 1158 aetate
1233 1127 1373 1176 integra]
1400 1128 1534 1176 Integra
1558 1135 1608 1159 est

857 1175 947 1206 aetas,
972 1179 1044 1209 quae
1067 1169 1102 1200 in
1128 1169 1208 1200 flore
1234 1171 1395 1208 consistit,
1420 1170 1473 1202 cui
1501 1181 1608 1211 neque

856 1211 1065 1242 addendum·
1051 1222 1120 1252 Jam
1133 1212 1185 1250 sit,
1200 1222 1305 1253 neque
1317 1213 1489 1254 quicquam
1502 1214 1608 1245 adhuc

857 1253 901 1284 sit
921 1254 1147 1291 imminutum3
1179 1261 1219 1286 ut
1240 1255 1332 1296 Virg.
1357 1256 1432 1287 AEn.
1455 1256 1500 1287 ix.
1532 1258 1607 1293 255,

857 1298 976 1337 integer
990 1299 1048 1328 aevi
1061 1299 1225 1329 Ascanius.
1263 1298 1310 1329 Et
1323 1298 1463 1330 contulit
1478 1299 1545 1330 duo
1565 1299 1608 1330 ad

856 1345 1015 1379 111138111111
1043 1340 1264 1372 meretricium
1285 1351 1324 1371 co
1471 1341 1513 1372 D.
1516 1343 1606 1372 -Ε-

853 1384 964 1421 gregia
976 1381 1082 1421 soma
1103 1387 1194 1422 atque
1216 1382 1327 1423 atate]
1351 1384 1427 1414 Duo
1449 1394 1522 1424 quae
1547 1394 1606 1415 ne-

856 1424 997 1455 cessaria
1005 1424 1047 1455 ad
1057 1424 1255 1466 voluptatem
1267 1425 1406 1463 fuerant,
1418 1426 1608 1468 complexus

857 1472 924 1497 est:
957 1472 995 1497 ut
1015 1473 1049 1498 et
1070 1467 1180 1499 vultus
1201 1473 1237 1498 et
1257 1474 1337 1500 aetas
1359 1468 1488 1509 placere
1510 1474 1607 1510 potu-

856 1507 946 1540 isset.
977 1509 1018 1539 E.

901 1552 954 1582 46.
977 1552 1041 1582 Hei
1054 1562 1167 1589 vereor,
1182 1563 1219 1583 ne
1234 1554 1311 1594 quid
1324 1555 1448 1584 Andria
1467 1558 1608 1593 apportet

859 1593 950 1642 mali]
966 1595 1090 1625 Andria
1103 1594 1207 1625 mire:
1238 1595 1363 1626 audivit
1386 1596 1474 1626 enim
1496 1606 1608 1627 exces-

858 1635 940 1667 sisse
960 1646 1002 1667 ex
1023 1637 1158 1678 ephebis
1181 1637 1399 1678 Pamphilum,
1421 1638 1609 1678 illatamque

858 1678 1058 1710 mentionem
1088 1679 1235 1711 mulieris
1263 1681 1456 1722 peregrinae,
1482 1681 1608 1712 adoles-

858 1721 1007 1759 centulae,
1029 1721 1183 1763 pulchrae.
1220 1723 1271 1754 Ne
1284 1725 1360 1763 quid
1373 1723 1513 1764 Andria]
1531 1724 1608 1754 Ele-

857 1769 983 1804 gauter,
999 1774 1041 1795 ex
1055 1765 1179 1796 Andro.
1217 1765 1346 1796 Andria
1360 1776 1481 1797 nomen
1498 1772 1607 1797 osten-

858 1805 908 1836 dit
921 1812 956 1837 et
973 1806 1120 1838 mulieris
1141 1814 1175 1838 et
1194 1807 1321 1839 fabulae.
1368 1808 1415 1839 Et
1434 1809 1529 1846 bene,
1550 1820 1607 1848 ap-

854 1853 957 1888 portet
969 1861 981 1879 .·
1004 1848 1080 1889 quia
1094 1855 1221 1889 portare
1242 1849 1364 1890 ignotis
1385 1857 1445 1881 est.
1478 1851 1610 1882 D.-—E··

858 1891 1610 1973 ggffi‘fggggeffgffifflggfflugffigfffg

859 1975 952 2007 vultu
967 1981 1002 2006 et
1014 1982 1111 2007 aetate
1125 1976 1331 2008 laudabilem.
1362 1977 1402 2008 F..

903 2018 956 2051 47.
979 2019 1117 2049 Primum
1131 2018 1212 2060 hae]
1228 2019 1394 2058 Defendit,
1406 2025 1444 2051 ut
1455 2020 1609 2058 diximus,

860 2059 961 2092 vitam
989 2061 1168 2102 Chrysidis,
1195 2068 1232 2093 ut
1257 2062 1402 2104 potuerit
1423 2064 1511 2105 apud
1536 2074 1608 2096 eam

860 2110 949 2135 18818
961 2111 1086 2135 11101818
1099 2114 1171 2136 esse
1184 2105 1384 2154 Glycerium,
1399 2116 1472 2146 quae
1493 2116 1535 2138 ex
1556 2116 1609 2137 ar-

859 2152 1016 2186 gumento
1035 2153 1183 2178 matrona
1197 2148 1269 2179 erit.
1306 2150 1445 2180 Primum
1465 2150 1593 2188 keep-a

861 2188 947 2229 dice]
965 2189 1055 2220 Bene
1077 2191 1141 2221 haec
1162 2189 1304 2230 quidem,
1326 2190 1361 2221 id
1383 2196 1443 2228 est,
1464 2190 1522 2222 illa
1538 2201 1612 2232 quae

861 2238 974 2262 coacta
988 2237 1047 2263 est.
1084 2232 1232 2273 Dur-iter]
1246 2232 1370 2264 Contra
1383 2233 1543 2266 rationem
1556 2243 1610 2265 re·

861 2274 963 2315 gulae:
1001 2274 1116 2306 debuit
1144 2274 1232 2307 enim
1262 2275 1370 2307 dicere
1397 2278 1483 2312 dure,
1505 2277 1547 2307 ab
1571 2286 1612 2308 eo

864 2317 950 2357 quod
965 2324 1015 2348 est
1028 2320 1133 2349 dum.
1171 2317 1218 2349 Et
1232 2324 1341 2350 tamen
1355 2324 1406 2350 est
1419 2317 1612 2350 differentia.

865 2360 929 2391 Est
939 2359 1028 2391 enim
1038 2362 1168 2398 duriter,
1180 2360 1252 2392 sine
1263 2371 1362 2392 sensu
1376 2361 1514 2392 laboris:
1536 2363 1614 2393 dm

865 2409 985 2440 autem,
997 2403 1183 2441 crudeliter,
1195 2403 1287 2442 illud,
1298 2404 1340 2435 ad
1354 2404 1497 2436 laborem
1508 2415 1518 2434 z
1540 2403 1613 2442 hoc,

861 2446 903 2477 ad
918 2445 1077 2478 saevitiam
1091 2446 1230 2478 relatum
1247 2452 1307 2478 est.
1342 2447 1406 2478 Sed
1423 2448 1500 2479 dare
1514 2446 1550 2478 in
1564 2446 1613 2477 81-

862 2494 987 2520 terum:
1011 2491 1130 2520 duriter
1145 2489 1181 2520 in
1191 2489 1328 2530 nosaliq
1330 2489 1386 2520 uid
1398 2489 1544 2522 facimus.
1569 2489 1614 2520 D.

862 2533 1005 2563 -Parce
1027 2542 1065 2563 ae
1086 2531 1223 2573 duriter]
1241 2532 1344 2564 881-71.
1376 2531 1508 2564 AEneid.
1531 2541 1614 2567 verz-

861 2579 981 2606 exercet
991 2585 1093 2614 penso.
1122 2575 1160 2605 L.

908 2618 962 2648 48.
985 2618 1077 2648 Lana
1100 2628 1138 2648 ae
1162 2616 1241 2657 tela]
1270 2616 1502 2658 Subdistingue
1528 2619 1615 2650 tela.-

865 2659 941 2691 finis
956 2659 1044 2690 enim
1059 2665 1109 2691 est
1123 2659 1252 2708 18110118.
1295 2661 1415 2692 Victus}
1428 2659 1615 2701 queritans]

867 2708 906 2734 ut
935 2702 1051 2743 virgil.
1082 2702 1159 2733 AEn.
1190 2701 1259 2733 7111.
1289 2703 1476 2734 ωδε-8.·
1495 2702 1618 2743 sei-im

863 2747 1006 2785 primum,
1034 2746 1091 2776 Cui
1116 2746 1246 2776 tolerare
1271 2746 1336 2776 eolo
1357 2747 1453 2778 m‘ea-
1476 2749 1617 2787 unique

869 2788 1011 2819 Minerva
1026 2789 1213 2827 Impositum,
1228 2789 1358 2819 cinerea
1371 2793 1403 2820 et
1547 2800 1615 2820 m-

869 2833 946 2862 citae
961 2833 1056 2870 ignes.
1095 2829 1225 2861 Deinde
1239 2830 1339 2863 finem
1353 2830 1473 2864 laboris
1494 2831 1616 2869 intulit,

868 2883 934 2904 non
953 2873 1072 2910 cibum,
1087 2872 1145 2903 sed
1159 2870 1291 2905 victum.
1330 2875 1425 2905 Cibus
1446 2874 1534 2905 enim
1556 2880 1618 2911 est,

868 2916 925 2956 qui
946 2916 1044 2947 etiam
1064 2914 1212 2948 delicatis
1230 2916 1402 2957 proebemr.
1446 2918 1563 2954 Victus,
1582 2917 1618 2947 in

869 2958 979 3000 parvis
995 2957 1159 2999 aridisque
1172 2957 1334 2992 alimoniis
1348 2965 1401 2991 est
1413 2959 1617 2991 constitutus·

1080 3009 1102 3030 11
