1852 3216
191 158 271 199 122
607 156 977 200 TERENTII
1018 156 1320 199 ANDRIA.

543 379 992 427 APPENDIX
1053 379 1386 427 SPURIA.

190 510 242 553 Ρ.
266 509 335 553 Te
357 511 690 566 exspectabam:
723 518 791 552 est
812 511 867 552 de
890 518 964 551 tua
985 525 1046 560 re,
1068 511 1185 565 quod
1208 525 1337 565 agere
1358 525 1440 566 ego
1461 518 1601 552 tecum
1628 510 1738 552 volo.

191 575 310 618 Dedi
333 591 524 632 operam,
546 591 599 618 ne
620 590 688 617 me
710 590 807 617 esse
828 574 1007 617 oblitum
1032 574 1150 616 dicas
1173 582 1259 616 tuae
1281 583 1424 630 gnatae
1445 574 1606 618 alterae.

189 642 293 685 Tibi
313 657 380 684 me
403 642 557 697 opinor
579 642 795 696 reperisse
817 641 995 696 dignum
1018 648 1059 681 te
1080 648 1210 695 atque
1233 639 1303 682 illa
1324 641 1474 682 virum.

190 707 338 749 CnAn.
364 707 505 757 Dave,
525 706 581 748 ah
602 706 735 762 perii:
770 706 825 748 de
845 720 942 747 meo
963 720 1107 747 amore
1129 720 1179 748 ac
1200 707 1287 747 vita
1308 721 1422 748 nunc
1448 721 1540 747 sors
1562 705 1738 749 tollitur.

191 772 226 814 C
234 786 308 814 un.
332 772 438 814 Non
458 787 567 814 nova
590 772 710 814 istaec
733 770 835 813 mihi
857 771 1048 813 conditio
1069 778 1151 821 est,
1176 772 1211 813 si
1232 770 1476 821 voluissem,
1501 771 1740 827 Pamphile.

191 837 276 879 Cn.
301 837 472 887 Occidi,
496 837 637 887 Dave,
670 837 802 893 perii!
856 836 975 877 CllR.
1000 837 1088 879 Sed
1121 837 1164 879 id
1195 838 1476 892 quamobrem
1507 852 1593 879 non
1614 837 1741 888 volui,

275 902 468 959 eloquar.

187 968 295 1011 Non
315 969 492 1019 idcirco,
515 968 634 1024 quod
654 982 754 1010 eum
775 967 944 1010 affinem
965 967 1068 1009 mihi
1089 966 1260 1009 nollem.
1313 967 1364 1009 P.
1389 967 1520 1017 Hem,
1543 975 1652 1010 tace.

190 1034 309 1077 Cim.
334 1033 423 1076 Sed
444 1033 630 1076 amicitia
649 1041 812 1084 nostra,
834 1049 933 1089 quae
953 1041 1020 1075 est
1043 1049 1065 1075 a
1088 1034 1286 1088 patribus
1307 1034 1466 1075 nostris
1490 1033 1664 1083 tradita,

189 1099 295 1142 Non
316 1098 502 1155 aliquam
522 1106 690 1155 partem
711 1100 843 1141 studii
864 1100 1096 1142 adductam
1118 1100 1230 1141 tradi
1251 1098 1413 1149 liberis,

190 1164 323 1208 Nunc
344 1180 440 1207 cum
462 1165 587 1221 copia
608 1172 738 1220 atque
767 1164 941 1206 fortuna
970 1165 1142 1220 utrique
1173 1172 1222 1207 ut
1253 1165 1582 1220 obsequeretur,
1605 1164 1741 1214 dedit.

277 1231 420 1273 detur.
473 1230 524 1272 Ρ.
550 1230 672 1272 Bene

190 1296 396 1339 Factum:
429 1295 515 1346 abi,
539 1302 670 1350 atque
690 1310 772 1350 age
793 1295 955 1351 gratias
977 1294 1152 1336 homini.
1206 1294 1322 1336 Cim.
1345 1293 1511 1344 Salves,
1534 1294 1742 1336 Chremes

277 1361 509 1403 amicorum

192 1426 394 1469 Meorum
404 1426 590 1468 omnium
598 1425 701 1467 mihi
710 1426 942 1476 carissime,
952 1425 1070 1480 quod
1081 1424 1183 1466 mihi
1192 1425 1461 1467 commodum
1475 1433 1557 1474 est,
1568 1426 1743 1479 gaudio,

192 1492 337 1540 Quam
353 1491 412 1541 id,
431 1491 549 1546 quod
570 1506 594 1532 a
616 1498 658 1533 te
680 1498 855 1546 expeto,
876 1506 943 1533 me
965 1492 1196 1547 reperisse,
1214 1499 1263 1533 ut
1282 1491 1457 1533 habitus
1478 1491 1662 1534 antehac
1684 1492 1744 1535 fui

191 1556 296 1599 Tibi
317 1557 518 1606 animum,
541 1571 628 1611 quo
648 1556 892 1612 adeumque
911 1556 1141 1612 applicat-is
1165 1557 1354 1598 studium
1374 1557 1533 1599 exinde
1555 1565 1603 1599 ut
1624 1558 1721 1609 erit,

191 1621 312 1664 Tute
321 1621 632 1663 existimaveris
644 1622 685 1663 id
697 1622 756 1663 ita
764 1637 860 1664 esse
869 1621 1011 1664 facere
1025 1637 1079 1664 ex
1093 1637 1159 1664 me
1174 1622 1464 1677 conjecturam
1479 1637 1533 1664 ex
1548 1637 1614 1664 me
1628 1622 1742 1665 licet.

194 1685 377 1729 Alienus
399 1687 477 1727 abs
498 1693 540 1728 te
562 1694 703 1729 tamen
725 1687 821 1743 quis
850 1694 896 1729 tu
928 1702 1063 1737 essee,
1085 1702 1282 1738 noveras,
1305 1688 1364 1729 ita
1394 1702 1463 1729 res
1494 1696 1576 1729 est.
1624 1688 1741 1730 Cim.

281 1751 471 1794 Gnatam
491 1752 570 1794 tibi
590 1767 726 1794 meam

195 1815 494 1859 Philumenam
515 1831 710 1867 uxorem,
732 1825 776 1859 et
797 1817 912 1859 dotis
934 1832 1010 1860 sex
1034 1816 1195 1859 talenta
1217 1818 1426 1874 spondeo.

1831 3194 1839 3205 ..a
1829 3146 1852 3184 ἰι-41,
