1852 3216
108 163 249 192 semu
270 149 339 205 11.]

700 150 1016 194 HECYRA.

1538 155 1623 197 523

163 239 349 296 Propter
368 254 484 283 meos
504 253 644 283 mores
662 239 763 283 hinc
782 240 948 283 abisse2
977 242 1059 284 etsi
1078 257 1130 285 ea
1148 241 1388 286 dissimulas
1408 242 1573 286 sedulo.

161 306 325 349 Verum
334 306 393 348 ita
404 321 471 348 me
485 306 545 349 Di
558 314 712 358 ament,
721 307 866 362 itaque
873 306 1097 363 obtingant
1104 323 1159 350 ex
1172 315 1321 365 tequae
1331 315 1492 364 exopto
1503 308 1621 360 mihi,

162 371 225 414 Ut
233 386 449 427 nunquam
458 372 595 414 sciens
603 372 845 423 commerui,
854 373 1005 416 merito
1014 380 1062 416 ut
1069 381 1242 430 caperet
1249 374 1393 417 odium
1399 373 1599 417 illammei
1608 391 1619 416 ε

124 445 143 474 5
159 437 313 493 Teque
334 445 447 488 ante,
465 453 591 493 quam
610 453 677 480 me
695 453 835 480 amare
855 440 995 490 rebar,
1012 440 1052 481 ei
1070 441 1133 482 rei
1151 440 1330 482 firmasti
1347 439 1492 482 fidem.

159 503 274 545 Nam
306 503 409 545 mihi
441 498 557 545 intus
590 511 689 546 tuus
719 511 843 560 pater
871 505 1057 547 narravit
1089 506 1232 557 modo,
1268 520 1355 561 quo
1389 512 1517 562 pacto
1551 519 1619 548 me

243 568 446 610 habueris

158 633 438 690 Praepositam
454 636 587 677 amori
603 643 696 677 tuo:
718 650 830 678 nunc
846 636 923 678 tibi
938 651 1005 678 me
1022 644 1185 679 certum
1200 644 1267 679 est
1281 644 1428 679 contra
1440 636 1619 692 gratiam

158 699 355 751 Referre,
376 710 425 742 ut
444 702 561 757 apud
581 716 647 743 me
668 702 888 757 praemium
904 716 1000 744 esse
1021 703 1208 758 positum
1228 703 1400 759 pietatis
1421 704 1544 745 scias.

156 765 223 807 Mi
246 766 484 822 Pamphile,
502 766 583 809 hoc
598 774 643 809 et
660 767 796 817 vobis,
809 774 853 809 et
868 782 975 809 meae
989 769 1255 810 commodum
1270 768 1394 810 famae
1409 768 1615 810 arbitror:

101 839 140 869 10
157 831 257 888 Ego
276 847 349 874 rus
370 832 579 874 abituram
598 832 697 874 hinc
713 847 809 874 cum
829 840 905 874 tuo
924 848 990 875 me
1010 848 1104 876 esse
1123 842 1242 876 certo
1261 835 1431 876 decrevi
1448 842 1597 891 patre3

153 896 227 939 Ne
247 912 340 939 mea
358 898 588 952 praesentia
608 898 766 948 obstet,
787 912 872 939 neu
891 912 1020 940 causa
1041 898 1126 940 ulla
1145 906 1280 941 restet
1298 899 1475 955 reliqua,

155 962 273 1011 Quin
292 971 366 1004 tua
386 962 638 1005 Philumena
666 963 723 1005 ad
752 970 795 1005 te
824 963 987 1006 redeat.
1039 963 1156 1006 ΡΑΜ.
1175 964 1352 1017 Quaeso,
1373 966 1477 1021 quid
1506 966 1616 1008 istuc

238 1027 401 1070 consilii
419 1030 515 1070 est?

152 1095 272 1139 Illius
294 1095 473 1138 stultitia
490 1096 615 1147 victa,
635 1111 691 1138 ex
712 1096 820 1139 urbe
839 1102 888 1138 tu
907 1109 982 1137 rus
1001 1094 1240 1138 habitatum
1258 1096 1443 1152 migres?

140 1188 170 1218 2.
187 1188 258 1218 Etsi
272 1198 309 1218 ea
323 1188 495 1218 dessimules
509 1185 628 1227 sedulo]
650 1187 710 1223 Ea,
726 1185 759 1217 id
775 1192 834 1223 est,

94 1241 166 1272 quae
185 1230 269 1262 scio:
294 1237 327 1262 et
340 1241 385 1267 ea,
402 1240 461 1272 pro
474 1241 539 1260 eam
557 1241 642 1261 rem.·
663 1229 719 1260 sed
741 1229 834 1260 abso-

94 1274 161 1317 lute
177 1273 317 1305 occurrit
330 1284 391 1314 sup
392 1283 428 1304 ra
441 1272 515 1304 latae
535 1272 713 1310 sententiae,
730 1279 763 1303 et
777 1283 834 1314 ge-

94 1327 172 1348 nere
195 1323 318 1348 neutro.
364 1316 409 1348 Et
432 1323 482 1347 est
505 1316 592 1354 ordo,
610 1315 683 1347 Etsi
704 1326 743 1346 ea
767 1315 833 1347 dis-

94 1360 226 1392 simulas
241 1359 361 1397 sedulo,
378 1370 442 1390 non
458 1359 540 1390 clam
556 1369 607 1390 me
623 1367 681 1397 est,
698 1366 757 1390 etc.
792 1359 832 1390 D.

138 1405 167 1434 3.
188 1405 295 1434 Verum
310 1406 356 1434 ita
374 1414 420 1434 me
434 1404 479 1434 Di
498 1401 615 1444 ament]
631 1403 834 1443 Conjectura,

95 1457 167 1488 quae
192 1446 327 1478 solvitur
351 1445 511 1488 (fimatur
534 1445 586 1486 Z.)
612 1445 832 1486 jurejurando.

93 1491 203 1531 Itaque
217 1491 375 1530 obtingant
388 1501 425 1520 ez
439 1488 486 1530 te]
504 1489 567 1521 Pro
582 1499 617 1520 se
629 1490 725 1529 jurat,
741 1497 774 1520 et
787 1488 835 1520 ita

92 1543 161 1564 rem
179 1532 348 1575 Pamphilo
362 1533 485 1574 probat,
501 1539 538 1564 ut
552 1531 669 1563 blanda
682 1531 733 1563 sit.
764 1533 832 1563 Ita-

92 1576 167 1617 que]
197 1576 278 1607 Duae
303 1582 412 1618 partes
435 1575 597 1607 orationis.
631 1575 831 1606 D.—Bemb.

91 1625 245 1660 exoptem.-
262 1619 326 1657 alii,
336 1624 424 1660 opto.-
445 1618 589 1661 plerique
600 1624 725 1659 exoptem
747 1619 833 1659 quod

116 1662 208 1694 lacet.
238 1663 276 1694 B.

92 1673 115 1705 P
135 1708 165 1737 4.
182 1708 343 1747 Nunquam
363 1707 459 1737 sciens
472 1704 645 1746 commerui]
668 1705 759 1736 Bona
771 1715 828 1736 ex-

91 1749 218 1791 ceptio:
242 1749 317 1790 quia
327 1759 497 1791 possumus
506 1748 666 1789 aliquem·
657 1748 831 1780 mscienter

92 1792 218 1830 laedere,
234 1803 305 1833 quae
326 1802 379 1823 res
399 1792 439 1823 ad
454 1791 581 1823 veniam
596 1792 746 1833 pertinet.
789 1794 831 1823 Ut

92 1847 242 1876 nunquam
253 1834 366 1876 sciens]
381 1835 446 1866 Hic
459 1835 537 1866 ordo
549 1841 599 1866 est
608 1835 829 1875 jurisjurandi,

92 1886 128 1910 ut
157 1889 256 1920 quum
285 1878 495 1920 praeposuerit
524 1880 579 1915 ita,
606 1884 758 1919 sequatur
785 1884 829 1909 ut.

91 1922 216 1959 Cicero,
241 1921 384 1953 Divinat.
404 1923 452 1952 13.
488 1922 539 1952 Ita
560 1923 646 1952 velim
668 1923 741 1952 mihi
762 1923 831 1952 deos

86 1967 244 2006 propitios,
255 1971 298 2001 ut,
311 1976 399 2006 quum
414 1966 498 1996 iuius
511 1966 649 2004 temporis
663 1966 738 1995 mihi
749 1967 831 1996 venit

91 2011 123 2040 in
145 2014 279 2044 mentem,
302 2014 357 2039 etc.
402 2010 513 2039 Merito
534 2013 569 2038 ut
589 2013 709 2048 caperet
730 2010 829 2039 odium

89 2054 146 2083 fua
160 2051 235 2092 mei]
260 2052 349 2083 Bene
372 2051 454 2082 dixit
477 2053 603 2082 merito:
626 2061 699 2082 nam
721 2058 757 2082 ut
772 2061 830 2082 nos

90 2095 251 2126 immerito
264 2095 335 2136 quis
350 2105 415 2126 non
432 2094 544 2131 oderit,
562 2104 626 2125 non
642 2100 691 2125 est
705 2093 739 2124 iu
754 2104 829 2125 nos-

90 2145 140 2170 tra
155 2149 274 2170 manu:
297 2138 366 2169 haec
382 2144 431 2169 est
446 2136 602 2179 exceptio.
647 2137 805 2168 Plautus
796 2147 831 2168 m

89 2181 290 2219 Trinummo,
306 2182 327 2212 i.
345 2182 374 2212 2.
391 2182 442 2212 68.
474 2183 554 2215 Quin
569 2182 682 2217 dicant,
695 2192 750 2211 non
765 2186 830 2211 est.-

89 2227 195 2256 nen'to
203 2231 237 2256 ut
248 2237 286 2257 ne
298 2227 411 2261 dicant,
422 2227 456 2255 id
465 2230 519 2255 est.
542 2225 655 2256 Merito
666 2229 699 2254 ut
709 2228 829 2263 caperet

90 2270 190 2299 odium
212 2270 270 2299 illa
293 2267 367 2308 mei]
397 2268 437 2299 Id
460 2267 546 2299 enim
571 2274 619 2298 est
639 2267 735 2308 culpa
759 2266 829 2298 sine

88 2311 213 2342 merito.
241 2311 392 2343 D.·-Pro
407 2311 530 2353 vulgari
545 2312 600 2341 illa
615 2310 720 2352 placet
735 2309 829 2341 lectio

133 2399 163 2428 5.
182 2399 279 2439 Teque
293 2403 363 2429 ante
377 2409 465 2438 quam
479 2396 541 2438 me]
566 2397 667 2428 Deest
683 2402 743 2427 tam
760 2409 770 2427 .·
794 2402 830 2427 ut

90 2440 133 2471 sit
141 2440 237 2471 ordo:
263 2441 306 2472 Et
317 2451 412 2482 quam
422 2447 453 2471 te
463 2451 570 2471 amare
582 2451 633 2471 me
644 2440 744 2477 rebar,
757 2447 826 2471 tan-

90 2490 159 2514 tum
169 2483 278 2523 (Deest
289 2452 359 2514 Jdln
373 2490 456 2515 tum.-
473 2489 507 2514 ut
518 2486 560 2515 sit
569 2485 649 2520 ordo,
658 2485 827 2524 Antequam

89 2532 229 2558 teamare
242 2528 341 2563 rebar,
350 2526 419 2566 jam
429 2532 492 2558 tum
516 2526 570 2568 Z.)
587 2526 719 2557 firmasti
730 2526 826 2557 fidem

90 2570 119 2600 ei
136 2568 193 2600 rei.
234 2570 331 2610 Teque
345 2575 415 2601 ante
434 2581 523 2611 quam
544 2581 588 2601 me
604 2581 705 2601 amare
727 2571 825 2607 rebar,

90 2616 119 2644 ei
138 2615 183 2644 rei
197 2614 331 2652 firmasti
343 2612 453 2653 fileto]
476 2613 564 2644 Ordo
585 2620 618 2644 et
639 2623 752 2643 sensus
773 2613 826 2643 hic

89 2663 148 2693 est,
172 2656 216 2686 Et
237 2655 322 2696 quod
343 2662 418 2686 ante
439 2657 541 2693 rebar,
564 2656 594 2687 ei
623 2656 670 2687 rei
693 2655 827 2687 firmasti

89 2699 186 2730 fidem
216 2709 336 2729 meam:
376 2708 479 2739 neque
509 2709 561 2730 me
589 2698 711 2736 fefellit,
742 2699 827 2739 quod

88 2749 164 2773 aute
190 2743 293 2779 rebar,
324 2749 355 2772 te
380 2751 432 2772 me
457 2752 573 2772 amare.
618 2741 702 2772 Nam
725 2741 755 2772 ei
777 2742 824 2772 rei

88 2785 184 2817 hodie
207 2784 341 2816 firmasti
358 2784 463 2821 fidem,
479 2784 513 2815 id
529 2791 587 2821 est,
602 2784 824 2825 probationem

88 2828 233 2860 attulisti.
266 2827 431 2859 D.—Cod.
446 2827 545 2858 Acad.
561 2833 631 2858 ante
643 2838 737 2868 quem.
760 2827 824 2859 Sed

87 2882 161 2903 cum
189 2880 222 2902 et
247 2871 292 2902 ita
318 2877 417 2902 restet
442 2870 660 2906 ἀνακόλουθον,
688 2869 758 2911 lege
785 2881 826 2901 ex

87 2915 157 2946 cod.
174 2914 346 2946 veterrimo
372 2921 491 2951 nostro,
521 2915 618 2954 Teque
643 2919 713 2944 ante
738 2915 825 2954 quod,

88 2963 144 2989 ele.
161 2965 197 2989 ut
212 2957 290 2989 ordo
305 2958 356 2994 sit,
375 2957 516 2998 Quodque
531 2962 601 2989 ante
621 2958 720 2995 rebar,
737 2962 766 2988 te
781 2968 826 2989 ne

89 3012 200 3039 amare,
216 3004 245 3033 οι·
259 2999 434 3041 reifidrms.
468 3000 504 3032 B.

920 1186 950 1216 6.
977 1187 1059 1217 Nam
1083 1188 1158 1217 mihi
1183 1188 1266 1218 intus
1291 1192 1361 1218 tuuc
1380 1186 1488 1228 pater]
1521 1186 1615 1218 Dixit

877 1228 964 1259 enim
979 1239 1086 1270 supra,
1102 1229 1200 1270 Atque
1220 1232 1254 1261 in
1274 1241 1338 1261 ema
1360 1232 1414 1262 hoc
1434 1242 1515 1262 omne
1535 1232 1615 1272 quod

876 1274 951 1303 mihi
967 1283 1048 1313 aegre
1063 1277 1118 1309 est,
1134 1284 1262 1304 evomam
1274 1286 1285 1304 .·
1307 1272 1414 1315 potuit
1434 1273 1520 1305 enim
1536 1284 1612 1305 evo·

877 1315 995 1346 mendo
1009 1325 1165 1354 narrasse,
1180 1316 1265 1356 quod
1279 1323 1413 1348 matrem
1429 1316 1515 1348 filius
1529 1327 1612 1359 με·

876 1358 1036 1400 posuisset
1046 1358 1149 1390 uxori.
1183 1360 1264 1391 Tuus
1274 1359 1382 1401 pater]
1400 1359 1613 1399 Familiariuz,

877 1412 972 1442 quam
987 1401 1015 1433 si
1030 1401 1152 1433 diceret
1167 1403 1291 1434 Laches.
1323 1403 1365 1434 D.

921 1445 949 1478 7.
977 1444 1174 1485 Praepotitam‘
1202 1448 1297 1490 mori
1322 1445 1389 1487 tuo]
1417 1445 1494 1478 Plus
1519 1445 1612 1485 dixit,

876 1490 972 1519 amori
986 1494 1046 1526 tuo,
1062 1499 1157 1530 quam
1172 1489 1201 1520 si
1213 1491 1300 1520 uxori
1314 1494 1383 1527 tuae,
1397 1489 1526 1521 diceret.
1565 1490 1608 1521 D.

919 1533 948 1562 8.
982 1533 1023 1562 Ut
1047 1534 1131 1572 apud
1152 1543 1196 1563 me
1217 1534 1374 1572 premium
1396 1544 1459 1564 esse
1483 1535 1612 1573 positu·

871 1576 1000 1614 pietatis
1023 1574 1119 1616 scias]
1147 1575 1286 1607 Laborat
1309 1575 1434 1613 mulier,
1459 1586 1501 1607 ne
1526 1576 1611 1618 quod

874 1617 1000 1649 dictura
1015 1626 1073 1655 est,
1089 1618 1163 1650 odio
1181 1625 1238 1650 aut
1251 1618 1370 1657 dolore,
1386 1625 1442 1650 aut
1455 1626 1542 1651 certe
1562 1619 1612 1651 ira

873 1660 978 1692 facere
1005 1661 1161 1693 videatur.
1206 1664 1368 1694 Praem'um
1396 1674 1459 1694 ecee
1478 1665 1612 1703 positus

869 1704 1013 1746 pietatis]
1040 1705 1094 1736 Sic
1118 1705 1208 1746 Virg.
1233 1705 1309 1736 AEn.
1336 1706 1357 1737 i.
1385 1706 1457 1739 257.
1478 1712 1512 1738 et
1535 1706 1610 1738 465.

872 1749 936 1779 Ηῐι·
952 1750 1080 1788 pietatis
1099 1750 1214 1780 honos?
1239 1750 1316 1780 Sane
1340 1751 1390 1780 hic
1409 1761 1466 1781 sua
1481 1752 1611 1789 praenia

873 1792 967 1823 laudi.
999 1791 1208 1823 D.—Praeter
1222 1791 1342 1823 Victor.
1365 1792 1511 1834 plerique
1533 1803 1609 1825 nos-

873 1834 915 1865 tri
930 1835 1049 1865 habent
1063 1841 1150 1866 recte
1169 1837 1303 1876 pietati.-
1326 1842 1362 1866 ut
1388 1835 1491 1867 Plaut.
1516 1836 1608 1868 Poen.

873 1887 903 1908 v.
918 1879 947 1908 4.
962 1878 1011 1910 17.
1029 1880 1186 1918 proemt'um
1197 1884 1232 1909 ut
1242 1889 1304 1909 esse
1314 1881 1407 1909 sciam
1419 1881 1540 1919 pietali.
1568 1879 1606 1911 B.

917 1921 946 1952 9.
962 1922 1012 1952 Mi
1039 1922 1205 1960 Pamphile,
1235 1923 1289 1952 hoc
1314 1926 1345 1953 et
1366 1923 1457 1959 vobis,
1482 1927 1513 1953 et
1537 1933 1610 1954 nea

872 1963 1066 2005 commodum]
1103 1964 1186 1995 Rem
1222 1964 1334 1995 duram
1371 1964 1504 2002 dictura,
1534 1965 1609 1998 vide

872 2007 999 2048 quantis
1013 2007 1243 2049 praeblanditur
1253 2007 1368 2046 verbis,
1380 2018 1511 2049 remque
1524 2019 1607 2051 prae-

872 2050 996 2081 molliat
1019 2051 1193 2090 (praemollit
1216 2050 1281 2082 Ms.
1304 2050 1341 2081 Β.
1359 2058 1392 2082 et
1415 2051 1485 2082 edd.
1502 2051 1607 2093 vett),

873 2105 951 2124 nunc
973 2095 1031 2124 tibi
1061 2105 1106 2125 me
1127 2099 1240 2125 certum
1261 2099 1307 2125 est
1328 2099 1432 2126 contra
1461 2097 1607 2136 grahan.

876 2138 988 2168 Contra
1002 2147 1097 2172 nunc,
1113 2136 1263 2168 vicissim.
1294 2138 1337 2168 Ee
1349 2148 1420 2169 ’κω
1431 2140 1609 2170 commoda-

865 2179 978 2220 samae]
1003 2180 1055 2211 Ab
1075 2180 1219 2211 honesto.
1256 2181 1306 2211 Mn·
1320 2182 1485 2221 Pamphile,
1506 2183 1560 2213 hoc
1577 2187 1609 2213 et

872 2225 953 2254 vobis
967 2228 997 2254 et
1011 2222 1099 2264 mea]
1126 2222 1324 2265 Principium
1339 2223 1400 2254 hoc
1423 2223 1544 2265 aliquid
1558 2232 1609 2257 est

871 2266 1033 2307 precantis
1056 2266 1191 2297 feminae.
1235 2268 1266 2297 A
1293 2266 1510 2298 blandimento

871 2309 1041 2394 ἱυειίὂιὶῑὶιὲῐ
1048 2309 1302 2384 Ιίὺεηιεῖἰέιῖἀὴιῑ
1311 2309 1451 2384 gneo-adiutus
1453 2322 1470 2341 r
1481 2309 1546 2385 2.
1563 2311 1606 2344 D.

957 2376 965 2383 .
1032 2365 1048 2384 ο
1064 2364 1117 2384 rus
1138 2364 1158 2383 α
1241 2364 1290 2384 am
1403 2365 1469 2384 eun
1559 2366 1606 2387 ne

871 2407 933 2427 esse
948 2402 1028 2427 certo
1042 2398 1159 2427 decrevi
1169 2395 1275 2437 patre]
1299 2398 1386 2428 Certo
1400 2396 1492 2434 dixit,
1508 2407 1549 2429 ne
1563 2398 1607 2430 sit

871 2439 1077 2470 dissuadendi
1096 2439 1193 2470 locus.
1226 2441 1300 2470 Cum
1319 2445 1370 2471 tuo
1389 2451 1434 2471 me
1448 2451 1511 2472 esse
1525 2447 1606 2473 certo

870 2481 1004 2523 decrevi]
1022 2483 1074 2514 Ad
1091 2482 1150 2514 hoc
1165 2482 1297 2519 addidit,
1312 2488 1392 2514 certo
1406 2485 1546 2515 decrevi.-
1567 2490 1605 2516 ut

870 2536 935 2556 non
948 2525 1063 2557 audeat
1078 2525 1262 2557 dissuadere
1276 2525 1370 2557 filius.
1402 2526 1443 2557 D.

914 2570 962 2599 11.
978 2570 1028 2600 Ne
1051 2580 1114 2600 mea
1134 2568 1313 2610 praesentia]
1338 2569 1412 2600 Non
1436 2569 1548 2601 dixit
1533 2581 1602 2612 Jam

869 2613 966 2652 culpa,
981 2611 1038 2643 sed
1048 2614 1222 2652 prasentia.
1250 2613 1291 2643 D.

915 2656 962 2686 12.
982 2657 1065 2689 Quid
1077 2658 1155 2686 istuc
1175 2657 1292 2686 consilii
1311 2654 1374 2697 est]
1397 2655 1505 2687 Bene:
1528 2656 1604 2699 quia

868 2698 923 2729 illa
938 2701 1056 2729 decrevi
1067 2698 1201 2730 dixerat.
1234 2698 1274 2729 D.

912 2742 958 2772 13.
977 2740 1083 2782 Illius]
1101 2742 1131 2772 A
1146 2751 1291 2783 persona.
1314 2741 1471 2783 Stultitia]
1486 2743 1601 2775 Amu-

866 2794 911 2815 sa.
944 2783 1047 2825 Victa]
1073 2784 1148 2815 Non
1172 2784 1257 2816 enim
1283 2784 1403 2816 volens.
1447 2785 1545 2828 Urbe]
1570 2787 1603 2819 A

867 2827 946 2858 loco.
966 2826 1028 2868 Tu]
1051 2827 1234 2869 Apersons.
1250 2827 1449 2870 Habitum]
1464 2830 1495 2862 A
1509 2829 1603 2863 ficto.

868 2871 958 2901 Illius
971 2872 1103 2901 stultitia
1118 2873 1206 2908 victa,
1221 2882 1258 2902 ex
1272 2873 1344 2903 urbe
1365 2877 1399 2903 tu
1415 2883 1469 2904 m
1480 2875 1602 2905 habita-

868 2919 930 2944 tum
944 2915 1054 2954 nigre:
1063 2912 1096 2954 .⁷]
1121 2913 1204 2945 Vide
1224 2924 1320 2955 quam
1340 2915 1476 2948 oratorie
1494 2917 1603 2949 omnia

867 2956 1073 2998 congesserit,
1088 2967 1107 2988 a
1121 2957 1276 2999 personis,
1291 2968 1310 2989 ι
1324 2958 1438 2997 minin,
1453 2970 1472 2991 ι
1482 2959 1570 2998 loca,
1582 2971 1603 2992 a

868 2999 968 3031 factis.
999 3001 1088 3032 meus
1113 3000 1262 3042 stultitia]
1287 3001 1341 3034 Ab
1363 3001 1435 3035 utili
1450 3003 1499 3045 (A
1512 3002 1605 3044 futili
