1852 3216
445 113 521 152 DE
549 111 861 152 TRAGOEDIA
891 112 964 151 ET
992 112 1288 153 COMOEDIA.
1558 118 1630 156 xix

99 200 271 240 Latinis:
307 205 575 251 praetextatas,
606 200 657 237 ab
682 199 871 250 dignitate
906 213 1173 251 personarum,
1207 209 1249 239 et
1275 199 1414 239 Batina
1444 201 1629 241 historia:

98 254 311 298 Attelanas,
332 267 355 291 a
373 253 531 291 civitate
549 251 787 304 Campaniae,
803 253 871 292 ubi
889 254 1060 292 actitatae
1075 263 1166 292 sunt
1178 254 1358 305 plurimae
1375 268 1384 291 :
1411 254 1630 306 Rhyntoni-

100 322 176 352 cas,
203 309 254 346 ab
278 307 420 346 actoris
444 307 597 345 nornine
614 322 624 345 :
659 307 909 351 tabernarias,
928 308 979 346 ab
996 307 1215 346 humilitate
1233 309 1451 359 argumenti
1469 319 1509 346 et
1526 309 1629 347 stili:

98 362 250 406 mimos,
275 362 325 399 ab
356 361 538 399 diuturna
564 361 779 399 imitatione
806 361 940 399 vilium
969 374 1099 399 rerum
1124 370 1164 399 et
1187 361 1332 400 levium
1360 376 1627 413 personarum.

99 413 207 453 Inter
236 414 465 466 tragoediam
490 424 620 453 autem
644 423 684 452 et
703 415 934 453 comoediam
953 428 1042 453 cum
1061 415 1195 459 multa,
1216 424 1299 453 tum
1326 416 1365 454 in
1390 416 1525 467 primis
1554 417 1629 455 hoc

98 468 240 506 distat:
275 468 381 519 quod
400 467 439 506 in
458 469 651 507 comoedia
665 468 881 507 mediocres
900 469 1068 507 sortunae
1093 470 1303 514 hominum,
1324 470 1434 520 parvi
1459 470 1627 521 impetus

96 521 358 574 periculaque,
387 521 547 573 laetique
577 531 666 561 sunt
693 523 822 561 exitus
849 523 1059 561 actionum.
1114 522 1170 560 At
1197 524 1235 561 in
1264 523 1468 574 tragoedia,
1499 525 1629 562 omnia

98 576 302 620 contraria,
319 576 493 626 ingentes
505 589 695 626 personae,
709 576 839 627 magni
857 577 1029 621 timores,
1044 576 1174 615 exitus
1186 578 1327 615 funesti
1342 578 1545 616 habentur.
1577 578 1630 616 Et

97 629 177 668 illic
196 629 419 668 turbulenta
433 630 570 681 prima,
586 630 792 681 tranquilla
806 629 955 668 ultima.
1004 630 1050 668 ln
1069 631 1261 681 tragoedia
1279 632 1475 669 contrario
1494 632 1630 670 ordine

98 697 161 721 res
189 692 373 734 aguntur.
429 683 531 721 Tum
561 684 667 735 quod
694 685 734 722 in
764 685 966 735 tragoedia,
994 684 1180 735 fugienda
1207 685 1312 730 vita;
1357 686 1395 723 in
1424 686 1629 730 comoedia,

98 737 336 788 capessenda
353 738 600 788 exprimitur.
648 738 863 783 Postremo,
884 738 991 788 quod
1008 738 1134 776 omnis
1153 739 1345 777 comoedia
1368 739 1417 777 de
1443 739 1544 777 fictis
1568 750 1630 778 est

97 791 358 842 argumentis:
389 791 579 841 tragoedia
598 805 703 843 saepe
722 793 772 830 ab
790 792 976 830 historica
995 792 1073 830 fide
1091 793 1251 843 petitur.
1303 793 1456 831 Latinae
1484 793 1628 835 fabulae

98 845 224 896 primo
241 858 265 883 a
283 844 396 882 Livio
415 845 640 884 Andronico
659 846 817 896 scriptae
836 855 939 890 sunt,
960 846 1060 884 adeo
1084 855 1127 884 ut
1151 847 1201 884 ad
1226 847 1294 884 has
1318 860 1381 884 res
1405 847 1521 885 etiam
1547 856 1630 886 tum

97 907 271 937 recentes
291 898 392 936 idem
412 908 452 936 et
471 908 586 949 poeta
604 910 644 937 et
662 908 771 937 actor
789 899 1008 938 fabularum
1034 914 1192 938 suarum
1212 901 1363 938 fuisset.
1412 900 1628 939 Comoediae

99 962 229 990 autem
256 953 433 990 motoriae
462 963 564 998 sunt,
584 962 651 991 aut
670 953 853 997 statariae,
874 963 941 991 aut
958 954 1099 991 mistae.
1147 954 1345 999 Motoriae,
1366 955 1629 994 turbulentae:

98 1007 280 1051 statariae,
301 1006 537 1057 quietiores:
565 1008 705 1051 mistae,
724 1021 775 1044 ex
795 1017 961 1058 utroque
986 1016 1075 1045 actu
1102 1009 1370 1046 consistentes.
1427 1008 1633 1047 Comoedia

99 1073 169 1111 per
201 1069 369 1111 quatuor
400 1070 530 1111 partes
558 1061 758 1105 dividitur,
786 1061 1005 1112 prologum,
1025 1062 1210 1112 prom-sin,
1236 1063 1411 1112 epitasin,
1440 1072 1628 1101 catastro-

98 1114 229 1165 phem.
268 1113 459 1165 Prologus
478 1123 538 1152 est
555 1115 664 1152 velut
681 1115 862 1165 praefatio
881 1115 1060 1165 quaedam
1081 1115 1244 1154 fabulae:
1267 1116 1306 1153 in
1326 1130 1404 1166 quo
1423 1116 1507 1154 solo
1524 1116 1629 1161 licet,

98 1177 243 1218 praeter
270 1177 542 1217 argumentum
572 1168 719 1219 aliquid
744 1168 794 1206 ad
820 1169 1021 1220 populum,
1042 1169 1104 1206 vel
1128 1183 1179 1207 ex
1198 1179 1337 1220 poetae,
1358 1169 1420 1207 vel
1439 1183 1490 1208 ex
1509 1171 1631 1222 ipsius

99 1221 255 1267 fabulae,
275 1221 337 1260 vel
364 1235 414 1259 ex
444 1222 587 1261 actoris
614 1222 832 1267 commodo,
859 1222 979 1273 loqui.
1037 1221 1210 1261 Protasis
1239 1224 1388 1274 primus
1417 1233 1477 1262 est
1505 1235 1629 1271 actus,

99 1275 331 1326 initiumque
349 1275 548 1314 dramatis.
606 1276 778 1328 Epitasis
798 1277 1077 1315 incrementum
1097 1291 1381 1328 processusque
1401 1280 1602 1317 turbarum
1619 1293 1629 1317 ε

98 1342 144 1367 ac
164 1330 296 1374 totius,
318 1338 361 1367 ut
381 1330 434 1367 ita
452 1329 631 1375 dixerim,
650 1339 779 1368 motus
798 1331 956 1368 erroris.
999 1330 1257 1382 Catastrophe
1278 1333 1481 1370 conversio
1500 1346 1631 1370 rerum

100 1391 160 1421 est
178 1383 226 1421 ad
238 1383 436 1434 jucundos
455 1384 597 1429 exitus,
617 1385 811 1434 patefacta
830 1385 978 1422 cunctis
998 1385 1220 1435 cognitione
1238 1394 1451 1435 gestorum.

154 1436 166 1456 ¹
179 1436 367 1474 Comoedia
386 1446 446 1475 est
465 1437 597 1475 fabula
617 1438 773 1476 diversa
799 1438 975 1476 instituta
994 1439 1207 1483 continens,
1228 1439 1516 1490 affectuumque
1536 1441 1633 1478 civi-

100 1489 194 1528 lium
214 1504 259 1528 ac
278 1492 543 1541 privatorum:
572 1493 714 1542 quibus
733 1492 895 1529 discitur
914 1492 1009 1542 quid
1027 1493 1078 1530 sit
1095 1493 1135 1530 in
1155 1493 1236 1530 vita
1253 1493 1360 1538 utile,
1381 1494 1477 1544 quid
1495 1503 1633 1533 contra

99 1544 335 1582 evitandum.
381 1544 394 1564 ²
408 1545 524 1583 Hanc
544 1544 673 1584 Graeci
702 1546 757 1583 sic
776 1545 972 1590 definiere,
995 1550 1151 1597 κωμῳδία
1171 1550 1268 1585 ἐστὶν
1287 1550 1472 1592 ἰδιωτικῶν,
1493 1552 1547 1586 καὶ
1564 1567 1631 1586 πο-

99 1602 237 1636 λιτικῶν
253 1602 460 1648 πραγμάτων
483 1601 657 1639 ἀκίνδυνος
684 1601 842 1649 περιοχή.
889 1599 1135 1638 Comoedlam
1154 1614 1240 1638 esse
1260 1600 1398 1639 Cicero
1418 1602 1483 1646 ait,
1504 1603 1631 1640 imila-

101 1652 235 1690 tionem
251 1653 355 1696 vitae,
374 1653 562 1704 speculum
579 1653 865 1697 consuetudinis,
885 1653 1087 1704 imaginem
1104 1654 1287 1692 veritatis.
1325 1653 1541 1694 Comoediae
1561 1670 1632 1694 au-

101 1714 180 1743 tem
209 1719 233 1743 a
259 1719 367 1744 more
394 1707 553 1756 antiquo
584 1707 727 1745 dictae:
757 1708 849 1758 quia
876 1707 915 1744 in
944 1708 1040 1745 vicis
1070 1708 1295 1759 hujusmodi
1321 1710 1490 1747 carmina
1521 1710 1633 1749 initio

101 1760 328 1810 agebantur,
353 1759 458 1810 apud
485 1760 673 1798 Graecos:
702 1770 746 1798 ut
773 1762 812 1798 in
840 1760 953 1799 Italia
980 1762 1242 1812 compitalitiis
1269 1762 1442 1808 ludicris,
1463 1763 1631 1802 admisto

101 1813 432 1864 pronunciationis
450 1813 622 1859 modulo,
642 1828 733 1865 quo,
753 1814 847 1852 dum
866 1824 975 1853 actus
995 1825 1295 1861 commutantur,
1313 1816 1504 1867 “populus
1532 1817 1633 1855 deti-

101 1867 280 1904 nebatur.
328 1866 413 1904 Aut
438 1870 505 1905 ἀπὸ
531 1874 600 1906 τῶν
625 1875 756 1916 κωμῶν,
784 1869 858 1906 hoc
886 1877 957 1914 est,
985 1870 1035 1907 ab
1054 1878 1145 1907 actu
1164 1870 1257 1908 vitae
1274 1871 1487 1916 hominum,
1508 1872 1633 1922 quiin

102 1920 199 1958 vicis
217 1920 457 1965 habitabant,
477 1922 528 1959 ob
544 1921 853 1960 mediocritatem
872 1922 1114 1960 fortunarum
1130 1936 1139 1959 :
1162 1937 1240 1961 non
1261 1924 1300 1961 in
1320 1924 1418 1962 aulis
1437 1925 1566 1976 regiis,
1587 1935 1632 1964 ut

102 1983 192 2012 sunt
211 1987 389 2025 personae
409 1975 581 2025 tragicae.
610 1974 814 2014 Comoedia
828 1989 934 2020 vero,
950 1977 1042 2026 quia
1059 1990 1199 2027 poema
1216 1979 1289 2015 sub
1307 1978 1519 2016 imitatione
1538 1979 1633 2017 vitae

103 2036 221 2078 atque
239 2042 390 2066 morum
411 2028 662 2067 similitudine
682 2030 938 2080 compositum
959 2040 1030 2074 est,
1051 2030 1090 2067 in
1107 2039 1220 2080 gestu
1246 2040 1287 2069 et
1311 2033 1633 2082 pronunciatione

103 2082 290 2120 consistit.
331 2081 575 2120 Comoediam
594 2083 699 2134 apud
713 2083 877 2121 Graecos
895 2083 1057 2122 dubium
1077 2094 1135 2122 est
1149 2085 1237 2135 quis
1256 2086 1445 2124 invenerit
1463 2087 1633 2137 primus:

103 2135 208 2186 apud
226 2135 385 2174 Latinos
414 2146 563 2174 certum
588 2146 660 2175 est.
708 2136 946 2175 Comoediarn
974 2146 1013 2175 et
1044 2138 1274 2189 tragoediam
1305 2148 1476 2190 togatam
1505 2141 1634 2192 primo

103 2188 239 2227 Livius
270 2189 519 2228 Andronicus
550 2191 718 2242 reperit:
756 2192 899 2241 aitque,
930 2191 1145 2229 comoediam
1177 2205 1254 2230 esse
1284 2193 1514 2244 quotidiana?
1544 2194 1635 2232 εἰὶσε

103 2243 312 2294 speculum.-
341 2257 411 2282 nec
437 2244 589 2295 injuria.
647 2244 749 2283 Nam
778 2255 822 2283 ut
849 2245 985 2283 intenti
1014 2246 1173 2297 speculo
1201 2246 1376 2284 veritatis
1402 2247 1636 2287 lineamenta

103 2296 216 2335 facile
248 2311 317 2348 per
353 2298 538 2348 imagines
571 2298 815 2350 colligimus:
852 2299 907 2337 ita
939 2299 1104 2337 lectione
1137 2300 1340 2338 comoediae
1377 2301 1635 2340 imitationem

104 2350 197 2389 vitae
216 2352 585 2403 consuetudinisque
611 2366 687 2390 non
713 2353 915 2403 aegerrime
942 2354 1297 2392 animadvertimus.
1346 2353 1477 2405 Hujus
1504 2364 1635 2394 autem

105 2405 265 2456 originis
283 2406 381 2443 ratio
400 2407 449 2444 ab
468 2407 614 2444 exteris
635 2407 858 2444 civitatibus
877 2408 1128 2458 moribusque
1146 2408 1337 2459 pervenit.
1377 2409 1636 2448 Athenienses

103 2471 270 2509 namque
288 2459 458 2498 Atticam
486 2460 749 2498 custodientes
777 2460 1019 2511 elegantiam,
1046 2475 1134 2499 cum
1162 2461 1308 2500 vellent
1335 2462 1435 2500 male
1459 2463 1635 2502 viventes

103 2520 251 2557 notare,
275 2513 313 2550 in
338 2514 443 2551 vicos
472 2523 511 2552 et
539 2515 707 2565 compita
734 2528 785 2552 ex
813 2515 993 2553 omnibus
1020 2515 1116 2554 locis
1143 2515 1224 2554 laeti
1251 2516 1477 2567 alacresque
1503 2518 1633 2556 venie·

104 2565 224 2603 bant:
261 2566 392 2617 ibique
429 2580 517 2605 curn
547 2569 768 2606 nominibus
799 2568 1040 2619 singulorum
1074 2570 1194 2607 vitam
1225 2570 1500 2621 publicabant:
1530 2572 1635 2610 unde

106 2631 245 2657 nomen
264 2621 531 2671 compositum,
551 2631 596 2660 ut
620 2622 818 2660 comoedia
836 2633 1054 2661 vocaretur.
1111 2623 1212 2662 Haec
1240 2633 1370 2661 autem
1398 2625 1568 2664 carmina
1594 2627 1635 2664 in

150 2730 163 2750 ¹
181 2733 331 2763 Comoedia
351 2738 397 2764 est
409 2732 538 2776 sabula]
565 2735 605 2766 In
629 2735 709 2766 Mss.
733 2735 779 2766 sic
802 2741 852 2767 est
943 2736 957 2756 ²
980 2738 1071 2767 Hanc
1101 2738 1203 2767 Graeea·
1223 2739 1269 2768 εἰσ
1297 2737 1454 2779 dq'c'niere]
1486 2738 1637 2770 Diomed.

106 2775 156 2805 De
181 2777 333 2806 comoedae‘a.
380 2778 531 2808 comedia
556 2784 603 2809 est
619 2778 649 2818 s.
696 2779 789 2810 Adeo
815 2787 852 2810 ut
894 2780 1004 2810 Gram.
1021 2780 1074 2810 lib.
1093 2780 1138 2810 iii.
1155 2780 1210 2811 ubi
1226 2781 1337 2812 eadem
1348 2781 1637 2820 definitohabetur,

106 2826 177 2857 que
205 2825 393 2859 sequuntur,
420 2829 487 2850 non
516 2820 669 2852 Evanthii
701 2822 850 2864 amplius,
895 2823 946 2854 καὶ
961 2824 1133 2854 πολιτικῶν
1147 2834 1211 2854 non
1227 2824 1325 2855 addit.
1359 2825 1395 2856 L.

107 2859 164 2890 sed
188 2860 320 2892 alterius
345 2862 485 2893 auctoris
507 2874 579 2895 esse
601 2865 780 2896 videantur.
812 2866 850 2896 L.
937 2866 951 2885 ³
970 2867 1103 2905 Populus
1117 2867 1327 2909 detinebatur]
1345 2869 1408 2900 Ms.
1420 2870 1549 2910 populus
1560 2871 1636 2900 atti-

107 2901 351 2936 Wesoerhovius
379 2905 511 2937 nomine
538 2908 714 2949 Fragmenta
736 2910 852 2940 Donati
894 2911 1033 2946 uebatur,
1050 2916 1087 2940 ut
1101 2916 1135 2940 et
1149 2909 1206 2941 inf.
1235 2910 1273 2942 1..

108 2945 229 2979 edidit:
253 2948 331 2980 satis
345 2948 507 2980 audacter.
541 2950 578 2981 Z.
