1852 3216
107 177 246 205 semu
270 162 336 216 11.]

677 159 1096 203 EUNUCHUS.

1564 166 1643 207 159

165 251 238 292 Ad
259 249 384 290 illam.
439 248 552 290 PAR.
577 246 675 302 Age
697 248 840 296 modo,
866 263 979 292 nunc
1001 250 1079 291 tibi
1110 257 1260 305 patent
1290 250 1405 292 fores
1437 251 1520 302 hae,
1543 254 1643 307 quia

248 316 372 356 istam
393 314 529 356 ducis.

164 379 257 420 GN.
280 379 399 420 Num
428 393 555 433 quem
580 379 750 420 evocari
778 378 879 420 hinc
900 378 962 419 vis
994 378 1139 420 foras?
1191 378 1305 420 PAR.
1330 378 1432 421 Sine
1462 380 1642 421 biduum

248 443 331 485 hoc
353 450 597 498 praetereat.

163 508 254 555 Qui
272 508 375 548 mihi
395 523 508 549 nunc
530 522 617 548 uno
640 506 821 562 digitulo
843 507 957 548 fores
980 507 1122 561 aperis
1144 507 1404 558 fortunatus,

162 572 248 613 Nae
269 580 314 613 tu
336 573 455 622 istas,
478 572 594 622 faxo,
616 571 805 614 calcibus
829 586 944 627 saepe
964 571 1191 613 insultabis
1213 572 1387 613 frustra.

106 647 146 676 55
165 637 257 679 GN.

250 701 423 744 relictus
446 697 607 751 custos,

301 637 445 678 Etiam
482 651 594 678 nunc
629 636 699 678 hic
737 644 840 686 stas,
877 636 1120 677 Parmeno?
1172 636 1280 678 eho!
1334 651 1535 677 numnam
1575 635 1645 678 hic

162 766 235 807 Ne
258 767 353 820 quis
374 766 484 807 forte
503 766 798 807 internuncius
820 764 927 807 clam
946 780 972 806 a
993 764 1124 807 milite
1146 765 1203 807 ad
1223 765 1349 807 istam
1371 766 1549 807 curset?

166 831 279 872 PAR.
304 831 463 872 Facete
488 831 672 872 dictum:
705 832 811 871 mira
832 844 948 879 vero,
970 829 1092 870 militi
1111 845 1209 883 quae
1229 829 1444 884 placeant.

164 896 254 937 Sed
275 896 399 937 video
420 894 596 936 herilem
616 894 752 935 filium
772 894 978 935 minorem
998 893 1084 935 huc
1105 894 1322 935 advenire.

164 960 318 1010 Miror,
334 959 439 1014 quid
452 974 507 1000 ex
522 958 664 999 Piraeo
682 959 834 999 abierit
848 975 858 1007 ;

891 972 988 997 nam
1006 957 1066 998 ibi
1082 964 1229 998 custos
1247 957 1419 1011 publice
1436 964 1502 999 est
1517 973 1644 1000 nunc.

105 1032 147 1062 60
164 1024 268 1065 Non
275 1032 434 1065 temere
444 1030 531 1073 est3
554 1029 597 1064 et
610 1036 848 1077 properans
857 1024 994 1065 venit:
1017 1024 1162 1065 nescio
1178 1024 1284 1078 quid
1298 1024 1644 1079 circumspectat.

105 1168 201 1199 ducat
237 1178 365 1205 munus,
404 1166 552 1198 nunciati
589 1167 629 1198 ab
667 1167 852 1198 adversario

105 1221 198 1242 servo
227 1210 316 1242 velit.
363 1210 447 1241 Cum
473 1209 578 1250 (legoz
616 1210 729 1248 Quam)
765 1209 852 1241 enim

104 1253 238 1284 stultum
251 1259 310 1289 est,
322 1263 396 1284 cum
412 1252 616 1283 adversarius
632 1252 853 1283 adversarium

105 1296 238 1327 nunciat
253 1296 337 1326 dona
353 1305 424 1326 esse
439 1295 624 1326 missurum.
657 1295 695 1325 E.

149 1340 200 1369 51.
229 1339 321 1369 Nunc
343 1340 400 1369 tibi
419 1342 528 1376 patent
541 1336 628 1377 sores
650 1336 713 1377 hae]
739 1337 792 1368 Ex
814 1348 852 1368 eo

105 1387 260 1421 quantum
278 1380 375 1411 licere
391 1379 534 1421 oportuit
550 1379 702 1416 ostendit,
719 1381 738 1401 ⁶
756 1390 853 1419 quam

105 1423 223 1454 misere
254 1423 334 1453 nihil
364 1422 411 1453 illi
449 1422 546 1452 liceat
577 1422 770 1452 Parmenoni
802 1422 853 1461 (in

106 1466 177 1496 edd.
197 1471 272 1496 vett.
290 1465 360 1496 sine
374 1464 499 1495 lacunae
520 1464 622 1504 signo,
639 1466 718 1495 nihil
738 1467 790 1495 ille
813 1467 852 1495 li-

105 1514 181 1539 ceat.
236 1507 403 1548 Legerim:
444 1509 494 1538 Ea·
521 1518 564 1544 eo,
591 1512 735 1546 quantum
761 1509 851 1538 licere

105 1555 250 1590 oporteat,
271 1555 304 1580 at
325 1560 413 1590 quam
436 1552 544 1580 misero
566 1551 627 1579 siba·
650 1551 729 1580 nihil
749 1551 850 1586 liceat,

104 1594 235 1623 ostendit
270 1591 443 1631 Parmeno).
499 1591 580 1626 Quia
616 1593 707 1622 istam
743 1591 848 1631 ducis]

107 1635 180 1666 Hoc
195 1634 287 1675 quasi
309 1634 349 1665 ad
372 1634 597 1665 Gnathonem:
621 1634 677 1664 sed
700 1633 797 1672 lente,
814 1644 851 1665 ac

104 1678 165 1708 sub
197 1677 309 1718 lingua
344 1682 532 1707 murmurat.
580 1676 778 1708 D.—Metro
815 1682 854 1708 ut.

105 1720 263 1756 consulas,
279 1720 360 1760 lege,
374 1718 549 1759 patetsoris
563 1721 635 1750 haec.
668 1719 706 1750 B.

150 1763 201 1792 52.
225 1764 308 1793 Num
323 1773 409 1802 quem
427 1763 545 1792 evocari
567 1764 637 1792 hinc
658 1764 704 1792 vis
716 1760 806 1801 sorae
816 1761 850 1802 ?]

105 1804 192 1840 Quia
213 1804 284 1845 ipse
305 1803 427 1834 intrare
450 1814 515 1834 non
538 1810 654 1844 potest.
710 1806 782 1835 Sine
805 1806 851 1834 bi-

105 1849 197 1878 duum
209 1849 262 1877 hoc
272 1845 453 1886 praetereat]
468 1847 511 1877 Et
526 1846 586 1877 hoc
601 1846 730 1877 lentius.
766 1847 852 1877 Nam

105 1890 132 1920 si
156 1890 250 1920 aliter
264 1888 540 1930 pronunciaveris,
563 1894 686 1919 secreta
708 1888 851 1930 produn-

106 1939 167 1963 tur.
217 1932 396 1962 D.—Nnnc
425 1942 511 1971 quem
540 1930 675 1971 evocari]
709 1931 752 1961 Et
784 1931 852 1962 haec

104 1980 173 2005 arte
197 1980 332 2010 tractata
354 1980 440 2004 sunt.
487 1974 572 2004 Nam
595 1984 668 2004 cum
692 1973 854 2014 parasitus

105 2017 236 2048 domum
253 2017 368 2047 fuisset
390 2016 565 2057 ingressus,
584 2016 779 2047 Parmenoni
802 2016 851 2046 di-

105 2060 160 2096 cit,
176 2070 218 2090 an
233 2059 372 2099 aliquem
389 2059 450 2090 sibi
463 2059 542 2089 velit
556 2061 683 2095 evocari,
700 2065 853 2098 tanquam

104 2102 175 2143 ipse
191 2101 395 2142 ingrediendi
407 2103 474 2141 jam
492 2111 556 2132 non
571 2102 689 2132 habeat
709 2107 851 2143 potesta-

106 2151 182 2176 tem.
221 2147 293 2176 Sine
310 2146 432 2175 biduum
448 2143 518 2184 hoc]
548 2144 617 2174 Scit
639 2143 726 2174 enim
748 2143 853 2174 domi-

107 2197 184 2218 num
200 2187 391 2222 affuturum;
417 2192 450 2217 et
464 2186 509 2217 ita
525 2197 599 2217 eum
615 2186 777 2217 meretrici
796 2186 852 2217 ab·

106 2230 243 2261 sentiam
259 2229 455 2271 promisisse.
489 2229 527 2260 Ε.

150 2274 201 2303 53.
229 2274 289 2306 Qui
311 2272 401 2312 mihi]
419 2273 501 2302 Mihi
521 2271 568 2310 τῷ
589 2270 763 2320 ἆττικισμῳ
784 2270 852 2302 dic-

107 2321 175 2346 tum
207 2322 265 2347 est.
319 2313 524 2355 Fortunatus]
558 2314 604 2345 Ut
634 2314 705 2362 ipse
733 2313 853 2344 videris

108 2357 176 2389 tibi.
208 2358 249 2389 D.
251 2358 385 2398 —Lege
400 2356 453 2388 hic
469 2367 595 2397 quoque
611 2356 645 2387 in
665 2356 747 2397 sing.
764 2366 853 2387 num.

98 2399 208 2439 forem,
225 2406 257 2431 et
272 2410 368 2431 versu
382 2406 538 2440 sequente
554 2410 613 2441 pro
635 2402 711 2430 istas
732 2409 854 2440 repone

108 2445 216 2474 istanc.
249 2443 286 2474 B.

153 2486 204 2515 54.
228 2487 288 2516 Nae
312 2485 363 2526 tu]
393 2486 449 2516 Noe
472 2485 574 2516 valde.
625 2486 686 2515 Noe
710 2490 743 2515 tu
767 2486 853 2522 istas,

100 2525 188 2567 saxo,
216 2527 365 2567 calcibus]
395 2527 483 2558 Mira
509 2527 702 2568 eloquentia,
730 2527 765 2558 in
792 2537 855 2567 qua

110 2575 246 2609 utraque
256 2570 417 2609 ὑπερβολὴ
426 2570 671 2612 expressissima
680 2577 738 2601 est.
769 2570 855 2600 Nam

111 2622 216 2652 neque
246 2623 303 2642 uno
329 2613 459 2652 digitulo
487 2613 596 2644 minus
631 2612 752 2652 aliquid
790 2612 855 2643 dici

110 2660 234 2695 potest:
259 2664 363 2694 neque
378 2656 510 2686 calcibus
524 2666 603 2695 ηερε
616 2657 787 2691 insultabis,
800 2661 856 2686 aut

111 2697 250 2738 amplius
270 2703 327 2727 aut
347 2696 520 2737 ingentius.
570 2699 739 2729 [insultabis
751 2697 856 2738 sores]

114 2739 286 2770 Sallustius
311 2738 360 2778 (in
385 2738 614 2780 Fragmenta),
629 2741 738 2771 multos
759 2746 859 2772 tamen

112 2784 151 2813 ab
166 2784 367 2813 adolescentia
389 2782 475 2812 bonos
495 2783 662 2813 insultavit.
694 2782 856 2814 D.-cal-

111 2827 197 2856 cibus
223 2823 319 2865 saepe]
348 2823 482 2855 Frustra
507 2824 542 2855 in
567 2824 653 2856 fores
682 2825 859 2856 exsultabis

111 2867 262 2904 calcibus,
279 2867 339 2898 hoc
356 2873 414 2902 est,
431 2866 564 2898 insilies.
596 2866 636 2897 E.

156 2911 206 2941 55.
239 2908 409 2950 Numnam]
441 2909 505 2940 Hic
531 2921 601 2940 nam
626 2909 789 2942 abundat:
822 2916 859 2942 ut

112 2955 262 2993 quidnam.
301 2954 439 2984 Relictus
460 2951 576 2993 custos]
600 2952 689 2983 Bene
711 2954 856 2985 relictus.-

896 1167 987 1208 quasi
1012 1168 1053 1199 ab
1077 1168 1217 1199 excluso.
1261 1168 1454 1199 D.-—-Etiam
1478 1179 1556 1199 nunc
1578 1168 1645 1209 hic]

897 1210 961 1241 Per
976 1210 1142 1241 silentium
1158 1210 1372 1251 intelligimus
1388 1210 1565 1252 parasitum
1577 1212 1647 1251 jam

896 1253 1079 1294 ingressum
1105 1263 1175 1284 esse
1200 1253 1241 1283 ad
1265 1253 1478 1291 meretricem,
1503 1260 1536 1284 et
1561 1254 1648 1285 dona

897 1295 1078 1332 tradidisse,
1103 1306 1168 1326 non
1191 1295 1318 1336 ingredi
1342 1296 1589 1333 Parmenonem,
1613 1302 1647 1327 et

896 1348 983 1368 nunc
991 1346 1076 1368 stare
1083 1343 1158 1368 ante
1168 1337 1296 1368 ostium.
1318 1338 1493 1379 E.—Lege
1503 1340 1647 1370 Etiamne

897 1385 930 1411 tu
945 1382 994 1411 hic
1009 1386 1082 1417 stas,
1099 1380 1147 1410 uti
1162 1380 1261 1411 habet
1282 1390 1367 1411 unus
1389 1380 1459 1412 cod.
1475 1391 1550 1412 cum
1572 1381 1644 1412 edd.

896 1428 973 1453 vett.
990 1422 1048 1453 sed
1063 1422 1182 1453 omisso
1198 1433 1243 1453 ne.
1278 1422 1315 1453 B.

941 1465 991 1495 56.
1016 1467 1065 1495 Ne
1081 1464 1238 1505 quisforte
1258 1463 1482 1505 internuncius]
1499 1464 1645 1506 Proprie,

894 1509 1112 1538 internuncius.
1158 1509 1208 1538 Ne
1230 1509 1298 1547 quis
1310 1510 1396 1547 sorte
1419 1507 1644 1549 internuncius]

896 1549 948 1580 Ex
974 1550 1024 1580 his
1048 1549 1155 1580 verbis
1179 1549 1274 1580 datur
1297 1549 1446 1590 intelligi,
1466 1550 1646 1590 parasitum

895 1602 913 1623 e
929 1592 1024 1623 domo
1039 1592 1224 1623 meretricia
1246 1591 1366 1632 egredi.
1405 1593 1455 1623 Ne
1477 1594 1546 1633 quis
1558 1591 1645 1631 forte

894 1637 1102 1665 internuncius
1117 1637 1195 1665 elam
1211 1646 1230 1664 a
1249 1636 1347 1665 milite
1368 1636 1411 1665 ad
1431 1637 1522 1665 istam
1544 1637 1644 1666 cursi-

896 1682 939 1708 tet
949 1676 982 1717 ?]
1016 1677 1060 1708 Et
1090 1677 1151 1708 hoc
1184 1677 1304 1708 facete:
1346 1676 1437 1717 quasi
1474 1676 1545 1718 ipse
1582 1676 1646 1708 sibi

895 1719 1055 1750 Thaidem
1079 1725 1178 1750 totam
1198 1719 1420 1756 vindicaverit,
1444 1720 1529 1759 quod
1552 1719 1646 1751 miles

894 1762 980 1793 facit.
1030 1762 1209 1793 D.—Male
1245 1761 1336 1793 codd.
1375 1765 1512 1800 cursitet,
1548 1772 1646 1794 versu

896 1804 1080 1845 postulante
1095 1816 1158 1842 eur,
1175 1806 1237 1835 sed.
1271 1805 1308 1835 B.

940 1846 990 1879 57.
1015 1849 1126 1878 Facete
1148 1846 1279 1886 dietum]
1300 1845 1478 1886 Εἲρωνικῶς,
1495 1845 1570 1886 quia
1592 1846 1643 1877 in-

896 1889 1000 1920 ficete.
1053 1891 1139 1919 Mira
1169 1900 1236 1920 vera
1266 1891 1358 1919 militi
1389 1899 1455 1929 qua
1481 1889 1646 1930 placeant]

898 1933 991 1968 Mira,
1020 1941 1080 1972 pro
1110 1931 1238 1962 mirum.
1289 1931 1380 1972 Virg.
1410 1931 1486 1961 AEn.
1516 1931 1538 1961 i.
1570 1932 1644 1963 669.

897 1975 982 2004 Nota
997 1976 1062 2004 tibi.
1104 1974 1149 2004 Et
1163 1979 1213 2004 est
1229 1972 1374 2013 εἰρωνεία.
1413 1973 1501 2009 Quid
1524 1973 1644 2005 mirum

896 2023 955 2052 est,
978 2015 1094 2056 inquit,
1120 2016 1222 2047 facete
1247 2015 1335 2056 loqui
1359 2026 1443 2052 eum,
1469 2015 1524 2056 qui
1548 2016 1645 2047 militi

895 2058 1043 2099 placeat?
1076 2059 1188 2089 Potest
1210 2064 1318 2089 tamen
1343 2064 1376 2089 et
1423 2058 1571 2090 lui-aliter
1592 2059 1645 2090 in-

898 2101 1009 2141 telligi.
1055 2101 1254 2132 D.—Facete
1284 2103 1397 2132 dictum
1446 2101 1563 2139 Suave,
1587 2103 1644 2142 ju-

897 2144 1012 2174 cunde.
1060 2143 1246 2174 E.—Militi
1274 2154 1341 2184 quae
1362 2143 1526 2184 placeant]
1554 2143 1649 2176 Serv.-

898 2186 1028 2217 AEneid.
1046 2186 1066 2216 i.
1079 2186 1151 2217 669.
1169 2187 1254 2216 Nota
1265 2188 1333 2223 tibi,
1343 2191 1373 2216 et
1387 2190 1497 2217 nostro.
1530 2186 1566 2218 L.

941 2230 992 2259 58.
1017 2230 1078 2259 Sed
1094 2230 1179 2259 video
1201 2230 1324 2259 herilem
1338 2227 1456 2268 filium]
1473 2228 1549 2259 Non
1571 2234 1645 2270 pot-

898 2277 947 2302 est
974 2271 1148 2302 Terentius
1174 2269 1328 2311 τρόφιμοι
1354 2270 1486 2311 proprie
1516 2270 1644 2302 dicere:

897 2313 971 2344 ideo
988 2316 1111 2345 herilem
1125 2315 1226 2352 filium
1248 2313 1336 2344 dicit.
1369 2313 1411 2343 D.
1414 2314 1520 2344 —Sed
1540 2313 1644 2355 video]

899 2356 963 2387 Ms.
981 2358 1043 2387 Sed
1061 2355 1185 2387 videon‘.
1219 2356 1255 2386 L.

941 2400 992 2430 59.
1024 2400 1125 2429 Miror
1145 2401 1220 2439 quid
1241 2409 1278 2429 ex
1300 2400 1401 2430 Piraeo
1422 2397 1552 2438 abierit]
1579 2398 1649 2430 Hie

897 2451 994 2473 causa
1013 2441 1204 2479 ostenditur,
1220 2451 1278 2472 cur
1293 2446 1401 2482 potest
1422 2440 1553 2481 ignotus
1575 2451 1647 2473 esse

899 2484 1024 2522 vicinis,
1052 2490 1084 2515 et
1121 2494 1180 2525 pro
1208 2483 1358 2515 eunucho
1387 2483 1477 2524 fingi.
1529 2483 1645 2524 Miror]

900 2527 964 2558 Pro
979 2527 1097 2558 nescio.
1136 2528 1238 2557 Miror
1253 2528 1328 2567 quid
1341 2537 1378 2557 e:
1393 2527 1496 2556 Piraeo
1513 2525 1645 2567 abierit]

900 2570 946 2600 Ut
962 2580 1001 2600 ex
1026 2570 1131 2600 Piraeo
1152 2569 1343 2606 discederet,
1360 2567 1504 2609 symbola
1525 2568 1646 2600 amieo-

899 2622 990 2643 rum:
1014 2618 1050 2643 ut
1067 2613 1129 2643 huc
1151 2610 1347 2653 perveniret,
1364 2611 1484 2642 omisso
1506 2611 1648 2652 negotio,

899 2660 1049 2696 aspectus
1073 2654 1209 2695 virginis
1232 2653 1318 2684 fecit.
1365 2654 1448 2684 Nam
1478 2655 1523 2684 ibi
1548 2659 1648 2686 custos

897 2697 1036 2738 publice]
1068 2697 1235 2728 Adversus
1271 2695 1461 2737 praedonum
1497 2695 1648 2729 incursus

900 2739 967 2771 illic
984 2740 1163 2771 excubabat
1173 2740 1328 2787 juventus
1344 2738 1462 2770 Attica.
1501 2739 1647 2777 Piraeum,

901 2789 938 2814 ut
960 2785 1095 2819 Sunium,
1117 2788 1166 2812 est
1189 2780 1351 2812 maritima
1378 2787 1413 2812 et
1440 2790 1572 2812 accessu
1591 2781 1646 2813 lit-

902 2825 981 2857 toris
1003 2835 1078 2866 pars
1098 2823 1297 2855 clementior.
1335 2824 1461 2855 Publice
1482 2828 1528 2855 est
1548 2823 1650 2865 nunc}

902 2870 993 2899 Nunc
1015 2867 1165 2908 ambigua
1192 2865 1400 2898 distinctione
1422 2866 1563 2908 positum
1586 2874 1646 2898 est.

903 2911 943 2941 D.
946 2912 1040 2941 —Ex
1060 2908 1178 2950 Piraeo]
1216 2909 1322 2940 Locus
1343 2916 1393 2940 est
1413 2909 1496 2940 mari
1521 2909 1648 2941 vicinus

897 2955 993 2994 juxta
1032 2952 1187 2990 Athenas,
1224 2957 1320 2994 aptus
1358 2951 1400 2986 ad
1436 2951 1646 2993 voluptatem.
