1852 3216
187 115 288 156 lxxii
533 115 615 156 DE
654 116 889 157 ME'rms
925 116 1387 159 TERENTIANIS.

188 201 343 242 mollior
374 201 441 242 fiet
471 203 605 243 erasis.
663 204 724 244 lta
754 213 886 244 noster
917 211 1003 252 twa,
1030 219 1118 251 ma,
1147 203 1448 259 girandyuscula,
1477 203 1726 257 seellyonino5

188 255 305 309 plane
324 264 365 295 et
382 255 571 309 Virgilius
588 258 734 311 stellyo,
753 258 897 310 abym,
915 266 987 299 etc.
1045 260 1193 299 Eadem
1224 260 1386 305 ratione,
1406 272 1494 298 cum
1506 260 1593 310 jam
1611 259 1726 298 effer-

189 318 289 356 rent,
320 320 363 350 ut
390 324 461 350 nos
493 311 610 350 hodie
636 326 749 364 yam,·
792 313 830 351 in
862 313 960 352 duas
988 313 1156 366 syllabas
1186 327 1258 366 pro
1287 312 1413 352 lubitu
1444 312 1725 358 dissolvebant,

188 378 286 403 nunc
304 370 393 403 iam.
451 364 646 404 Caeterum
678 367 713 405 in
743 366 814 405 hac
842 367 1011 407 editione
1042 369 1106 406 ubi
1135 372 1211 406 i'am
1240 366 1457 418 disyllabon
1476 376 1548 411 est,
1569 376 1725 405 notatur

189 419 388 464 diaeresis;
419 428 459 458 et
478 421 592 466 cuius,
622 420 740 465 huius,
769 421 860 465 eius,
891 422 956 459 ubi
985 422 1251 473 monosyllaba
1279 431 1381 465 sunt,
1410 434 1527 472 super
1547 421 1559 459 i
1579 421 1725 460 habent

188 482 413 518 accentum:
446 474 511 512 ubi
532 474 735 526 disyllaba,
758 488 877 526 super
896 489 920 512 u
939 484 978 513 et
998 489 1029 520 e,
1050 477 1165 527 cuijus,
1184 475 1304 527 hujus,
1323 474 1415 526 ejus.

243 526 324 571 Eii,
343 526 423 572 nii,
445 527 550 579 speii,
570 528 699 580 priore
718 542 787 580 per
801 529 948 567 ectasin
968 530 1171 580 producta,
1191 543 1266 567 non
1288 528 1461 579 indigent
1480 529 1615 575 venia;
1636 542 1725 568 cum

188 579 396 620 Lucretius
423 581 566 631 aliique
595 581 686 620 olim
715 582 815 634 epici
845 581 947 621 idem
977 583 1150 622 fecerint.
1208 583 1253 621 ln
1282 591 1417 621 nostra
1434 581 1616 628 editione,
1636 597 1725 622 cum

188 634 469 687 producuntur,
490 635 646 687 duplice
663 635 675 673 i
695 636 929 674 scribuntur.

245 688 383 740 Neque
411 688 506 727 illud
537 690 636 727 inter
663 689 839 728 licentias
868 703 1060 736 numeres,
1082 704 1170 729 cum
1192 689 1330 729 comici
1349 703 1369 728 s
1387 689 1501 729 finale
1521 690 1560 729 in
1577 690 1727 742 syllaba

190 742 312 786 brevi.
338 752 525 793 sequente
554 752 681 782 tamen
714 753 960 788 consonante,
993 757 1268 796 nonnunquam
1299 743 1500 795 abjiciunt,
1530 754 1573 782 ut
1601 745 1726 790 tristi',

176 794 375 847 famelicu'
392 810 403 834 :
435 796 625 848 siquidem
649 796 749 835 idem
770 797 860 836 facit
881 798 1024 849 passim
1044 798 1263 837 Lucretius.
1315 796 1513 837 Caeterum
1532 798 1637 849 quod
1656 812 1727 838 nos

189 850 347 901 quidam
366 850 520 896 docent,
540 860 578 889 et
598 851 637 889 in
657 850 807 902 syllaba
824 850 941 903 longa
960 852 1034 890 hoc
1059 851 1185 891 solere
1206 851 1302 896 fieri,
1322 853 1362 891 et
1380 861 1567 903 sequente
1587 852 1727 900 vocali,

188 913 229 943 et
249 912 370 943 totam
389 904 505 943 etiam
526 904 715 956 syllabam
733 918 822 944 cum
843 919 861 943 s
883 918 987 958 saepe
1006 906 1184 952 resecari,
1205 905 1391 945 falluntur
1409 915 1449 944 et
1468 905 1620 945 fallunt.
1676 906 1724 946 Iu

189 957 431 1005 οοηείηιίἔὶἐε,
451 972 475 997 a
499 959 627 1010 priore
654 958 760 1005 nihil,
781 959 849 998 sed
870 961 920 998 ab
938 966 993 998 est
1011 959 1157 999 vocalis
1176 969 1393 1006 resecatum
1415 968 1460 998 ut
1479 960 1518 999 in
1533 960 1727 1013 palam'st,

188 1012 433 1051 necessum'st.
491 1012 731 1051 Multimodis
762 1013 866 1065 apud
904 1022 1079 1053 nostrum
1118 1028 1194 1053 non
1222 1014 1387 1053 'divisim
1416 1013 1577 1053 effertur
1608 1014 1728 1054 multi·

188 1065 329 1111 moda's,·
359 1066 429 1105 sed
444 1080 523 1106 vox
542 1081 618 1106 una
637 1076 697 1106 est
716 1076 759 1106 ut
778 1068 994 1107 omnimodis
1010 1083 1021 1106 :
1052 1078 1092 1107 et
1110 1067 1318 1107 Lucretius
1338 1077 1503 1119 utraque
1522 1069 1656 1107 utitur.

243 1120 351 1164 Quin
371 1130 411 1160 et
438 1121 506 1159 ubi
534 1121 773 1173 synaloephae
801 1122 860 1160 vis
889 1131 1026 1168 cessat,
1044 1132 1084 1161 et
1113 1122 1174 1162 vel
1203 1122 1348 1161 vocalis
1376 1123 1570 1174 quaepiam
1602 1123 1663 1162 vel
1691 1138 1726 1162 m

189 1172 323 1213 finales
342 1187 419 1213 non
439 1174 648 1220 eliduntur,
677 1175 798 1214 altera
823 1176 949 1215 vocali
968 1190 1033 1215 eas
1051 1177 1296 1229 excipiente;
1327 1190 1376 1216 ne
1405 1177 1479 1215 hoc
1504 1176 1661 1228 quidem
1686 1178 1725 1216 in

187 1226 354 1267 licentiis
373 1242 517 1280 ponas:
547 1229 677 1280 qualia
705 1229 781 1268 ista
799 1238 839 1269 et
866 1229 979 1282 plura
1006 1231 1111 1282 apud
1138 1242 1337 1269 nostrum:
1365 1244 1488 1270 omnes
1504 1233 1567 1283 qui
1584 1238 1725 1277 amant,

187 1281 244 1320 me'
270 1288 306 1321 et
334 1289 461 1328 aetate,
480 1282 525 1321 πέ
551 1282 613 1322 ubi
640 1285 860 1336 acceperim,
889 1284 983 1337 quae
1008 1291 1092 1323 erat
1120 1292 1277 1332 mortua,
1297 1298 1373 1323 una
1401 1284 1457 1325 ire
1481 1286 1562 1323 crim
1589 1286 1726 1331 amica,

188 1335 274 1374 duim
293 1335 335 1374 id
351 1336 496 1388 efficias,
516 1337 660 1390 quicum
677 1351 749 1376 uno
771 1337 847 1376 νέφη
869 1338 1063 1377 habebam.
1120 1339 1280 1391 Quippe
1304 1348 1345 1378 et
1367 1339 1483 1391 epici,
1505 1339 1725 1385 Lucretius,

189 1388 392 1442 Virgilius,
423 1390 614 1430 Horatius
642 1391 781 1430 eodem
809 1392 927 1431 modo
955 1393 994 1432 in
1022 1393 1285 1432 hexametris:
1315 1392 1381 1432 sed
1395 1393 1481 1432 duim
1506 1393 1612 1432 abest
1630 1393 1729 1447 quod

187 1458 347 1489 avernus,
380 1444 562 1484 credimus
592 1459 643 1484 an
671 1447 733 1499 qui
763 1453 906 1492 amant,
936 1447 969 1485 si
1000 1447 1057 1485 mc'»
1086 1461 1193 1486 amas
1220 1448 1351 1500 inquit,
1380 1454 1483 1486 cocto
1508 1448 1592 1486 mim
1620 1448 1728 1487 adest

189 1497 304 1537 honor
332 1498 440 1537 idem.
498 1499 543 1538 In
576 1499 636 1538 bis
666 1509 796 1539 autem
826 1500 989 1552 aliisque
1017 1501 1208 1540 similibus
1236 1502 1311 1540 tria
1338 1511 1429 1540 sunt
1456 1502 1723 1549 observanda;

188 1565 387 1604 nunquam
412 1553 488 1592 hoc
515 1553 599 1592 fieri
631 1554 703 1592 nisi
743 1554 781 1592 in
810 1556 932 1594 verbo
961 1555 1253 1607 monosyllabo;
1287 1555 1394 1607 quod
1426 1557 1589 1594 verbum
1622 1557 1655 1595 si
1689 1557 1727 1595 in

188 1605 364 1645 vocalem
383 1607 479 1652 exit,
499 1617 654 1659 oportet
673 1607 861 1660 syllabam
880 1622 966 1648 esse
986 1608 1140 1661 longam
1157 1624 1167 1655 ς
1198 1610 1317 1648 ictum
1337 1609 1504 1660 denique
1523 1609 1666 1649 habere
1686 1610 1726 1649 in

188 1660 315 1712 prima
349 1660 498 1712 syllaba
533 1661 732 1714 anapaesti.
789 1661 943 1702 Harum
972 1676 1066 1702 vero
1094 1663 1359 1702 conditionum
1388 1664 1604 1713 ignorantia
1631 1674 1729 1716 quot

188 1727 314 1767 nuper
341 1715 493 1767 peperit
520 1717 700 1755 errores?
730 1716 824 1755 dum
852 1725 893 1755 et
920 1717 959 1756 in
987 1717 1240 1769 polysyllabis
1269 1717 1412 1763 verbis,
1432 1727 1471 1756 et
1497 1718 1537 1756 in
1566 1718 1726 1771 syllabis

188 1768 386 1814 brevibus,
407 1778 447 1808 et
466 1770 505 1808 in
522 1769 647 1809 aliena
665 1769 770 1815 sede,
789 1783 905 1822 posse
923 1770 1008 1810 fieri
1026 1771 1100 1810 boc
1119 1772 1411 1810 existimabant.

242 1821 373 1873 Atque
400 1823 588 1862 hactenus
616 1824 665 1863 de
690 1824 844 1864 licentia
869 1824 1115 1871 Terentiana,
1136 1825 1264 1877 deque
1301 1825 1386 1877 ejus
1420 1823 1621 1872 limitibus,
1641 1840 1725 1866 mo·

189 1876 285 1916 dicis
305 1890 396 1916 sane
415 1876 490 1916 illis
509 1891 636 1929 neque
655 1878 909 1917 incommodis
926 1892 935 1917 ε
965 1879 1119 1931 qualem
1142 1879 1259 1918 hodie
1284 1879 1322 1918 in
1341 1879 1468 1931 poetis
1487 1881 1725 1920 nostratibus

188 1931 392 1983 patriaque
409 1930 543 1983 lingua
570 1932 766 1984 patienter
786 1932 959 1972 ferimus.
1017 1932 1125 1977 Quin
1144 1942 1185 1972 et
1203 1933 1327 1973 ausim
1400 1933 1521 1973 lliceri
1540 1947 1725 1986 sponsor-

189 1998 265 2036 que
281 1985 376 2031 fore,
393 1986 570 2037 quemvis
586 1986 886 2032 adolescentem,
903 1986 1075 2039 vulgaris
1094 1987 1212 2027 modo
1226 1947 1420 2040 prosogioae
1432 1996 1472 2027 et
1488 1987 1724 2040 syllabarum

188 2039 415 2090 quantitatis
434 2039 651 2086 callentem,
670 2039 773 2080 lecta
800 2055 878 2080 una
905 2041 1026 2080 altera
1056 2055 1103 2081 ue
1123 2041 1303 2081 editionis
1330 2051 1475 2081 nostrae
1503 2055 1632 2088 scena,
1653 2057 1725 2082 suo

190 2091 321 2132 Marte
339 2107 384 2132 ac
403 2094 485 2132 sine
503 2094 692 2147 magistro
710 2103 836 2134 totum
855 2095 930 2134 hoc
947 2055 1054 2148 quod
1074 2096 1263 2148 quaeritur
1282 2104 1571 2149 percepturum.
1630 2096 1724 2141 Quo

187 2147 311 2199 magis
343 2148 496 2194 mirum,
526 2148 715 2200 quosdam
747 2158 890 2188 caetera
922 2149 1181 2195 doctissimos,
1206 2150 1276 2190 sed
1307 2150 1346 2189 in
1376 2150 1437 2190 his
1465 2151 1581 2190 rebus
1606 2150 1724 2203 paulo

186 2203 496 2253 ὀψιμαθιστέρους,
518 2212 597 2242 tam
616 2202 824 2243 immodica
847 2205 1055 2243 verborum
1075 2218 1219 2257 pompa
1238 2218 1280 2244 se
1299 2213 1339 2243 et
1357 2217 1514 2257 operam
1534 2218 1645 2243 suam
1665 2205 1723 2244 es-

187 2255 311 2294 serre:
342 2257 451 2307 quasi
470 2265 587 2295 tantae
610 2256 723 2296 molis
742 2266 845 2297 esset
865 2257 1081 2297 Romanam
1101 2272 1206 2298 nunc
1227 2258 1433 2302 licentiam.
1454 2269 1610 2311 quantae
1630 2257 1723 2299 olim

186 2318 269 2349 erat
295 2320 463 2361 gentem,
483 2311 715 2350 condidisse.
765 2311 905 2363 Neque
933 2321 1074 2358 tamen,
1095 2313 1128 2351 si
1156 2313 1167 2351 i
1197 2313 1230 2352 si
1257 2312 1438 2352 audiendi
1465 2321 1567 2359 sunt,
1587 2313 1723 2353 imme·

188 2363 263 2402 rito
290 2363 527 2416 gloriantur:
560 2378 650 2404 cum
678 2379 728 2405 ex
758 2379 893 2405 eorum
913 2367 1101 2406 sententia
1128 2326 1222 2406 „iffa
1250 2380 1327 2406 uon
1348 2366 1546 2406 veteribus
1565 2367 1723 2407 comicis

188 2426 227 2456 et
254 2417 408 2458 licuerit
432 2427 471 2458 et
498 2418 679 2458 libuerit:
709 2429 753 2459 ut
785 2428 863 2459 tam
892 2434 1004 2473 vagae
1038 2421 1206 2461 licentia!
1234 2421 1376 2461 limites
1404 2420 1504 2460 ullos
1532 2422 1722 2473 posuisse,

187 2471 349 2523 perinde
378 2473 430 2512 sit
460 2486 505 2512 ac
537 2472 734 2513 Sarmatas
761 2482 802 2513 et
832 2473 1006 2513 Gelonos
1037 2476 1141 2515 intra
1168 2488 1327 2529 campos
1365 2488 1457 2515 suos
1488 2475 1721 2515 coercuisse.

191 2525 382 2565 Nimirum
396 2527 435 2566 hi
451 2540 528 2566 non
539 2527 646 2580 ipsos
660 2537 809 2580 poetas,
828 2542 904 2567 non
919 2537 1042 2568 artem
1058 2538 1098 2568 et
1109 2529 1253 2582 rythmi
1268 2529 1438 2583 genium,
1459 2528 1526 2568 sed
1541 2528 1722 2569 librarios

187 2579 260 2618 sibi
279 2579 399 2620 duces
418 2590 577 2621 sumunt
593 2595 603 2628 ς
633 2591 673 2621 et
690 2591 748 2622 tot
767 2582 847 2621 fere
863 2581 1104 2622 licentiarum
1123 2584 1274 2636 species
1291 2583 1364 2623 sibi
1385 2583 1548 2636 fingunt,
1569 2593 1665 2635 quot
1684 2584 1723 2623 in

189 2642 272 2672 toto
292 2633 431 2674 Plauto
457 2634 721 2688 Terentioque
748 2636 901 2676 vitiosae
929 2635 1115 2676 lectiones
1134 2651 1234 2678 nunc
1253 2646 1425 2683 restant:
1458 2638 1601 2690 unique
1620 2637 1721 2684 loco.

217 2687 256 2726 ui
274 2688 538 2729 emendandus
556 2699 653 2737 erat,
672 2704 724 2730 ex
751 2690 875 2730 altero
893 2704 1007 2742 oeque
1034 2692 1223 2731 mendoso
1246 2693 1506 2745 patrocinium
1525 2701 1721 2744 quaerunt.

189 2700 298 2785 auid
331 2743 470 2782 mirum
500 2744 643 2795 igitur3
674 2744 706 2784 si
738 2759 817 2797 quo
845 2744 968 2797 major
1000 2746 1045 2784 iis
1065 2755 1142 2785 tam
1162 2745 1272 2786 sslsae
1299 2747 1471 2786 metricae
1500 2746 1639 2785 notitia
1656 2759 1721 2785 sc—

187 2795 323 2841 crevit,
342 2809 390 2835 eo
410 2797 447 2835 in
466 2797 561 2843 dies,
583 2807 626 2838 ut
653 2808 882 2851 queruntur,
901 2799 1025 2851 magis
1050 2799 1270 2840 decreverit
1290 2799 1603 2840 emendationum
1630 2813 1720 2838 sua-

188 2861 275 2888 rum
304 2852 520 2890 numerus?
550 2851 666 2898 Illud,
687 2854 720 2893 si
747 2853 917 2899 dubitas,
938 2853 1119 2905 exemplo
1138 2855 1214 2902 sit3
1246 2855 1312 2896 ubi
1343 2853 1471 2895 Plauti
1491 2854 1721 2893 auctoritate

265 2916 307 2942 es
345 2904 508 2944 creticos
541 2906 579 2944 in
617 2907 803 2948 trimetris
839 2906 1075 2947 adsciscunt.
1132 2906 1261 2949 Locus
1295 2908 1609 2963 elegantissimus
1645 2917 1718 2954 est,

224 2956 418 2998 rinummo
438 2958 461 2998 i.
486 2963 523 2998 2.
545 2959 584 3000 in
601 2961 762 3002 urbanos
779 2974 877 3014 quos
894 2970 1010 3002 vocat
1027 2974 1193 3008 narras,
