1852 3216
599 118 674 161 IN
714 117 1132 161 ADELPHOS.
1547 119 1632 160 359

218 209 564 265 Reprehensum,
584 210 659 265 qui
677 209 922 265 praeteritus
942 208 1270 264 negligentia'st.

163 285 199 314 15
217 276 332 318 Nam
352 276 469 332 quod
489 276 560 318 isti
580 276 728 319 dicunt
745 274 955 325 malevoli,
976 274 1168 317 homines
1189 274 1354 318 nobiles

215 342 330 384 Eum
351 342 561 397 adjutare,
583 342 841 396 assidueque
862 355 949 382 una
970 341 1182 383 scribere:

216 407 349 455 Quod
369 407 428 448 illi
447 407 719 450 maledictum
739 407 967 450 vehemens
988 421 1083 448 esse
1103 407 1361 457 existimant,

215 473 324 515 Eam
345 473 515 515 laudem
536 473 605 515 hic
626 474 744 516 ducit
763 473 1012 523 maximam3
1042 487 1173 527 quum
1194 471 1273 514 illis
1295 471 1450 528 placet,

215 538 304 586 Qui
324 540 444 581 vobis
466 540 675 581 universis
695 547 739 581 et
758 537 920 595 populo
940 537 1110 593 placent
1127 556 1136 588 ;

158 612 198 642 20
217 604 415 652 Quorum
436 619 569 659 opera
587 605 630 646 in
648 604 775 655 bello,
797 605 840 646 in
861 604 963 654 otio,
984 604 1027 645 in
1046 604 1234 659 negotio,

213 670 303 711 Suo
324 670 505 725 quisque
528 678 720 725 tempore
740 685 844 711 usus
866 677 931 711 est
956 669 1046 711 sine
1069 670 1285 725 superbia.

210 734 384 776 Dehinc
405 750 458 777 ne
478 735 740 791 exspectetis
761 742 1061 791 argumentum
1084 734 1268 777 fabulae:

211 800 347 842 Senes
368 801 442 856 qui
462 801 586 856 primi
606 802 792 851 venient,
815 802 844 842 ii
864 808 1028 856 partem
1050 801 1263 855 aperient,

213 866 263 908 In
284 866 452 921 agendo
474 874 638 922 partem
661 866 913 908 ostendent:
947 865 1088 916 facite,
1112 866 1403 921 aequanimitas

156 942 195 971 25
214 931 362 974 Poetae
382 932 437 973 ad
458 932 730 974 scribendum
751 940 907 986 augeat
927 931 1194 973 industriam.

293 1132 550 1180 ACTUS
595 1132 824 1180 PRIMI
871 1131 1128 1180 SCENA
1165 1131 1427 1179 PRIMA.

774 1253 954 1284 MICIO.

208 1337 416 1379 STonAx:
449 1351 535 1378 non
556 1336 685 1378 rediit
703 1335 785 1377 hac
805 1342 931 1377 nocte
953 1350 978 1376 a
999 1350 1123 1376 coena
1143 1334 1411 1376 AEschinus?

140 1450 187 1480 14.
200 1450 396 1489 Negligentia
405 1447 466 1488 est]
479 1446 585 1478 Plauti
597 1446 734 1482 scilicet3
746 1447 837 1486 cujus

93 1491 236 1523 aemulari
252 1501 337 1522 nunc
353 1498 486 1532 exoptat
501 1489 739 1531 negligentiam.
771 1490 814 1521 D.

139 1537 186 1566 15.
204 1536 286 1566 Nam
301 1536 380 1575 quod
394 1536 446 1565 isti
462 1533 583 1573 dicunt]
609 1535 700 1570 Nam,
718 1533 835 1574 incipi-

93 1578 167 1609 endi
191 1578 257 1609 vim
282 1578 377 1608 habet
402 1576 514 1608 modo:
540 1583 586 1613 ut,
604 1576 706 1607 Plaut.
726 1576 797 1607 Mil.
814 1576 835 1606 i.

95 1622 121 1651 l.
139 1623 168 1652 5.
185 1623 265 1652 Nam
280 1632 334 1661 ego
349 1623 426 1651 hanc
448 1622 627 1651 machaeram
649 1630 743 1650 meam
759 1622 834 1650 dieo.

91 1666 236 1695 Homines
265 1663 395 1704 nobiles]
429 1659 614 1712 Scipionem
645 1662 836 1694 Africanum

91 1707 261 1748 significat,
269 1715 302 1738 et
311 1707 445 1738 Laelium
458 1706 646 1748 sapientem,
658 1712 690 1737 et
700 1706 835 1737 Furium

92 1750 187 1782 Pium
218 1750 403 1791 (Publium).
446 1750 677 1780 D.—Homines
707 1748 834 1789 nobiles]

91 1794 206 1825 Cicero
230 1793 271 1824 ad
295 1793 451 1831 Atticum,
476 1792 528 1824 lib.
546 1792 600 1824 vii.
618 1792 711 1834 epist.
729 1794 758 1823 3.
779 1794 837 1823 Te—

92 1839 183 1868 rentii
198 1836 325 1877 fabelloe
346 1842 469 1876 propter
490 1837 671 1876 elegantiam
695 1838 838 1867 sermonis

88 1882 279 1920 putabantur
295 1891 314 1910 a
332 1882 364 1911 C.
382 1881 478 1910 Laelio
493 1881 594 1909 scribi.
627 1879 664 1909 L.

139 1924 186 1954 16.
203 1925 283 1954 Eum
298 1922 460 1963 adjuvare]
486 1921 620 1962 Legitur
639 1929 670 1952 et
685 1921 837 1961 adjutare.

93 1966 252 1998 Pacuvius
277 1966 312 1998 in
336 1966 475 2007 Chryse:
499 1966 608 2005 actium
630 1967 712 1996 mihi.
748 1967 836 1996 Assi-

91 2012 205 2051 dueque
222 2022 281 2040 una
296 2008 443 2050 scribere]
469 2009 543 2040 Non
565 2008 610 2039 sic
629 2008 707 2039 dicit
722 2008 837 2039 adver-

92 2053 212 2085 sarius:
242 2063 354 2084 verum
381 2052 433 2083 hic
458 2052 596 2083 oratorie
621 2051 744 2082 crimen
772 2062 836 2082 non

92 2096 196 2138 tangit
213 2096 298 2137 (Non
313 2098 357 2127 sic·
372 2098 449 2127 dicit
457 2098 639 2131 adversare:
655 2106 754 2126 verum
767 2106 836 2125 ora-

93 2142 167 2171 torie
194 2142 247 2171 hoc
283 2142 394 2170 crimen
431 2141 580 2179 impingit.
626 2139 689 2169 Ms.
715 2138 837 2169 Boend.

94 2183 203 2214 Hulst.
221 2189 254 2214 et
269 2183 339 2214 edd.
353 2182 455 2223 vett).
489 2182 530 2213 D.

138 2227 186 2258 19.
214 2228 274 2260 Qui
297 2228 378 2257 vobis
404 2227 552 2257 universis
577 2230 608 2255 et
631 2226 739 2265 populo
767 2226 836 2264 pla-

92 2268 175 2310 cent]
198 2271 359 2306 Universis,
376 2269 431 2310 qui
458 2269 491 2299 in
517 2279 614 2299 cavea
639 2276 724 2305 sunt,
747 2267 834 2299 dicit.

92 2313 215 2352 Populo,
231 2313 286 2353 qui
301 2312 399 2344 etiam
421 2318 539 2354 praeter
558 2312 717 2342 theatrum
735 2314 834 2351 (prae-

92 2361 159 2386 erat
184 2358 310 2393 theatro,
334 2355 387 2387 lib.
402 2354 563 2396 uterque),
579 2354 614 2386 id
632 2361 689 2392 est,
704 2354 834 2385 univer-

94 2408 161 2429 sam
176 2399 298 2430 urbem.
327 2399 368 2430 D.

138 2442 188 2472 20.
213 2443 250 2472 In
267 2441 358 2483 bello]

95 2483 147 2514 Pii
170 2483 316 2524 (Publii).
355 2487 391 2516 In
415 2484 548 2526 negotio]
581 2484 712 2515 Scilicet
744 2484 836 2515 Laelii

94 2526 259 2568 sapientis.
285 2528 503 2562 D.—Quorum
516 2539 606 2568 opera
618 2529 649 2558 in
660 2527 750 2568 bello]
771 2527 835 2559 Hic

95 2569 205 2611 Scipio
222 2570 392 2602 Africanus
407 2578 465 2602 est.
499 2572 537 2602 In
552 2570 628 2611 otio]
650 2570 768 2602 Laelius
783 2581 834 2602 sa-

92 2612 323 2654 pientissimus.
352 2615 390 2644 In
404 2613 538 2655 negotio]
565 2614 626 2645 Vel
649 2613 762 2645 Philus
784 2614 835 2645 vel

95 2655 260 2687 Servilius.
292 2656 331 2686 E.

138 2700 188 2730 21.
206 2700 268 2730 Suo
278 2701 401 2740 quisque
417 2698 562 2739 tempore]
578 2699 723 2735 Quorum
740 2710 838 2741 opera

93 2742 313 2791 uuusquisque
343 2752 420 2773 usus
449 2748 499 2773 est
525 2742 560 2773 in
593 2742 836 2774 necessitatibus

94 2785 170 2823 suis,
186 2785 257 2817 sine
272 2785 378 2826 aliqua
393 2795 503 2816 eorum
519 2784 679 2826 superbia.
709 2785 836 2817 Deinde

93 2829 269 2870 subjungit,
294 2838 352 2859 cur
372 2827 511 2859 officium
534 2838 629 2859 suum
655 2838 720 2859 uon
747 2838 834 2859 com

93 2871 190 2913 pleat,
206 2879 243 2903 ut
257 2878 482 2913 argumentum
497 2877 624 2902 narret·
617 2894 624 2907 ,
649 2871 733 2911 quod
752 2882 836 2903 senes

94 2917 147 2955 qui
158 2917 251 2955 primi
265 2917 392 2952 venient,
407 2914 588 2955 argumenti
600 2913 765 2946 continent
778 2925 834 2946 ex-

94 2958 303 3000 positionem:
329 2966 361 2990 et
385 2958 524 2989 breviter
546 2957 685 2999 postulat
702 2956 833 2990 audien-

384 2441 553 2484 Scipionis.
590 2442 627 2472 In
643 2439 718 2481 otio]
743 2441 835 2472 Furii

881 1446 968 1483 tiam,
986 1448 1092 1477 Facite
1107 1445 1335 1487 aequanimitas]
1360 1447 1432 1478 Hoc
1449 1453 1507 1485 est,
1520 1457 1628 1488 aequos

881 1490 1004 1521 animos
1020 1496 1055 1520 ut
1068 1489 1221 1521 habeatis.
1251 1489 1288 1520 E.

925 1535 974 1563 23.
1003 1533 1067 1563 Pro
1085 1538 1205 1572 partem
1227 1532 1298 1573 lege
1317 1536 1456 1573 μιαίνῃ
1482 1542 1518 1564 ut
1544 1534 1626 1566 Hec-

882 1576 966 1608 Prol.
985 1576 1013 1606 6.
1045 1576 1081 1606 B.

923 1621 973 1650 24.
990 1621 1029 1650 In
1044 1621 1160 1660 agendo
1179 1624 1296 1658 partem
1319 1619 1490 1660 ostendent]
1508 1621 1628 1660 Σχῆμα

878 1662 1102 1700 ἀποσιώπησις.
1140 1662 1204 1693 Hic
1231 1662 1318 1693 enim
1339 1663 1407 1702 jam
1435 1673 1500 1694 non
1531 1674 1628 1695 senes

879 1705 1057 1747 accipiendi
1072 1713 1196 1742 essent;
1214 1705 1280 1736 imo
1289 1705 1397 1747 potius
1410 1713 1535 1738 caeterae
1550 1717 1626 1748 per-

879 1759 984 1780 sonae:
1009 1750 1065 1780 sed
1087 1749 1151 1790 ipsi
1173 1759 1267 1780 senes
1290 1749 1324 1779 in
1347 1749 1479 1780 statario
1494 1750 1626 1781 charac-

880 1798 949 1823 tere
964 1799 1088 1834 partem
1105 1792 1270 1833 aperient:
1288 1792 1322 1822 in
1338 1792 1484 1830 motorio‚
1501 1800 1627 1834 partem

880 1835 1060 1866 ostendent.
1090 1835 1175 1866 Nam
1191 1835 1256 1866 duo
1276 1835 1393 1875 agendi
1413 1842 1490 1866 sunt
1504 1835 1625 1877 princi-

880 1878 972 1920 pales
1000 1878 1096 1915 modi,
1136 1878 1291 1909 motorius
1319 1884 1352 1908 et
1381 1878 1551 1910 statarius:
1585 1890 1627 1911 ex

881 1921 998 1962 quibus
1025 1921 1079 1952 ille
1107 1920 1221 1952 tertius
1245 1921 1396 1958 nascitur,
1422 1921 1477 1961 qui
1507 1921 1627 1953 dicitur

880 1962 998 2003 μικτός.
1030 1963 1274 2004 AEquam'mitas]
1301 1964 1325 1994 F
1327 1974 1404 1995 avor
1419 1971 1452 1996 et
1467 1964 1627 2007 propitius

881 2007 1024 2038 animus:
1049 2014 1082 2038 et
1103 2007 1202 2044 deest,
1220 2013 1328 2038 vestra.
1361 2008 1565 2046 D.—Facite,
1582 2019 1625 2040 ιε-

881 2050 1080 2091 quanimitas]
1106 2050 1251 2087 Ovidius,
1273 2052 1400 2082 Excitat
1418 2053 1540 2082 auditor
1559 2057 1626 2083 stu-

880 2096 971 2125 dium.
1002 2094 1038 2124 L.
1041 2094 1208 2125 —Versus
1223 2093 1348 2135 integer
1367 2093 1446 2124 mihi
1468 2094 1626 2126 excidisse

881 2137 1018 2174 videtur,
1044 2143 1080 2168 ut
1106 2137 1203 2178 legas,
1229 2138 1346 2174 Facite,
1372 2139 1583 2178 aequanimitas
1602 2136 1608 2180 Ι

881 2182 1067 2221 Bonitasque
1091 2186 1190 2211 vestra
1218 2179 1358 2220 adjutrix
1384 2185 1493 2212 nostra
1519 2183 1624 2212 indus-

881 2226 950 2255 triae
969 2222 974 2265 Ι
994 2225 1095 2255 Poetae
1111 2226 1152 2254 ad
1165 2225 1353 2254 scribendum
1369 2229 1501 2264 augeant
1519 2226 1625 2256 indus-

881 2269 980 2298 triam.
1020 2267 1104 2298 Vide
1132 2266 1260 2298 Phorm.
1290 2265 1375 2298 Prol.
1402 2268 1452 2298 35.
1481 2273 1514 2298 et
1542 2267 1626 2300 Hec.

881 2310 966 2341 Prol.
984 2311 1033 2341 24.
1051 2310 1105 2341 ubi
1121 2309 1207 2341 idem
1219 2309 1376 2341 occurrit:
1401 2320 1460 2341 nec
1473 2310 1626 2343 abhorret

879 2363 898 2384 a
921 2353 1153 2384 consuetudine
1181 2352 1327 2384 Terentii
1354 2353 1483 2385 eosdem
1511 2364 1624 2387 versus

878 2396 912 2427 in
929 2396 1070 2438 prologis
1084 2402 1239 2438 repetere.
1275 2396 1311 2427 B.

925 2441 950 2470 l.
968 2439 1095 2480 Storax]
1121 2439 1264 2471 Nomina
1278 2449 1499 2480 personarum,
1515 2439 1550 2471 in
1565 2451 1622 2472 co-

879 2483 1007 2514 moediis
1019 2483 1186 2521 duntaxat,
1202 2483 1319 2514 habere
1331 2482 1451 2514 debent
1464 2483 1623 2520 rationem

880 2533 913 2557 et
939 2526 1175 2568 etymolog-iam.
1212 2525 1342 2557 Etenim
1365 2526 1539 2558 absurdum
1562 2534 1622 2566 est,

879 2569 1037 2601 comicum
1064 2576 1175 2611 aperte
1205 2576 1394 2618 argumenta
1419 2569 1622 2611 confingere.

878 2613 930 2644 vel
951 2623 1068 2644 nomen
1084 2622 1229 2654 persone
1242 2612 1454 2653 incongruum
1469 2613 1555 2651 dare,
1571 2614 1625 2646 vel

881 2655 1020 2687 officium
1047 2656 1131 2696 quod
1162 2655 1205 2686 sit
1242 2665 1260 2686 a
1290 2655 1421 2686 nomine
1449 2655 1624 2693 diversum.

882 2699 971 2730 Hinc
983 2709 1095 2730 servus
1110 2698 1215 2730 fidelis
1230 2699 1400 2730 Parmeno:
1414 2698 1556 2732 infidelis
1570 2701 1622 2733 vel

879 2744 985 2783 Syrus,
1009 2742 1060 2772 vel
1078 2743 1177 2773 Geta.-
1201 2741 1294 2773 miles
1313 2743 1438 2780 Thraso,
1461 2742 1512 2774 vel
1530 2745 1621 2776 Pole-

878 2797 965 2817 mon.-
992 2785 1122 2825 juvenis
1143 2786 1340 2824 Pamphilus:
1370 2791 1516 2818 matrona
1530 2788 1605 2829 Myr

877 2830 990 2860 rhina.-
1022 2834 1054 2859 et
1078 2838 1159 2869 puer
1185 2828 1225 2859 ab
1248 2828 1346 2860 odore
1365 2830 1496 2865 Storax,·
1526 2830 1576 2865 vel
1601 2842 1621 2863 a

877 2871 953 2903 ludo
978 2877 1011 2902 et
1031 2881 1049 2902 a
1072 2870 1316 2912 gesticulatione
1337 2872 1463 2904 Circus.-
1485 2879 1519 2904 et
1541 2873 1620 2906 item

878 2914 1005 2952 similia,
1022 2914 1056 2945 in
1072 2914 1187 2955 quibus
1208 2925 1368 2948 summum
1385 2921 1489 2958 poetae
1505 2916 1620 2949 vitium

879 2964 938 2995 est,
951 2957 976 2989 si
992 2956 1069 2998 quid
1082 2969 1099 2989 e
1115 2958 1275 2990 contrario
1288 2968 1471 3001 repugnans
1491 2968 1618 2992 contra-
