1852 3216
145 127 285 156 scum
308 111 358 166 1.]

436 107 1379 153 HEAUTONTIMORUMENOS.

1581 106 1665 148 267

200 201 355 244 Aliena
374 207 422 242 ut
442 214 566 242 cures
584 217 594 251 3
625 213 776 255 eaque,
800 197 904 239 nihil
924 212 1021 253 quae
1042 197 1098 239 ad
1118 204 1160 239 te
1182 197 1395 239 attinent?

143 276 184 307 25
201 268 284 310 Cu.
307 267 453 309 Homo
474 281 591 307 sum:
623 264 795 306 humani
814 262 919 305 nihil
939 278 964 304 a
985 278 1052 304 me
1072 262 1253 305 alienum
1272 269 1393 318 puto.

200 333 285 375 Vel
303 347 371 374 me
390 346 561 373 monere
580 330 679 379 hoc,
700 329 767 372 vel
786 329 1030 386 percontari
1049 336 1168 384 puta.

199 399 455 448 Rectum’st,
477 412 558 453 ego
579 405 626 438 ut
647 397 795 438 faciam
812 413 822 437 z
852 410 937 437 non
958 402 1039 444 est,
1061 402 1104 436 te
1124 403 1173 436 ut
1194 394 1445 436 deterream.

200 464 329 506 ΜΕΝ.
349 463 461 504 Mihi
483 464 541 504 sic
559 470 625 504 est
644 477 748 504 usus
766 478 775 503 :
807 462 885 503 tibi
905 467 952 502 ut
969 475 1078 516 opus
1098 460 1280 510 facto'st‚
1300 459 1408 502 face.

200 529 284 571 Cn.
309 528 380 570 An
401 530 598 583 cuiquam
618 536 683 569 est
703 543 807 569 usus
823 527 997 578 homini,
1016 542 1061 568 se
1083 534 1130 569 ut
1150 527 1339 569 cruciet?
1382 525 1512 568 ΜΕΝ.
1536 525 1663 569 Mihi.

143 604 184 633 30
202 596 284 637 Cu.
307 595 353 636 Si
373 594 477 649 quid
499 593 656 637 laboris
677 601 758 644 est,
780 592 958 635 nollemz
993 593 1069 635 sed
1089 593 1193 649 quid
1213 594 1323 634 istuc
1345 591 1442 634 mali
1461 599 1542 644 est,

143 714 296 751 Difficilis,
308 719 345 743 ut
360 711 464 752 inquit
476 711 600 748 Cicero,
618 710 740 741 Officiis
756 709 776 742 i.
795 711 823 741 9.
839 715 885 741 est

144 767 217 787 cura
234 767 331 787 rerum
347 757 522 786 alienarum.
557 755 636 784 Nam
653 765 688 784 ea
704 755 800 793 magis
811 764 884 793 per-

143 802 270 839 cipimus
285 805 374 838 atque
388 800 540 833 sentimus,
554 808 620 837 quoe
635 799 718 827 nobis
733 798 817 836 ipsis,
830 801 886 827 aut

142 853 295 882 prospera,
317 847 371 872 aut
392 843 518 872 adversa
539 842 685 876 eveniunt,
709 851 797 880 quam
819 841 883 876 illa,

145 897 211 925 quae
222 887 358 916 caeterr's:
382 895 447 925 quae
462 885 549 924 quasi
565 884 650 922 longo
665 884 847 913 intervallo*
837 894 883 912 in-

145 928 270 969 terjeceo
281 929 432 958 vidennts:
454 928 546 957 aliter
557 928 593 956 de
609 927 680 961 illis,
693 937 729 956 ac
740 927 777 956 de
791 927 884 961 nobis,

135 971 321 1013 judicamus.
361 972 409 1002 Ab
423 981 456 1001 re
472 968 541 1010 tua]
566 969 606 1000 ld
629 976 686 1006 est,
708 979 727 999 a
748 967 886 1009 negotiis

145 1014 209 1045 tuis
222 1013 439 1045 familiaribus.
465 1012 594 1043 Dicitur
605 1011 701 1042 etiam
717 1013 756 1042 ab
771 1022 804 1042 re
820 1017 882 1047 tua,

145 1065 257 1088 contra
276 1056 447 1088 utilitatem
464 1063 573 1090 tuamz
597 1054 681 1086 sicut
695 1065 710 1085 e
725 1066 758 1085 re
774 1060 836 1091 tua,
853 1061 886 1085 et

144 1112 161 1132 e
185 1102 348 1140 republica,
371 1099 404 1130 id
422 1106 480 1136 est,
498 1109 558 1140 pro
578 1108 614 1129 re
635 1104 700 1134 tua,
717 1105 749 1129 et
763 1108 823 1139 pro
833 1108 884 1129 re-

143 1143 282 1185 publica.
320 1143 570 1174 C.-Tantumne
592 1146 637 1172 est
659 1143 699 1172 ab
720 1140 770 1182 re]
796 1141 885 1172 Bene

144 1194 295 1227 tanquam
311 1186 452 1218 alienum
467 1184 640 1226 alloquitur
661 1184 884 1221 Menedemus,

143 1229 239 1261 utini
251 1236 284 1261 et
298 1229 399 1260 otium
412 1239 481 1260 esse
494 1228 589 1264 dicat,
602 1235 635 1259 et
647 1234 771 1258 tantum
783 1227 885 1258 otium

145 1284 165 1304 a
179 1274 274 1304 rebus
290 1273 367 1309 suis,
384 1278 418 1303 ut
433 1274 532 1302 aliena
546 1276 639 1308 curet,
655 1276 685 1301 et
704 1282 740 1301 ea
760 1282 825 1311 qua
845 1272 888 1301 ad

144 1327 178 1347 se
191 1318 270 1347 nihil
286 1318 426 1347 attinent.
459 1315 711 1345 E.—Tantumne
730 1319 774 1345 est
795 1315 834 1344 ab
853 1325 886 1344 re

147 1359 218 1400 tua]
239 1359 410 1400 Augustin.
429 1358 531 1400 Epist.
549 1358 600 1388 51.
629 1358 712 1388 Hinc
727 1363 757 1388 et
771 1359 823 1387 ille
837 1368 886 1388 co-

146 1404 250 1439 micus,
274 1404 365 1441 (sicut
394 1403 552 1432 luculentis
582 1402 711 1441 ingeniis
739 1412 795 1431 non
818 1401 888 1439 defit

147 1447 369 1485 resplendentia
383 1443 535 1482 veritatis)
550 1455 615 1474 cum
631 1445 670 1474 ab
685 1455 742 1474 uno
756 1454 824 1474 sene
839 1445 886 1474 al-

148 1491 206 1520 teri
220 1491 285 1520 seni
299 1490 413 1519 dictum
432 1492 615 1528 componeret
627 1499 637 1517 .·
662 1488 828 1518 Tantumne
847 1489 886 1517 ab

148 1543 181 1563 re
204 1537 258 1563 tua
278 1537 323 1563 est
345 1533 400 1562 otii
422 1533 488 1567 tibi,
505 1532 605 1561 aliena
627 1535 661 1560 ut
682 1541 776 1567 cures,
795 1541 887 1570 eaque

147 1586 214 1616 quae
235 1576 313 1606 nihil
332 1577 375 1606 ad
396 1580 425 1605 te
446 1576 578 1604 attinent
588 1572 621 1614 ?]
645 1575 827 1613 Responsum
849 1575 888 1604 ab

149 1619 245 1650 altero
260 1620 395 1650 reddidit
408 1630 418 1648 .·
440 1619 536 1648 Homo
551 1628 624 1654 sum,
641 1618 762 1647 humani
777 1618 855 1647 nihil
868 1628 888 1647 a

148 1672 194 1692 nie
204 1663 334 1692 alienum
341 1666 425 1702 puto.
451 1662 508 1692 Cui
518 1658 788 1699 sententiaeferunt
797 1662 888 1691 etiam

149 1706 270 1735 theatra
292 1709 364 1741 tota,
383 1705 474 1744 plena
494 1705 596 1734 stultis
618 1704 811 1743 indoctisque,
831 1714 886 1743 ap-

146 1749 304 1788 plausisse.
330 1746 550 1783 L.—Colloca,
566 1747 605 1776 ab
620 1757 652 1776 re
668 1747 770 1777 tua’st.
804 1747 888 1777 Nam

151 1791 197 1822 sic
220 1797 269 1822 est
291 1801 355 1822 non
378 1790 473 1821 modo
495 1789 580 1831 apud
603 1788 669 1819 Cic.
693 1789 747 1820 lib.
770 1789 825 1819 xii.
849 1789 890 1820 ad

150 1833 306 1868 Atticum.
320 1833 375 1864 sed
392 1840 425 1864 et
439 1834 472 1864 in
490 1833 600 1864 Bemb.
614 1839 646 1863 et
658 1831 729 1863 aliis
740 1832 830 1863 codd.
851 1832 888 1863 B.

195 1879 246 1908 24.
269 1878 375 1918 anue
388 1875 562 1917 nihilque]
579 1875 619 1906 V.
637 1875 672 1906 C.
691 1877 739 1906 Ea
759 1886 824 1915 quae
841 1878 889 1906 ni-

149 1922 196 1952 hil
209 1922 251 1951 ad
262 1926 299 1951 te.
333 1920 534 1951 Menander:
559 1918 579 1950 ἃ
589 1918 633 1957 μὴ
648 1917 807 1959 προσήκει,
819 1917 891 1957 μήτ’

151 1964 255 2001 ἄκουε,
277 1963 351 2002 μήτ’
372 1962 435 2004 ὅρα.
469 1963 673 1993 L.—Omnes
696 1962 796 1992 nostri
818 1972 891 1992 cum

150 2006 221 2038 edd.
242 2014 319 2038 vett.
341 2006 469 2044 habent,
486 2017 521 2037 ea
536 2017 602 2047 quae
617 2007 695 2036 nihil
708 2006 750 2035 ad
764 2010 793 2035 te
807 2006 889 2036 adti-

150 2055 231 2082 καὶ.
263 2049 298 2081 Β.

194 2095 243 2124 25.
267 2095 364 2124 Homo
379 2104 466 2124 sum:
489 2094 610 2122 humani
625 2103 644 2122 a
659 2103 704 2122 me
719 2093 797 2121 nihil
815 2092 889 2122 alie-

150 2147 221 2167 num
232 2135 323 2177 puto]
343 2136 415 2167 Hoc
431 2145 472 2166 ex
489 2134 633 2166 Platonis
651 2134 820 2172 sententia,
837 2134 891 2175 qui

150 2179 276 2221 inquit:
306 2181 398 2210 Ortus
415 2181 509 2210 nostri
527 2184 646 2219 partem
663 2179 799 2218 patriam
822 2189 890 2208 ven-

151 2225 263 2260 dicare,
276 2228 395 2263 partem
410 2225 528 2253 amicos.
567 2222 612 2252 Et
633 2228 668 2252 ut
686 2221 803 2252 Stoicis
822 2220 891 2262 pla-

153 2273 214 2302 cet,
227 2277 293 2307 quae
307 2268 340 2297 in
355 2268 446 2297 terris
457 2267 635 2306 gignuntur,
648 2266 690 2295 ad
703 2276 787 2295 usum
799 2266 891 2295 homi·

153 2320 223 2340 num
237 2311 334 2340 omnia
350 2314 499 2341 creantur.
537 2308 696 2339 Homines
711 2314 818 2338 autem
834 2307 892 2338 bo-

154 2351 277 2383 minum
293 2363 388 2383 causa
407 2358 612 2394 generantur,
630 2358 667 2382 ut
681 2351 743 2393 ipsi
759 2350 845 2381 inter
859 2361 893 2381 se

155 2394 211 2425 alii
246 2394 317 2426 aliis
349 2395 502 2438 prodesse
539 2394 673 2436 possint.
717 2395 895 2426 c.——H0mo

155 2448 241 2468 som.-
270 2437 408 2479 humani]
439 2438 563 2475 Cicero,
591 2438 645 2469 lib.
672 2437 693 2468 i.
717 2437 757 2468 de
780 2437 891 2478 Legib-

159 2482 246 2514 Quod
258 2483 286 2511 n*
299 2483 439 2522 quomodo
452 2486 497 2512 est
511 2487 631 2518 natura,
646 2483 690 2512 sic
698 2481 819 2521 judicio
841 2482 892 2511 ho-

155 2526 249 2554 mines
267 2525 397 2561 hanani,
413 2529 447 2555 ut
462 2527 508 2555 ait
524 2529 623 2564 poeta,
639 2526 718 2555 nihil
730 2536 750 2554 a
764 2535 795 2555 se
816 2525 892 2554 alie-

154 2578 225 2597 num
244 2572 397 2607 putarent.
437 2567 527 2598 Idem
544 2567 598 2598 lib.
620 2567 659 2598 de
680 2566 803 2598 Officiis
820 2567 841 2597 i.
863 2568 893 2598 9.

155 2611 300 2648 Difficilis
314 2621 388 2640 cura
402 2621 502 2640 rerunt
517 2612 681 2641 alienarum
692 2623 703 2641 .·
726 2622 894 2651 quanquam

159 2654 358 2684 Terentianus
372 2654 424 2684 ille
441 2654 579 2684 Chremes
598 2655 720 2684 humani
738 2655 816 2684 nihil
829 2665 849 2684 a
863 2664 895 2685 se

154 2697 285 2727 alt‘enum
294 2701 394 2736 putat.
421 2695 554 2733 Seneca,
568 2695 671 2738 Epist.
683 2697 733 2727 95.
750 2697 813 2728 Iste
827 2707 893 2728 ver-

156 2750 208 2770 sus
222 2745 251 2770 et
268 2741 300 2769 in
310 2744 430 2779 pectore
445 2744 475 2770 et
493 2740 525 2769 in
544 2749 593 2769 ore
614 2740 665 2776 sit,
683 2739 792 2770 Homo
813 2749 895 2777 sum,

157 2782 289 2813 humani
314 2782 394 2813 nihil
414 2792 433 2813 a
452 2792 504 2812 me
525 2781 665 2812 alienum
688 2788 775 2822 puto.
816 2782 894 2813 Am-

156 2825 282 2857 brosius
296 2825 336 2856 de
346 2825 479 2862 Officiis,
489 2824 543 2855 lib.
557 2824 601 2855 iii.
618 2835 687 2866 cap.
696 2825 724 2857 7.
737 2826 833 2856 Homo
847 2828 895 2856 ni-

156 2871 203 2899 hil
216 2870 344 2900 alienum
360 2880 379 2899 a
394 2880 425 2899 se
440 2870 527 2899 debet
542 2869 672 2904 credere,
684 2869 828 2909 quicquid
840 2870 895 2899 hu-

155 2923 274 2943 manum
303 2917 357 2943 est.
404 2911 539 2943 Pontius
561 2910 686 2942 Paulin.
715 2911 819 2953 Epist.
846 2912 896 2943 31.

156 2957 228 2987 Non
242 2957 320 2987 enim
334 2957 394 2987 sibi
408 2957 551 2987 habentes
571 2956 730 2992 habebant,
745 2956 799 2986 sed
817 2966 899 2986 nemo

927 712 1085 751 quicquam
1107 711 1226 741 dicebat
1247 721 1342 747 suum,
1358 715 1388 741 et
1407 712 1529 742 humani
1550 712 1628 741 nibil
1647 722 1667 742 a

928 765 958 784 se
988 755 1118 784 alienum
1150 755 1310 793 putabant.
1362 753 1478 788 Johan.
1510 753 1666 785 sarisber.

929 796 1034 837 Epist.
1051 797 1119 829 197.
1143 798 1280 827 Amentis
1294 802 1348 833 est,
1364 808 1421 827 non
1434 798 1574 835 amantis,
1590 808 1622 828 se
1636 802 1668 828 et

927 851 983 870 sua
997 850 1104 870 curare
1119 841 1278 877 duntaxat,
1297 851 1362 880 quae
1379 841 1506 871 aliorum
1522 846 1594 871 sunt
1610 842 1668 872 du·

927 893 994 913 cere
1015 884 1123 913 aliena.
1168 884 1350 920 Humanum,
1368 887 1442 914 teste
1461 886 1578 920 comico,
1592 885 1671 914 nihil

927 928 1042 955 caritas
1057 937 1076 955 a
1090 936 1122 956 se
1136 931 1258 964 reputat
1272 927 1411 956 alienum.
1450 926 1541 957 Idem
1563 926 1667 969 Epist.

929 969 1001 999 229.
1026 968 1281 1002 L——Humanum
1294 968 1345 1000 hic
1361 979 1427 1000 nou
1442 969 1483 1000 ad
1498 980 1622 1002 errores
1636 976 1670 1001 et

928 1018 1060 1052 peccata
1076 1021 1146 1042 esse
1159 1011 1423 1052 detorquendum‚
1440 1011 1493 1052 qui
1510 1020 1559 1044 est
1580 1023 1669 1044 error

930 1054 1078 1095 vulgaris,
1091 1055 1148 1085 sed
1160 1054 1201 1085 de
1216 1064 1322 1092 sensu,
1336 1055 1391 1095 qui
1404 1055 1455 1086 vel
1469 1066 1510 1087 ex
1521 1055 1605 1087 malo
1617 1056 1669 1087 vel

928 1098 1012 1129 bono
1038 1098 1123 1138 quod
1147 1097 1238 1129 alteri
1266 1098 1384 1135 evenit,
1406 1099 1613 1140 percipiatur,
1636 1106 1670 1130 et

929 1140 1060 1172 omnino
1075 1141 1115 1172 de
1130 1151 1207 1172 cura
1222 1140 1398 1172 alienarum
1414 1152 1532 1179 rerum,
1547 1142 1669 1173 intelli-

928 1185 1078 1225 gendum,
1104 1195 1175 1225 quae
1201 1191 1250 1216 est
1275 1195 1352 1216 vera
1376 1185 1542 1216 Ciceronis
1568 1185 1669 1217 inter-

927 1227 1075 1269 pretatio,
1097 1228 1217 1259 dudum
1239 1228 1380 1259 ostendit
1402 1229 1669 1270 Lindenbrogius.

929 1271 1090 1305 caeterum
1119 1271 1257 1302 Daceria
1279 1281 1319 1302 ex
1340 1271 1410 1302 loco
1437 1272 1575 1313 quodam
1599 1274 1669 1304 Au-

929 1313 1051 1354 gustini
1072 1321 1310 1351 commemorat,
1332 1314 1418 1345 hunc
1436 1325 1575 1353 versum,
1595 1326 1670 1351 cum

928 1357 1128 1395 recitaretur,
1155 1357 1387 1406 spectatoribus
1408 1364 1574 1400 tantopere
1600 1359 1670 1400 pla-

930 1400 1058 1474 cuisseZ,
1071 1408 1108 1432 ut
1135 1400 1321 1432 universum
1349 1401 1509 1433 theatrum
1535 1401 1669 1444 plaude-

930 1450 979 1474 ret

967 1487 1017 1517 26.
1036 1486 1231 1528 Percontam']
1243 1487 1283 1518 Id
1292 1493 1350 1524 est,
1361 1487 1568 1529 interrogare.
1592 1490 1669 1520 Per-

930 1532 1046 1561 contari
1058 1536 1171 1572 suapte
1186 1538 1301 1561 natura
1315 1530 1356 1561 ad
1371 1531 1469 1562 finem
1482 1537 1606 1573 spectat
1616 1542 1670 1563 co-

931 1573 1095 1614 arguendi.
1121 1573 1135 1604 1
1140 1579 1370 1615 mex-rogamus,
1383 1575 1536 1606 noscendi
1547 1575 1668 1616 gratia:

931 1618 1146 1651 Percontamur
1161 1627 1246 1654 vero,
1262 1617 1417 1658 arguendi
1430 1629 1437 1648 :
1461 1617 1607 1659 quamvis
1622 1625 1670 1652 ta-

930 1669 1005 1691 men
1027 1666 1162 1701 utroque
1182 1659 1403 1692 indifferenter
1420 1667 1557 1692 utamur.
1590 1661 1673 1692 C.—

936 1705 991 1735 Vel
1004 1714 1048 1734 me
1063 1714 1178 1734 monere
1190 1706 1253 1740 hoc,
1268 1705 1316 1735 vel
1324 1703 1516 1746 percontari]
1538 1706 1671 1742 Monere,

932 1746 960 1777 si
975 1745 1072 1777 sciam
1089 1746 1173 1787 quod
1187 1747 1283 1778 faciat
1304 1746 1423 1787 (facias
1439 1747 1492 1788 Z.)
1507 1760 1515 1778 z
1543 1759 1670 1788 percon—

934 1792 996 1820 tari
1009 1789 1036 1820 si
1052 1789 1155 1820 nescit
1170 1789 1315 1830 (nesciam
1332 1790 1368 1820 Z.
1375 1793 1396 1828 ).
1426 1790 1465 1821 E.

977 1832 1027 1865 27.
1050 1834 1224 1870 Rectum'st,
1241 1844 1295 1873 ego
1309 1838 1342 1863 ut
1349 1832 1484 1874 faciam]
1501 1833 1555 1864 Ad
1575 1844 1671 1875 supe-

933 1875 1018 1906 riora
1037 1875 1179 1917 pertinet
1197 1886 1319 1913 sensm,
1335 1882 1372 1907 ut
1390 1876 1528 1918 intelligi
1547 1877 1669 1918 possitx

934 1920 982 1949 vel
1006 1921 1179 1958 percontari
1203 1924 1289 1959 puta,
1312 1921 1340 1950 si
1360 1925 1473 1950 rectum
1497 1925 1543 1951 est
1555 1933 1567 1956 ,-
1599 1919 1674 1951 ideo

935 1972 1042 2002 quaero
1054 1968 1090 1992 ut
1101 1961 1214 1992 faciam
1227 1974 1235 1998 ς
1259 1961 1287 1993 si
1302 1972 1367 1993 non
1384 1970 1433 1994 est
1445 1970 1579 2000 rectum,
1591 1970 1628 1995 ut
1641 1970 1673 1995 te

935 2005 1122 2036 deterream.
1142 2005 1291 2036 E.—Per
1300 2005 1584 2047 interrogationem
1596 2016 1671 2048 pro-

935 2048 1074 2084 nuncia;
1106 2049 1271 2079 Rectum'st
1283 2051 1299 2079 .⁷
1329 2060 1383 2090 ego
1403 2054 1439 2081 ut
1443 2049 1561 2090 sociam
1574 2063 1586 2085 ‚-
1617 2061 1675 2080 non

934 2097 980 2122 est
991 2095 1007 2122 ,Ρ
1030 2097 1068 2128 te,
1084 2097 1139 2122 etc.
1180 2091 1252 2123 Hoc
1268 2091 1355 2123 enim
1370 2098 1428 2130 est,
1445 2092 1530 2134 quod
1546 2104 1673 2135 percon-

935 2137 998 2165 tari
1012 2134 1103 2165 dixit.
1137 2135 1173 2166 B.

979 2179 1029 2209 28.
1060 2177 1154 2218 Usus]
1173 2177 1273 2209 Modo
1291 2188 1371 2220 opus
1391 2178 1573 2219 sig-nificat:
1595 2177 1675 2212 alias

935 2221 1033 2252 utile:
1057 2228 1102 2258 ut,
1119 2231 1199 2262 opus
1216 2228 1264 2252 est
1279 2221 1371 2259 facto,
1390 2232 1449 2263 pro
1470 2221 1582 2253 facere.
1620 2221 1675 2254 Sic

937 2264 1065 2296 Sallust.
1084 2264 1174 2295 Bello
1197 2263 1291 2295 Catil.
1308 2264 1328 2295 i.
1352 2266 1434 2296 Nam
1454 2270 1484 2296 et
1498 2267 1675 2306 priusquam

935 2310 1074 2348 incipias,
1090 2310 1231 2344 consulto,
1243 2313 1274 2339 et
1288 2310 1341 2339 ubi
1354 2310 1546 2346 consulueris,
1559 2313 1676 2340 mature

927 2350 1016 2392 facto
1031 2362 1102 2392 opus
1117 2357 1172 2382 est.
1211 2350 1347 2382 Ponitur
1366 2351 1465 2392 igitur
1486 2351 1539 2382 hic
1560 2351 1674 2383 ablati-

938 2405 996 2426 vus
1017 2394 1180 2436 participii
1201 2394 1357 2444 praeteriti
1381 2394 1535 2436 temporis
1549 2405 1608 2437 pro
1622 2394 1673 2427 iu-

936 2437 1081 2474 finitivo;
1114 2437 1197 2470 sicut
1216 2437 1261 2469 ibi
1278 2439 1432 2474 consutto;
1463 2437 1484 2468 i.
1508 2448 1535 2469 e.
1558 2448 1672 2470 cousu-

936 2481 1012 2518 lere,
1037 2488 1070 2512 et
1081 2480 1179 2521 sacto,
1202 2480 1223 2512 i.
1246 2491 1274 2512 e.
1297 2481 1411 2512 facere.
1447 2481 1482 2512 C.
1484 2482 1610 2513 —Mn'hi
1630 2487 1676 2513 est

936 2523 1024 2565 usus]
1043 2524 1127 2555 Mihi
1143 2524 1189 2555 sie
1204 2524 1344 2566 expedit.
1378 2524 1416 2555 E.

990 2569 1039 2599 29.
1072 2566 1169 2608 Mihi]
1205 2568 1280 2598 Non
1315 2574 1474 2609 repugnat
1506 2567 1676 2600 sententiae

937 2611 1129 2648 Chremetis,
1153 2610 1208 2642 sed
1231 2621 1266 2641 se
1287 2609 1390 2641 solum
1416 2611 1571 2643 meruisse
1597 2611 1677 2644 dicit

938 2661 975 2685 ut
990 2653 1159 2685 crucietur.
1191 2653 1227 2684 C.

982 2698 1032 2728 30.
1057 2696 1128 2728 Etsi
1151 2706 1271 2734 versus,
1294 2695 1342 2728 uti
1364 2695 1399 2727 in
1414 2696 1563 2729 omuibus
1582 2697 1673 2729 codd.

938 2739 1107 2782 reperitur,
1130 2739 1254 2770 laborat
1273 2746 1396 2771 metro:
1428 2740 1456 2772 is
1477 2746 1584 2772 tamen
1601 2751 1676 2773 cum

938 2784 1066 2824 Guyeto
1081 2792 1146 2813 uon
1165 2790 1315 2823 tanquam
1331 2782 1459 2824 spurius
1474 2790 1507 2815 et
1523 2783 1676 2815 Terentio

938 2826 1091 2867 indignus
1105 2831 1154 2857 est
1176 2826 1417 2868 expungendus.
1461 2827 1525 2858 Sed
1542 2827 1679 2859 emenda

939 2869 1000 2905 vel,
1025 2871 1059 2900 Si
1078 2870 1153 2909 quid
1173 2870 1270 2906 Iahon·
1289 2874 1358 2901 est.-
1384 2869 1447 2908 vel,
1469 2871 1553 2912 quod
1574 2870 1678 2912 magis

940 2912 1055 2954 placet,
1078 2913 1112 2943 Sa·
1126 2914 1201 2953 quid
1220 2914 1340 2949 laboris,
1360 2915 1474 2953 nollem,
1490 2920 1545 2946 etc.
1591 2914 1677 2946 Nam

941 2955 1095 2996 sequitur,
1111 2957 1186 2996 quid
1199 2957 1280 2988 nali.
1312 2956 1349 2988 B.
