1852 3216
113 174 256 203 scENA
276 161 361 216 111.]

670 159 1088 203 EUNUCHUS.

1574 163 1653 204 187

225 249 440 291 Nimirum
461 248 582 290 dabit
602 248 697 291 haec
716 248 855 290 Thais
876 248 979 290 mihi
1000 263 1202 304 magnum
1222 249 1403 291 malum:

226 313 294 355 Ita
312 327 379 355 me
400 313 525 355 video
547 313 602 354 ab
623 327 675 354 ea
695 319 838 355 astute
856 312 1171 356 labefactarier.

226 377 326 419 Jam
347 384 436 419 tum
451 392 584 432 quum
604 378 788 432 primum
802 378 935 433 jussit
955 393 1022 420 me
1043 378 1100 420 ad
1121 393 1167 420 se
1188 379 1420 420 arcessier:

191 451 211 480 5
228 442 375 497 Roget
394 443 505 496 quie,
528 442 633 497 quid
655 442 733 484 tibi
751 456 848 484 cum
867 441 968 484 illa?
1000 458 1054 484 ne
1074 458 1224 484 noram
1244 443 1432 498 quidem.

227 507 317 548 Ubi
337 507 447 556 veni,
470 521 658 556 causam,
679 514 729 548 ut
747 507 808 548 ibi
828 521 1059 558 manerem,
1082 509 1297 563 repperit:

226 570 318 621 Ait,
341 586 431 613 rem
452 571 638 612 divinam
658 570 827 621 fecisse,
848 578 892 613 et
911 586 1002 613 rem
1022 573 1177 613 seriam

228 636 356 678 Velle
377 651 507 691 agere
526 651 706 679 mecum.
757 636 857 678 Jam
877 643 966 678 tum
987 643 1081 678 erat
1101 636 1304 691 suspicio,

227 700 344 742 Dolo
364 700 475 742 malo
492 694 587 743 haec
607 701 703 743 fieri
724 701 888 742 omniaz
919 701 1014 755 ipsa
1034 701 1290 742 accumbere

174 773 212 802 10
229 765 431 816 Mecum3
464 765 567 806 mihi
588 780 683 807 sese
705 766 833 816 dare;
866 779 1103 807 sermonem
1122 778 1332 820 quaerere.

228 830 318 871 Ubi
338 830 482 885 friget,
504 829 590 872 huc
611 830 746 871 evasit
765 845 774 871 :
806 844 934 885 quam
955 830 1124 884 pridem
1143 836 1269 885 pater

229 894 344 935 Mihi
363 901 408 935 et
428 900 565 935 mater
584 895 742 935 mortui
761 900 932 935 essent:
966 894 1078 943 dico,
1094 895 1184 949 jam
1206 894 1294 936 diu.

228 958 326 1000 Rus
347 958 470 1000 Sunii
488 958 645 1013 ecquid
665 957 885 1008 haberem,
906 964 951 999 et
971 972 1100 1012 quam
1117 957 1245 1012 longe
1266 973 1292 998 a
1312 958 1448 999 mari?

112 1090 245 1130 reliqua,
269 1099 340 1130 quoe
363 1094 614 1129 consequuntur,
637 1094 751 1137 aperto
778 1089 862 1119 hanc

112 1133 257 1166 indicant
278 1142 418 1169 causam,
437 1132 477 1162 de
500 1131 608 1172 puella
630 1131 755 1162 scilicet
776 1131 862 1172 quod

112 1174 239 1215 adiecit,
263 1176 370 1215 Ecqua
391 1176 462 1206 inde
479 1185 579 1214 parva
598 1177 729 1214 perisset
749 1185 834 1205 soror
846 1176 862 1204 P

112 1220 214 1258 ecquis
242 1228 309 1248 cum
330 1228 367 1250 ea
393 1220 482 1248 uua?
513 1219 588 1258 quid
609 1219 774 1255 habuisset,
796 1227 863 1248 cum

107 1262 230 1301 periit?
261 1260 299 1290 E.

156 1304 186 1334 2.
210 1304 365 1334 Nimirum
379 1304 467 1333 dabie
482 1304 546 1333 hac
564 1303 656 1333 Thais
678 1303 754 1333 mihi
775 1313 861 1342 mag·-

112 1356 182 1376 πηνα
204 1344 331 1385 malum]
355 1345 451 1376 Solve
471 1347 638 1380 nimirum5
667 1351 700 1375 et
720 1344 780 1380 fac,
797 1354 863 1375 non

113 1394 163 1419 est
177 1388 316 1419 mirum:
342 1394 375 1418 et
389 1387 498 1418 statim
514 1397 714 1435 consequens
729 1386 792 1417 erit
804 1397 864 1434 per

112 1429 285 1462 ἀσύνδετον
315 1436 382 1461 tota
409 1429 582 1466 sententia,
611 1429 702 1469 quasi
732 1428 861 1467 dixerit,

113 1483 179 1504 non
193 1478 243 1504 est
259 1472 393 1503 mirum:
423 1478 455 1503 et
471 1471 739 1503 subdistinctione
761 1471 862 1502 inter-

113 1526 172 1557 pos
157 1515 219 1546 ita
234 1526 310 1546 mox
325 1515 480 1551 intulerit,
497 1517 586 1545 dabit
599 1517 663 1545 haec
682 1516 775 1544 Thais
789 1516 863 1544 mihi

112 1569 253 1598 magnum
273 1560 397 1630 molugz.
447 1558 534 1588 Nam
555 1559 597 1594 m‘,
589 1567 660 1629 ,Vno
680 1556 860 1629 sigAEificatj

113 1606 207 1637 etue,
228 1610 303 1631 non.
388 1610 400 1630 1
445 1610 482 1631 ro
504 1610 565 1630 ne:
630 1610 640 1629 l
760 1609 779 1629 n
814 1609 860 1629 111.

112 1643 296 1674 685.—-1oetn·
305 1601 476 1674 discrimine
484 1653 580 1682 parvo
592 1643 637 1673 Ni
643 1609 790 1673 ligneam.
814 1643 862 1672 Ne

110 1696 171 1733 pro
195 1696 282 1716 uon:
329 1685 473 1722 Plautus,
499 1685 595 1726 Epid.
619 1684 662 1715 iv.
688 1686 716 1715 2.
744 1684 793 1715 16.
825 1695 862 1715 ne

111 1731 177 1759 vult
192 1727 307 1768 inquit,
322 1738 382 1768 pro
398 1738 463 1759 non
483 1727 562 1764 vult.
601 1729 757 1758 Nimirum
775 1729 863 1758 dabit

112 1773 177 1801 haec
193 1772 287 1801 Thais
298 1772 373 1801 mihi
383 1782 522 1811 magnum
533 1769 662 1810 malum]
681 1769 744 1800 His
758 1769 864 1800 verbis

112 1812 316 1853 intelligitur,
347 1823 382 1843 se
412 1812 533 1843 sentire
554 1812 712 1853 paulatim
734 1811 799 1843 labi
828 1811 863 1842 in

113 1865 257 1886 amorem
279 1854 468 1892 meretricis,
490 1854 637 1895 quamvis
658 1854 808 1893 invitum,
831 1860 865 1885 et

114 1898 219 1929 adhuc
248 1897 444 1928 retinentem
478 1903 631 1928 mentem.
678 1897 865 1927 D.--Da1n·t

112 1943 177 1972 haec
210 1942 244 1971 T.
275 1942 351 1971 mim
377 1951 518 1980 magnum
546 1938 674 1979 malum]
707 1938 862 1970 Menand.

114 1984 214 2015 κακὸν
227 1982 261 2014 τί
275 1995 327 2022 μοι
340 1982 426 2021 μέγα
439 1983 542 2013 δώσει.
572 1982 611 2012 L.

158 2027 188 2057 3.
213 2025 366 2066 Quinque
389 2025 492 2056 modis
508 2025 587 2055 ordo
608 2024 724 2055 horum
747 2025 862 2058 verbo-

113 2078 187 2100 rum
202 2068 237 2100 in
250 2069 342 2099 codd.
359 2067 520 2103 variatum
544 2067 601 2098 sed
614 2066 724 2098 sensui
736 2067 864 2098 aurium

114 2110 256 2142 mxime
278 2111 440 2148 convenit,
460 2116 494 2141 et
515 2109 657 2151 plurium
674 2109 865 2141 auctoritate

114 2154 343 2195 comprobatur
362 2153 432 2184 hic:
457 2155 508 2184 lta
523 2164 568 2190 me
585 2155 624 2183 ab
646 2164 683 2184 ea
698 2157 798 2184 astute
816 2154 862 2183 υἰ-

113 2199 170 2228 deo
184 2195 273 2236 labes.
306 2197 344 2227 B.

160 2240 190 2270 6.
213 2241 312 2280 Roget
323 2241 401 2280 quis,
415 2240 489 2279 quid
504 2240 562 2269 tibi
573 2249 640 2269 cum
651 2239 708 2268 i11a
718 2237 750 2278 ?]
769 2237 864 2269 Prius

114 2280 236 2319 intulit,
270 2292 366 2322 quam
403 2280 624 2322 interrogavit.
679 2281 720 2311 D.
722 2282 865 2321 ——Roget

115 2324 201 2365 quie]
232 2324 267 2355 Si
287 2324 360 2365 quie
383 2324 571 2364 interroget,
593 2323 671 2364 quid
691 2323 772 2354 mihi
789 2333 864 2354 cum

117 2367 287 2399 meretrice
309 2367 371 2398 sit:
395 2367 608 2408 respondebo,
625 2378 661 2398 ne
676 2377 780 2397 noram
794 2368 863 2406 qui-

116 2411 193 2441 dem.
234 2410 416 2450 E.—Roget
437 2408 521 2450 quis]
548 2409 612 2440 Ms-
639 2409 680 2439 R.
719 2411 754 2440 Si
779 2414 864 2449 roget

116 2454 195 2492 quie.
242 2452 448 2484 L—Omnes
477 2452 568 2483 codd.
604 2458 723 2493 praeter
752 2461 865 2489 unum,

117 2500 206 2525 recte
232 2494 354 2526 habent
381 2506 448 2526 cum
478 2506 524 2526 ea.
570 2494 632 2526 Est
658 2495 864 2536 Anapaestus‚

118 2537 239 2577 absque
254 2537 452 2578 nynaloepha.
484 2537 522 2568 B.

163 2579 192 2610 6.
222 2581 264 2610 Ut
276 2581 321 2610 ibn·
329 2579 495 2621 manerem]
508 2582 665 2611 Manerem
678 2579 783 2617 modo,
796 2590 863 2611 non

119 2621 303 2659 dormirem,
326 2622 383 2653 sed
396 2632 597 2654 remanerem
613 2622 785 2664 sig-nificat.
823 2623 865 2653 D.

165 2665 194 2697 7.
234 2666 278 2695 Ee
304 2675 367 2695 rem
389 2667 500 2696 seriam
525 2667 599 2697 velle
619 2676 711 2706 agere
736 2665 866 2714 mecum]

123 2706 264 2744 Scilicet,
289 2717 360 2747 quae
379 2716 445 2738 non
466 2714 577 2749 posset
598 2718 685 2739 nunc
707 2707 770 2756 εἰεί,
793 2718 868 2739 cum

119 2756 295 2824 333‘531‘1'0
317 2750 867 2833 ρ’ἒιῖὴῗῖωᾜὶῗῒωῖῗὲῗωὲἶί

120 2835 239 2866 cisset?
272 2834 712 2876 D.—Rema1maamsoeme]
725 2835 799 2870 Hoc
809 2842 868 2873 est,

113 2877 314 2912 sacrificium
330 2877 455 2909 fecisse.
495 2877 654 2909 R-Ren
669 2880 802 2909 divinam
815 2878 868 2919 fe-

120 2920 298 2995 ⁶⁸⁸3]AEss
310 2919 635 3004 ξέιῖἷίεηῗῖεείἰῖὶιςξϊε]
654 2963 697 2994 Et
712 2973 785 2995 cum
801 2973 870 2996 rem

905 1088 1122 1119 necessariam
1138 1094 1170 1119 et
1191 1098 1323 1129 gravem
1339 1098 1465 1119 mecum
1488 1087 1576 1128 loqui
1594 1089 1654 1119 iin-

905 1138 1006 1171 geret,
1022 1131 1078 1162 ubi
1091 1131 1194 1162 oratio
1207 1131 1326 1168 deficit,
1340 1137 1381 1168 et,
1397 1131 1482 1171 quod
1492 1136 1575 1171 agat,
1589 1141 1654 1161 non

906 1173 1049 1211 haberet,
1066 1175 1124 1204 huc
1138 1176 1244 1210 evasit,
1261 1184 1402 1214 eousque
1418 1173 1607 1204 conscendit
1623 1180 1656 1204 et

906 1216 1018 1247 exivit.
1066 1216 1121 1253 Ut,
1137 1216 1234 1247 AEn.'
1225 1216 1259 1247 1i.
1272 1218 1346 1247 458.
1375 1218 1482 1247 Evado
1493 1218 1536 1246 ad
1549 1218 1656 1247 summi

896 1257 1033 1300 fastigia
1062 1261 1211 1290 culminis.
1266 1259 1477 1290 E.-—Versus
1514 1258 1657 1300 postulat

905 1301 992 1332 hunc
1008 1301 1165 1338 ordinem,
1181 1304 1252 1332 Jam
1267 1307 1335 1333 erat
1350 1307 1412 1333 tum
1426 1313 1508 1341 εωρ.
1540 1301 1578 1332 Β.

950 1344 980 1375 9.
1014 1346 1092 1374 Dolo
1115 1346 1194 1375 malo
1218 1346 1282 1375 haec
1292 1346 1367 1383 fieri
1386 1343 1502 1384 omnia]
1524 1346 1621 1375 Dolus
1637 1354 1657 1374 a

906 1385 1054 1417 laedendo
1073 1387 1189 1423 dictus,
1212 1387 1247 1417 id
1262 1393 1319 1423 est,
1337 1397 1357 1417 a
1372 1387 1520 1424 dolando,
1544 1386 1579 1417 id
1596 1392 1655 1424 est,

906 1429 1092 1459 minuendo.
1140 1429 1226 1460 Nam
1249 1435 1282 1460 et
1305 1429 1399 1461 δόλος
1420 1430 1535 1460 Graece
1566 1429 1656 1460 laesio

906 1471 1043 1507 dicitur3
1068 1477 1101 1502 et
1118 1474 1246 1508 dolones,
1270 1472 1335 1502 tela
1351 1472 1498 1511 quaedam
1521 1471 1654 1503 bellica:

906 1520 940 1544 et
962 1516 1066 1545 dolare
1090 1514 1182 1551 fabri,
1205 1514 1330 1555 lignum
1353 1520 1402 1545 est
1423 1514 1510 1545 ascia
1532 1514 1656 1545 caedere

905 1556 1004 1596 (Edd.
1032 1557 1163 1587 Venett.
1196 1563 1229 1587 et
1262 1557 1325 1588 Ms.
1359 1557 1481 1587 Boend.
1509 1559 1656 1588 scindere.

907 1599 953 1629 Et
981 1609 1042 1639 pro
1072 1601 1187 1639 lignum
1217 1599 1296 1640 Arg.
1326 1599 1407 1639 legit
1433 1601 1572 1640 lignarii.
1603 1600 1655 1630 W.

907 1641 1005 1682 Lege,
1027 1643 1130 1672 dolare
1146 1641 1254 1682 fabris
1273 1648 1318 1672 eet
1342 1644 1467 1682 lignum,
1494 1646 1550 1672 etc.
1589 1642 1656 1679 Z.).

905 1684 1002 1719 Quod
1017 1691 1126 1715 autem
1142 1684 1267 1715 addidit
1286 1686 1364 1715 malo
1374 1696 1384 1715 .·
1408 1691 1465 1715 aut
1481 1683 1658 1725 ἆρχαῒσμὺς

906 1732 965 1764 est,
983 1727 1058 1767 quia
1073 1727 1119 1758 sic
1136 1727 1169 1757 in
1183 1727 1352 1758 duodecim
1370 1727 1487 1758 tabulis
1503 1737 1522 1757 a
1538 1727 1657 1758 veteri-

906 1770 967 1800 bue
991 1769 1150 1810 scriptum
1174 1777 1241 1800 est:
1277 1776 1333 1800 aut
1357 1769 1502 1800 ἐπίθετον
1524 1771 1586 1800 doli
1607 1775 1659 1801 est

906 1818 1119 1852 perpetuum:
1147 1818 1203 1843 aut
1221 1812 1358 1843 diastole
1378 1818 1437 1847 est,
1458 1811 1534 1852 quia
1555 1818 1606 1843 est
1625 1818 1660 1844 et

908 1856 1010 1891 bonus,
1026 1865 1090 1895 quo
1105 1865 1124 1885 a
1146 1854 1351 1885 medentibus
1374 1854 1440 1885 salli
1456 1864 1570 1894 aegrOS,
1591 1865 1658 1885 non

908 1901 1017 1927 tamen
1043 1896 1161 1937 decipi,
1194 1896 1364 1927 Lucretius
1394 1902 1490 1938 poeta
1521 1902 1659 1928 testatur

907 1938 950 1969 iv.
969 1939 1018 1969 11.
1056 1941 1240 1970 Accumbere
1255 1938 1385 1979 mecum]
1402 1940 1532 1977 Mecum,
1554 1949 1658 1981 penes

907 1991 960 2012 me
975 1981 1147 2022 significat.
1180 1982 1221 2012 D.

954 2025 1002 2054 10.
1026 2025 1109 2054 Mihi
1129 2035 1193 2055 sese
1210 2023 1301 2064 dare]
1325 2024 1403 2055 Non
1423 2029 1531 2065 potest
1552 2024 1656 2066 magis

906 2065 1085 2107 significari
1100 2066 1232 2107 profusa
1252 2066 1441 2108 petulantia.
1488 2068 1657 2099 Sermonem

908 2109 1060 2149 quaerere]
1078 2110 1245 2140 Sermonem
1259 2112 1431 2150 qum-imus,
1446 2110 1575 2150 quando
1590 2120 1657 2141 non

908 2151 1013 2183 solum
1043 2152 1129 2192 quod
1158 2151 1303 2183 dicamus
1333 2152 1516 2192 quaerimus,
1544 2162 1658 2184 verum

907 2194 1007 2226 etiam
1023 2194 1183 2235 quomodo
1203 2194 1285 2225 alter
1305 2195 1400 2226 nobis
1414 2195 1610 2236 respondeat
1625 2200 1660 2226 et

908 2236 1116 2277 obloquatur:
1140 2243 1220 2279 puta
1239 2247 1324 2274 cum,
1341 2236 1567 2268 deficientibus
1588 2247 1658 2268 eer-

907 2279 1093 2310 mocinandi
1106 2279 1222 2317 causis,
1237 2285 1329 2320 quota
1343 2282 1387 2311 sit
1400 2281 1500 2311 hora?
1522 2287 1565 2316 et,
1581 2282 1659 2312 satis

907 2328 988 2353 recte
1004 2325 1072 2363 quis
1086 2325 1243 2354 valuerit?
1267 2329 1505 2363 percontamur.
1537 2323 1582 2353 D.

954 2366 1002 2396 11.
1034 2366 1107 2399 Huc
1126 2365 1238 2406 evasit]
1259 2365 1429 2405 Tanquam
1450 2365 1659 2407 impudenter

906 2408 1111 2439 contenderit
1120 2409 1161 2439 ad
1177 2408 1260 2439 hanc
1275 2407 1528 2448 inquisitionem.
1561 2410 1660 2442 Quam

904 2453 1025 2491 pridem
1042 2456 1135 2491 pater
1156 2453 1230 2482 mihi
1245 2456 1276 2482 et
1298 2456 1395 2482 mater
1415 2453 1528 2482 mortui
1541 2450 1658 2492 essent]

910 2494 984 2525 Hoc
1035 2500 1146 2535 ropter
1170 2500 1300 2525 aetatem
1324 2493 1442 2535 puellae
1467 2493 1659 2534 inquisitum

909 2545 967 2568 est.
1033 2560 1041 2567 .

956 2580 1005 2611 12.
1028 2578 1172 2620 Iamdiu]
1189 2579 1262 2610 Jam
1279 2577 1365 2611 olim.
1400 2579 1441 2610 D.

957 2623 1007 2653 13.
1034 2624 1076 2653 Et
1096 2633 1185 2663 quam
1208 2624 1293 2662 longe
1309 2632 1327 2651 α
1343 2624 1422 2652 mari
1431 2620 1466 2662 ?]
1489 2621 1564 2653 Hoc
1586 2621 1660 2653 ideo

910 2664 1066 2697 meretrix
1075 2664 1253 2705 inquisivit,
1264 2670 1300 2695 ut
1310 2664 1417 2702 sciret,
1427 2671 1536 2695 utrum
1544 2664 1662 2714 rapina

910 2707 1118 2749 praedonibus
1134 2707 1257 2743 fuisset,
1275 2706 1396 2748 quippe
1411 2706 1452 2738 ad
1467 2706 1659 2738 mediterra-

911 2760 1010 2781 neum
1032 2750 1138 2780 locum
1157 2749 1212 2790 qui
1227 2759 1375 2780 accessus
1389 2759 1461 2781 ense
1480 2749 1588 2791 potuit
1610 2749 1660 2799 pi-

911 2793 1016 2824 ratis?
1056 2792 1122 2823 Sed
1144 2799 1252 2823 tamen
1275 2801 1341 2823 non
1356 2792 1507 2824 abhorret
1519 2801 1539 2823 a
1553 2792 1660 2835 suspi-

912 2835 1006 2867 cione
1026 2835 1123 2875 hujus
1137 2834 1327 2883 meretricis,
1343 2835 1429 2876 quod
1444 2841 1478 2866 et
1491 2834 1576 2866 scire
1593 2835 1660 2867 vel-

913 2878 969 2915 let,
986 2879 1077 2918 cujus
1091 2877 1188 2919 pretii
1202 2877 1338 2909 fundum
1352 2877 1470 2910 hebeat
1484 2877 1660 2910 Chremes-z

914 2921 974 2952 hoc
991 2926 1050 2958 est,
1063 2930 1158 2961 quam
1172 2929 1346 2957 amoenum,
1360 2920 1412 2953 vel
1426 2931 1522 2961 quam
1536 2920 1661 2952 mariti·

914 2973 1012 2995 mum.
1047 2963 1088 2995 D.
1090 2962 1209 2995 -Etsi
1221 2962 1338 2995 Faerni
1355 2973 1467 2995 omnes
1479 2970 1555 2995 vett.
1569 2964 1660 2995 codd.
