<?xml version="1.0" encoding="UTF-8"?>
<!DOCTYPE html PUBLIC "-//W3C//DTD XHTML 1.0 Transitional//EN"
    "http://www.w3.org/TR/xhtml1/DTD/xhtml1-transitional.dtd">
<html xmlns="http://www.w3.org/1999/xhtml" xml:lang="en" lang="en">
 <head>
  <title>
</title>
<meta http-equiv="Content-Type" content="text/html;charset=utf-8" />
  <meta name='ocr-system' content='tesseract 3.04.00' />
  <meta name='ocr-capabilities' content='ocr_page ocr_carea ocr_par ocr_line ocrx_word'/>
</head>
<body>
  <div class='ocr_page' id='page_1' title='image "./comoediaesex00tereuoft_0445.png"; bbox 0 0 1852 3216; ppageno 0'>
   <div class='ocr_carea' id='block_1_1' title="bbox 116 129 1354 187">
    <p class='ocr_par' dir='ltr' id='par_1_1' title="bbox 116 129 1354 187">
     <span class='ocr_line' id='line_1_1' title="bbox 116 129 1354 187; baseline 0.002 -14"><span class='ocrx_word' id='word_1_1' title='bbox 116 143 256 174; x_wconf 64' lang='lat' dir='ltr'><strong>scinu</strong></span> <span class='ocrx_word' id='word_1_2' title='bbox 277 129 349 187; x_wconf 62' lang='grc' dir='ltr'><strong>ιι]</strong></span> <span class='ocrx_word' id='word_1_3' title='bbox 429 129 1354 176; x_wconf 75' lang='grc' dir='ltr'><strong>ΗΕΑΗΤΟΝΤῙΜΟΒΠΜΕΝΟΞ.</strong></span> 
     </span>
    </p>
   </div>
   <div class='ocr_carea' id='block_1_2' title="bbox 1557 134 1645 177">
    <p class='ocr_par' dir='ltr' id='par_1_2' title="bbox 1557 134 1645 177">
     <span class='ocr_line' id='line_1_2' title="bbox 1557 134 1645 177; baseline 0 0"><span class='ocrx_word' id='word_1_4' title='bbox 1557 134 1645 177; x_wconf 76' lang='lat'><strong>343</strong></span> 
     </span>
    </p>
   </div>
   <div class='ocr_carea' id='block_1_3' title="bbox 173 220 1258 278">
    <p class='ocr_par' dir='ltr' id='par_1_3' title="bbox 173 220 1258 278">
     <span class='ocr_line' id='line_1_3' title="bbox 173 220 1258 278; baseline 0.001 -14"><span class='ocrx_word' id='word_1_5' title='bbox 173 221 263 264; x_wconf 89' lang='lat' dir='ltr'><strong>Ubi</strong></span> <span class='ocrx_word' id='word_1_6' title='bbox 283 221 407 273; x_wconf 81' lang='lat' dir='ltr'><strong>scies,</strong></span> <span class='ocrx_word' id='word_1_7' title='bbox 429 221 468 264; x_wconf 87' lang='lat' dir='ltr'><strong>si</strong></span> <span class='ocrx_word' id='word_1_8' title='bbox 485 220 731 278; x_wconf 73' lang='lat' dir='ltr'><strong>displicebit</strong></span> <span class='ocrx_word' id='word_1_9' title='bbox 750 221 850 273; x_wconf 83' lang='lat' dir='ltr'><strong>vita,</strong></span> <span class='ocrx_word' id='word_1_10' title='bbox 870 228 963 264; x_wconf 87' lang='lat' dir='ltr'><strong>tum</strong></span> <span class='ocrx_word' id='word_1_11' title='bbox 982 222 1091 264; x_wconf 90' lang='lat' dir='ltr'><strong>istoc</strong></span> <span class='ocrx_word' id='word_1_12' title='bbox 1111 223 1258 265; x_wconf 88' lang='lat' dir='ltr'><strong>utitor.</strong></span> 
     </span>
    </p>
   </div>
   <div class='ocr_carea' id='block_1_4' title="bbox 114 286 622 339">
    <p class='ocr_par' dir='ltr' id='par_1_4' title="bbox 114 286 622 339">
     <span class='ocr_line' id='line_1_4' title="bbox 114 286 622 339; baseline 0.008 -13"><span class='ocrx_word' id='word_1_13' title='bbox 114 295 156 326; x_wconf 85' lang='lat'><strong>20</strong></span> <span class='ocrx_word' id='word_1_14' title='bbox 170 286 248 329; x_wconf 65' lang='lat' dir='ltr'><strong>SY.</strong></span> <span class='ocrx_word' id='word_1_15' title='bbox 270 287 408 339; x_wconf 91' lang='lat' dir='ltr'><strong>Here,</strong></span> <span class='ocrx_word' id='word_1_16' title='bbox 436 286 622 330; x_wconf 74' lang='lat' dir='ltr'><strong>licetne?</strong></span> 
     </span>
    </p>
   </div>
   <div class='ocr_carea' id='block_1_5' title="bbox 684 286 1009 343">
    <p class='ocr_par' dir='ltr' id='par_1_5' title="bbox 684 286 1009 343">
     <span class='ocr_line' id='line_1_5' title="bbox 684 286 1009 343; baseline 0 -13"><span class='ocrx_word' id='word_1_17' title='bbox 684 287 769 330; x_wconf 76' lang='lat' dir='ltr'><strong>Cn.</strong></span> <span class='ocrx_word' id='word_1_18' title='bbox 792 286 1009 343; x_wconf 88' lang='lat' dir='ltr'><strong>Loquere.</strong></span> 
     </span>
    </p>
   </div>
   <div class='ocr_carea' id='block_1_6' title="bbox 1074 287 1641 333">
    <p class='ocr_par' dir='ltr' id='par_1_6' title="bbox 1074 287 1641 333">
     <span class='ocr_line' id='line_1_6' title="bbox 1074 287 1641 333; baseline 0.004 -3"><span class='ocrx_word' id='word_1_19' title='bbox 1074 287 1152 330; x_wconf 76' lang='grc' dir='ltr'><strong>ΞΥ.</strong></span> <span class='ocrx_word' id='word_1_20' title='bbox 1175 287 1239 331; x_wconf 83' lang='grc' dir='ltr'><strong>Αι</strong></span> <span class='ocrx_word' id='word_1_21' title='bbox 1266 294 1391 332; x_wconf 82' lang='lat' dir='ltr'><strong>tuto?</strong></span> <span class='ocrx_word' id='word_1_22' title='bbox 1442 288 1529 332; x_wconf 78' lang='lat' dir='ltr'><strong>Cn.</strong></span> <span class='ocrx_word' id='word_1_23' title='bbox 1553 289 1641 333; x_wconf 91' lang='lat' dir='ltr'><strong>Lo-</strong></span> 
     </span>
    </p>
   </div>
   <div class='ocr_carea' id='block_1_7' title="bbox 172 353 1644 484">
    <p class='ocr_par' dir='ltr' id='par_1_7' title="bbox 172 353 1628 475">
     <span class='ocr_line' id='line_1_7' title="bbox 256 353 1043 409; baseline -0.001 -14"><span class='ocrx_word' id='word_1_24' title='bbox 256 367 405 409; x_wconf 90' lang='lat' dir='ltr'><strong>quere.</strong></span> <span class='ocrx_word' id='word_1_25' title='bbox 450 353 530 396; x_wconf 80' lang='lat' dir='ltr'><strong>SY.</strong></span> <span class='ocrx_word' id='word_1_26' title='bbox 552 353 667 402; x_wconf 81' lang='lat' dir='ltr'><strong>Quae</strong></span> <span class='ocrx_word' id='word_1_27' title='bbox 684 353 779 395; x_wconf 81' lang='lat' dir='ltr'><strong>ista’</strong></span> <span class='ocrx_word' id='word_1_28' title='bbox 782 360 822 395; x_wconf 89' lang='lat' dir='ltr'><strong>st</strong></span> <span class='ocrx_word' id='word_1_29' title='bbox 838 353 1043 409; x_wconf 82' lang='lat' dir='ltr'><strong>pravitas,</strong></span> 
     </span>
     <span class='ocr_line' id='line_1_8' title="bbox 172 418 1644 484; baseline 0.001 -23"><span class='ocrx_word' id='word_1_30' title='bbox 172 418 339 467; x_wconf 84' lang='lat' dir='ltr'><strong>Quaeve</strong></span> <span class='ocrx_word' id='word_1_31' title='bbox 368 420 553 484; x_wconf 84' lang='lat' dir='ltr'><strong>amentia</strong></span> <span class='ocrx_word' id='word_1_32' title='bbox 582 426 664 470; x_wconf 91' lang='lat' dir='ltr'><strong>est,</strong></span> <span class='ocrx_word' id='word_1_33' title='bbox 684 419 803 475; x_wconf 92' lang='lat' dir='ltr'><strong>quod</strong></span> <span class='ocrx_word' id='word_1_34' title='bbox 822 419 998 475; x_wconf 84' lang='lat' dir='ltr'><strong>peccavi</strong></span> <span class='ocrx_word' id='word_1_35' title='bbox 1016 433 1113 474; x_wconf 87' lang='lat' dir='ltr'><strong>ego,</strong></span> <span class='ocrx_word' id='word_1_36' title='bbox 1134 420 1179 462; x_wconf 91' lang='lat' dir='ltr'><strong>id</strong></span> <span class='ocrx_word' id='word_1_37' title='bbox 1200 420 1356 464; x_wconf 84' lang='lat' dir='ltr'><strong>obesse</strong></span> <span class='ocrx_word' id='word_1_38' title='bbox 1375 419 1504 464; x_wconf 90' lang='lat' dir='ltr'><strong>huic.</strong></span> <span class='ocrx_word' id='word_1_39' title='bbox 1489 422 1507 450; x_wconf 72' lang='lat'>⁹</span> <span class='ocrx_word' id='word_1_40' title='bbox 1557 420 1644 464; x_wconf 75' lang='lat' dir='ltr'><strong>Cn.</strong></span> 
     </span>
    </p>
   </div>
   <div class='ocr_carea' id='block_1_8' title="bbox 257 483 394 527">
    <p class='ocr_par' dir='ltr' id='par_1_8' title="bbox 257 483 394 527">
     <span class='ocr_line' id='line_1_9' title="bbox 257 483 394 527; baseline 0.008 -1"><span class='ocrx_word' id='word_1_41' title='bbox 257 483 394 527; x_wconf 88' lang='lat' dir='ltr'><strong>Ilicet.</strong></span> 
     </span>
    </p>
   </div>
   <div class='ocr_carea' id='block_1_9' title="bbox 169 549 1647 738">
    <p class='ocr_par' dir='ltr' id='par_1_9' title="bbox 169 549 1647 738">
     <span class='ocr_line' id='line_1_10' title="bbox 169 549 1567 606; baseline 0.001 -13"><span class='ocrx_word' id='word_1_42' title='bbox 169 549 243 593; x_wconf 94' lang='lat' dir='ltr'><strong>Ne</strong></span> <span class='ocrx_word' id='word_1_43' title='bbox 263 558 306 593; x_wconf 90' lang='lat' dir='ltr'><strong>te</strong></span> <span class='ocrx_word' id='word_1_44' title='bbox 324 551 535 593; x_wconf 87' lang='lat' dir='ltr'>admisce:</span> <span class='ocrx_word' id='word_1_45' title='bbox 567 565 692 593; x_wconf 91' lang='lat' dir='ltr'><strong>nemo</strong></span> <span class='ocrx_word' id='word_1_46' title='bbox 711 557 901 601; x_wconf 88' lang='lat' dir='ltr'><strong>accusat,</strong></span> <span class='ocrx_word' id='word_1_47' title='bbox 924 550 1048 606; x_wconf 88' lang='lat' dir='ltr'><strong>Syre,</strong></span> <span class='ocrx_word' id='word_1_48' title='bbox 1069 558 1112 593; x_wconf 90' lang='lat' dir='ltr'><strong>te</strong></span> <span class='ocrx_word' id='word_1_49' title='bbox 1129 568 1139 602; x_wconf 90' lang='lat'>;</span> <span class='ocrx_word' id='word_1_50' title='bbox 1169 566 1250 594; x_wconf 92' lang='lat' dir='ltr'><strong>nec</strong></span> <span class='ocrx_word' id='word_1_51' title='bbox 1271 559 1319 594; x_wconf 91' lang='lat' dir='ltr'><strong>tu</strong></span> <span class='ocrx_word' id='word_1_52' title='bbox 1337 566 1455 594; x_wconf 85' lang='lat' dir='ltr'><strong>aram</strong></span> <span class='ocrx_word' id='word_1_53' title='bbox 1473 552 1567 603; x_wconf 90' lang='lat' dir='ltr'><strong>tibi,</strong></span> 
     </span>
     <span class='ocr_line' id='line_1_11' title="bbox 169 615 1647 672; baseline 0.003 -15"><span class='ocrx_word' id='word_1_54' title='bbox 169 615 268 659; x_wconf 88' lang='lat' dir='ltr'><strong>Nec</strong></span> <span class='ocrx_word' id='word_1_55' title='bbox 285 624 553 672; x_wconf 87' lang='lat' dir='ltr'><strong>precatorem</strong></span> <span class='ocrx_word' id='word_1_56' title='bbox 572 617 751 672; x_wconf 87' lang='lat' dir='ltr'><strong>pararis.</strong></span> <span class='ocrx_word' id='word_1_57' title='bbox 792 616 872 658; x_wconf 82' lang='lat' dir='ltr'><strong>SY.</strong></span> <span class='ocrx_word' id='word_1_58' title='bbox 888 616 1009 664; x_wconf 83' lang='lat' dir='ltr'><strong>Quid</strong></span> <span class='ocrx_word' id='word_1_59' title='bbox 1029 617 1151 672; x_wconf 72' lang='lat' dir='ltr'><strong>agis?</strong></span> <span class='ocrx_word' id='word_1_60' title='bbox 1192 618 1278 659; x_wconf 77' lang='lat' dir='ltr'><strong>Cn.</strong></span> <span class='ocrx_word' id='word_1_61' title='bbox 1293 617 1371 660; x_wconf 91' lang='lat' dir='ltr'><strong>Nil</strong></span> <span class='ocrx_word' id='word_1_62' title='bbox 1393 632 1647 671; x_wconf 83' lang='lat' dir='ltr'><strong>succenseO,</strong></span> 
     </span>
     <span class='ocr_line' id='line_1_12' title="bbox 170 681 1529 738; baseline 0.002 -15"><span class='ocrx_word' id='word_1_63' title='bbox 170 681 269 725; x_wconf 91' lang='lat' dir='ltr'><strong>Nec</strong></span> <span class='ocrx_word' id='word_1_64' title='bbox 288 683 381 733; x_wconf 89' lang='lat' dir='ltr'><strong>tibi,</strong></span> <span class='ocrx_word' id='word_1_65' title='bbox 401 697 481 725; x_wconf 88' lang='lat' dir='ltr'><strong>nec</strong></span> <span class='ocrx_word' id='word_1_66' title='bbox 501 683 603 724; x_wconf 83' lang='lat' dir='ltr'><strong>tibi:</strong></span> <span class='ocrx_word' id='word_1_67' title='bbox 633 697 714 724; x_wconf 92' lang='lat' dir='ltr'><strong>nec</strong></span> <span class='ocrx_word' id='word_1_68' title='bbox 732 696 808 724; x_wconf 85' lang='lat' dir='ltr'><strong>vos</strong></span> <span class='ocrx_word' id='word_1_69' title='bbox 829 689 897 724; x_wconf 90' lang='lat' dir='ltr'><strong>est</strong></span> <span class='ocrx_word' id='word_1_70' title='bbox 915 697 1099 738; x_wconf 89' lang='lat' dir='ltr'><strong>aequom,</strong></span> <span class='ocrx_word' id='word_1_71' title='bbox 1121 683 1239 737; x_wconf 92' lang='lat' dir='ltr'><strong>quod</strong></span> <span class='ocrx_word' id='word_1_72' title='bbox 1262 682 1387 734; x_wconf 85' lang='lat' dir='ltr'><strong>facio,</strong></span> <span class='ocrx_word' id='word_1_73' title='bbox 1410 683 1529 726; x_wconf 86' lang='lat' dir='ltr'><strong>mihi.</strong></span> 
     </span>
    </p>
   </div>
   <div class='ocr_carea' id='block_1_10' title="bbox 113 746 1648 804">
    <p class='ocr_par' dir='ltr' id='par_1_10' title="bbox 113 746 1648 804">
     <span class='ocr_line' id='line_1_13' title="bbox 113 746 1648 804; baseline 0.002 -15"><span class='ocrx_word' id='word_1_74' title='bbox 113 755 154 785; x_wconf 83' lang='lat'><strong>25</strong></span> <span class='ocrx_word' id='word_1_75' title='bbox 172 747 250 790; x_wconf 82' lang='lat' dir='ltr'><strong>SY.</strong></span> <span class='ocrx_word' id='word_1_76' title='bbox 273 747 420 791; x_wconf 91' lang='lat' dir='ltr'><strong>Abiit:</strong></span> <span class='ocrx_word' id='word_1_77' title='bbox 451 748 551 799; x_wconf 87' lang='lat' dir='ltr'><strong>vah,</strong></span> <span class='ocrx_word' id='word_1_78' title='bbox 571 762 749 804; x_wconf 85' lang='lat' dir='ltr'><strong>rogasse</strong></span> <span class='ocrx_word' id='word_1_79' title='bbox 767 746 932 790; x_wconf 84' lang='lat' dir='ltr'><strong>vellem.</strong></span> <span class='ocrx_word' id='word_1_80' title='bbox 984 746 1067 790; x_wconf 86' lang='lat' dir='ltr'><strong>Ci..</strong></span> <span class='ocrx_word' id='word_1_81' title='bbox 1089 746 1242 795; x_wconf 69' lang='lat' dir='ltr'><strong>Quid?</strong></span> <span class='ocrx_word' id='word_1_82' title='bbox 1288 748 1368 793; x_wconf 78' lang='lat' dir='ltr'><strong>SY.</strong></span> <span class='ocrx_word' id='word_1_83' title='bbox 1392 748 1523 792; x_wconf 87' lang='lat' dir='ltr'><strong>Unde</strong></span> <span class='ocrx_word' id='word_1_84' title='bbox 1543 749 1648 792; x_wconf 90' lang='lat' dir='ltr'><strong>mihi</strong></span> 
     </span>
    </p>
   </div>
   <div class='ocr_carea' id='block_1_11' title="bbox 252 815 632 870">
    <p class='ocr_par' dir='ltr' id='par_1_11' title="bbox 252 815 632 870">
     <span class='ocr_line' id='line_1_14' title="bbox 252 815 632 870; baseline 0 -14"><span class='ocrx_word' id='word_1_85' title='bbox 252 822 447 870; x_wconf 86' lang='lat' dir='ltr'><strong>peterem</strong></span> <span class='ocrx_word' id='word_1_86' title='bbox 467 815 609 856; x_wconf 92' lang='lat' dir='ltr'><strong>cibum</strong></span> <span class='ocrx_word' id='word_1_87' title='bbox 623 830 632 856; x_wconf 93' lang='lat'>:</span> 
     </span>
    </p>
   </div>
   <div class='ocr_carea' id='block_1_12' title="bbox 169 878 1645 1003">
    <p class='ocr_par' dir='ltr' id='par_1_12' title="bbox 169 878 1645 1003">
     <span class='ocr_line' id='line_1_15' title="bbox 169 878 1417 935; baseline 0 -13"><span class='ocrx_word' id='word_1_88' title='bbox 169 879 237 922; x_wconf 84' lang='lat' dir='ltr'><strong>Ita</strong></span> <span class='ocrx_word' id='word_1_89' title='bbox 255 894 334 922; x_wconf 89' lang='lat' dir='ltr'><strong>nos</strong></span> <span class='ocrx_word' id='word_1_90' title='bbox 352 879 573 922; x_wconf 88' lang='lat' dir='ltr'><strong>alienavit:</strong></span> <span class='ocrx_word' id='word_1_91' title='bbox 604 879 683 921; x_wconf 92' lang='lat' dir='ltr'><strong>tibi</strong></span> <span class='ocrx_word' id='word_1_92' title='bbox 696 879 787 934; x_wconf 88' lang='lat' dir='ltr'><strong>jam</strong></span> <span class='ocrx_word' id='word_1_93' title='bbox 806 893 903 920; x_wconf 90' lang='lat' dir='ltr'><strong>esse</strong></span> <span class='ocrx_word' id='word_1_94' title='bbox 924 878 981 920; x_wconf 91' lang='lat' dir='ltr'><strong>ad</strong></span> <span class='ocrx_word' id='word_1_95' title='bbox 1002 893 1191 920; x_wconf 90' lang='lat' dir='ltr'><strong>sororem</strong></span> <span class='ocrx_word' id='word_1_96' title='bbox 1212 878 1417 935; x_wconf 85' lang='lat' dir='ltr'><strong>intelligo.</strong></span> 
     </span>
     <span class='ocr_line' id='line_1_16' title="bbox 170 942 1645 1003; baseline 0.003 -16"><span class='ocrx_word' id='word_1_97' title='bbox 170 945 250 987; x_wconf 86' lang='lat' dir='ltr'><strong>CL.</strong></span> <span class='ocrx_word' id='word_1_98' title='bbox 259 944 429 988; x_wconf 90' lang='lat' dir='ltr'><strong>Adeon’</strong></span> <span class='ocrx_word' id='word_1_99' title='bbox 437 960 526 987; x_wconf 87' lang='lat' dir='ltr'><strong>rem</strong></span> <span class='ocrx_word' id='word_1_100' title='bbox 538 945 733 996; x_wconf 85' lang='lat' dir='ltr'><strong>rediisse,</strong></span> <span class='ocrx_word' id='word_1_101' title='bbox 742 951 791 986; x_wconf 91' lang='lat' dir='ltr'><strong>ut</strong></span> <span class='ocrx_word' id='word_1_102' title='bbox 802 942 1041 1000; x_wconf 90' lang='lat' dir='ltr'><strong>periculum</strong></span> <span class='ocrx_word' id='word_1_103' title='bbox 1048 944 1178 986; x_wconf 85' lang='lat' dir='ltr'><strong>etiam</strong></span> <span class='ocrx_word' id='word_1_104' title='bbox 1190 943 1301 986; x_wconf 88' lang='lat' dir='ltr'><strong>fame</strong></span> <span class='ocrx_word' id='word_1_105' title='bbox 1313 944 1418 987; x_wconf 92' lang='lat' dir='ltr'><strong>mihi</strong></span> <span class='ocrx_word' id='word_1_106' title='bbox 1430 945 1501 997; x_wconf 89' lang='lat' dir='ltr'><strong>sit,</strong></span> <span class='ocrx_word' id='word_1_107' title='bbox 1510 947 1645 1003; x_wconf 75' lang='lat' dir='ltr'><strong>Syre?</strong></span> 
     </span>
    </p>
   </div>
   <div class='ocr_carea' id='block_1_13' title="bbox 105 1069 859 3014">
    <p class='ocr_par' dir='ltr' id='par_1_13' title="bbox 107 1069 856 1328">
     <span class='ocr_line' id='line_1_17' title="bbox 110 1069 856 1112; baseline -0.003 -11"><span class='ocrx_word' id='word_1_108' title='bbox 110 1069 454 1112; x_wconf 65' lang='lat' dir='ltr'><strong>tantlib.iii.cap.18.</strong></span> <span class='ocrx_word' id='word_1_109' title='bbox 470 1070 856 1109; x_wconf 71' lang='lat' dir='ltr'><strong>Devitaquereris,quasi</strong></span> 
     </span>
     <span class='ocr_line' id='line_1_18' title="bbox 109 1113 854 1154; baseline -0.003 -10"><span class='ocrx_word' id='word_1_110' title='bbox 109 1115 230 1151; x_wconf 72' lang='lat' dir='ltr'><strong>vixeris,</strong></span> <span class='ocrx_word' id='word_1_111' title='bbox 252 1118 308 1144; x_wconf 75' lang='lat' dir='ltr'><strong>aut</strong></span> <span class='ocrx_word' id='word_1_112' title='bbox 329 1124 461 1154; x_wconf 76' lang='lat' dir='ltr'><strong>unquam</strong></span> <span class='ocrx_word' id='word_1_113' title='bbox 487 1114 545 1143; x_wconf 74' lang='lat' dir='ltr'><strong>tihi</strong></span> <span class='ocrx_word' id='word_1_114' title='bbox 568 1114 650 1143; x_wconf 75' lang='lat' dir='ltr'><strong>ratio</strong></span> <span class='ocrx_word' id='word_1_115' title='bbox 674 1113 854 1148; x_wconf 77' lang='lat' dir='ltr'><strong>constiterit,</strong></span> 
     </span>
     <span class='ocr_line' id='line_1_19' title="bbox 108 1157 854 1196; baseline -0.001 -9"><span class='ocrx_word' id='word_1_116' title='bbox 108 1158 464 1188; x_wconf 53' lang='lat' dir='ltr'><strong>&amp;minacissimae-</strong></span> <span class='ocrx_word' id='word_1_117' title='bbox 491 1157 711 1196; x_wconf 72' lang='lat' dir='ltr'><strong>Nmeigitiir</strong></span> <span class='ocrx_word' id='word_1_118' title='bbox 728 1157 854 1186; x_wconf 74' lang='lat' dir='ltr'><strong>tibive-</strong></span> 
     </span>
     <span class='ocr_line' id='line_1_20' title="bbox 107 1200 854 1239; baseline -0.003 -8"><span class='ocrx_word' id='word_1_119' title='bbox 107 1211 162 1231; x_wconf 69' lang='grc' dir='ltr'><strong>ηε</strong></span> <span class='ocrx_word' id='word_1_120' title='bbox 182 1202 233 1231; x_wconf 82' lang='lat' dir='ltr'><strong>ille</strong></span> <span class='ocrx_word' id='word_1_121' title='bbox 252 1206 283 1231; x_wconf 79' lang='lat' dir='ltr'><strong>et</strong></span> <span class='ocrx_word' id='word_1_122' title='bbox 305 1202 466 1231; x_wconf 69' lang='lat' dir='ltr'><strong>eommunis</strong></span> <span class='ocrx_word' id='word_1_123' title='bbox 486 1201 615 1230; x_wconf 67' lang='lat' dir='ltr'><strong>omnium</strong></span> <span class='ocrx_word' id='word_1_124' title='bbox 631 1204 723 1239; x_wconf 76' lang='lat' dir='ltr'><strong>pater</strong></span> <span class='ocrx_word' id='word_1_125' title='bbox 742 1200 854 1230; x_wconf 79' lang='lat' dir='ltr'><strong>Teren-</strong></span> 
     </span>
     <span class='ocr_line' id='line_1_21' title="bbox 108 1241 854 1284; baseline -0.001 -10"><span class='ocrx_word' id='word_1_126' title='bbox 108 1246 224 1274; x_wconf 68' lang='lat' dir='ltr'><strong>tianum</strong></span> <span class='ocrx_word' id='word_1_127' title='bbox 234 1243 393 1284; x_wconf 70' lang='lat' dir='ltr'><strong>illedjure</strong></span> <span class='ocrx_word' id='word_1_128' title='bbox 408 1245 608 1283; x_wconf 70' lang='lat' dir='ltr'><strong>increpaverit</strong></span> <span class='ocrx_word' id='word_1_129' title='bbox 618 1245 634 1273; x_wconf 70' lang='lat'><strong>,⁹</strong></span> <span class='ocrx_word' id='word_1_130' title='bbox 658 1242 754 1273; x_wconf 82' lang='lat' dir='ltr'><strong>Prius</strong></span> <span class='ocrx_word' id='word_1_131' title='bbox 766 1241 854 1273; x_wconf 83' lang='lat' dir='ltr'><strong>disce</strong></span> 
     </span>
     <span class='ocr_line' id='line_1_22' title="bbox 107 1285 445 1328; baseline -0.003 -10"><span class='ocrx_word' id='word_1_132' title='bbox 107 1285 186 1328; x_wconf 82' lang='lat' dir='ltr'><strong>quid</strong></span> <span class='ocrx_word' id='word_1_133' title='bbox 197 1286 242 1318; x_wconf 88' lang='lat' dir='ltr'><strong>sit</strong></span> <span class='ocrx_word' id='word_1_134' title='bbox 256 1286 373 1318; x_wconf 82' lang='lat' dir='ltr'><strong>vivere.</strong></span> <span class='ocrx_word' id='word_1_135' title='bbox 407 1286 445 1317; x_wconf 88' lang='lat' dir='ltr'><strong>L.</strong></span> 
     </span>
    </p>

    <p class='ocr_par' dir='ltr' id='par_1_14' title="bbox 107 1327 855 1454">
     <span class='ocr_line' id='line_1_23' title="bbox 154 1327 855 1370; baseline -0.003 -9"><span class='ocrx_word' id='word_1_136' title='bbox 154 1331 203 1362; x_wconf 86' lang='lat'><strong>19.</strong></span> <span class='ocrx_word' id='word_1_137' title='bbox 222 1329 310 1370; x_wconf 72' lang='lat' dir='ltr'><strong>Vita]</strong></span> <span class='ocrx_word' id='word_1_138' title='bbox 335 1329 409 1361; x_wconf 85' lang='lat' dir='ltr'><strong>Hoc</strong></span> <span class='ocrx_word' id='word_1_139' title='bbox 430 1329 502 1360; x_wconf 89' lang='lat' dir='ltr'><strong>loco</strong></span> <span class='ocrx_word' id='word_1_140' title='bbox 516 1334 602 1360; x_wconf 69' lang='lat' dir='ltr'><strong>actus</strong></span> <span class='ocrx_word' id='word_1_141' title='bbox 617 1334 650 1360; x_wconf 90' lang='lat' dir='ltr'><strong>et</strong></span> <span class='ocrx_word' id='word_1_142' title='bbox 669 1339 774 1360; x_wconf 71' lang='lat' dir='ltr'><strong>nores.</strong></span> <span class='ocrx_word' id='word_1_143' title='bbox 814 1327 855 1359; x_wconf 92' lang='lat' dir='ltr'><strong>In</strong></span> 
     </span>
     <span class='ocr_line' id='line_1_24' title="bbox 108 1373 853 1414; baseline -0.003 -10"><span class='ocrx_word' id='word_1_144' title='bbox 108 1373 239 1404; x_wconf 87' lang='lat' dir='ltr'><strong>Pborm.</strong></span> <span class='ocrx_word' id='word_1_145' title='bbox 254 1384 340 1414; x_wconf 71' lang='lat' dir='ltr'><strong>quem</strong></span> <span class='ocrx_word' id='word_1_146' title='bbox 354 1384 407 1414; x_wconf 87' lang='lat' dir='ltr'><strong>ego</strong></span> <span class='ocrx_word' id='word_1_147' title='bbox 422 1373 549 1403; x_wconf 75' lang='lat' dir='ltr'><strong>viderim</strong></span> <span class='ocrx_word' id='word_1_148' title='bbox 565 1374 598 1403; x_wconf 77' lang='lat' dir='ltr'><strong>in</strong></span> <span class='ocrx_word' id='word_1_149' title='bbox 619 1374 683 1403; x_wconf 74' lang='lat' dir='ltr'><strong>vita</strong></span> <span class='ocrx_word' id='word_1_150' title='bbox 700 1373 853 1412; x_wconf 65' lang='lat' dir='ltr'><strong>optinum,</strong></span> 
     </span>
     <span class='ocr_line' id='line_1_25' title="bbox 107 1385 616 1454; baseline -0.002 -7"><span class='ocrx_word' id='word_1_151' title='bbox 107 1416 141 1447; x_wconf 91' lang='lat' dir='ltr'><strong>id</strong></span> <span class='ocrx_word' id='word_1_152' title='bbox 157 1422 216 1454; x_wconf 81' lang='lat' dir='ltr'><strong>est,</strong></span> <span class='ocrx_word' id='word_1_153' title='bbox 233 1419 264 1447; x_wconf 80' lang='grc' dir='ltr'><strong>ιἰι</strong></span> <span class='ocrx_word' id='word_1_154' title='bbox 279 1422 350 1447; x_wconf 74' lang='lat' dir='ltr'><strong>actu</strong></span> <span class='ocrx_word' id='word_1_155' title='bbox 365 1385 396 1447; x_wconf 67' lang='lat' dir='ltr'><strong>egl</strong></span> <span class='ocrx_word' id='word_1_156' title='bbox 409 1417 550 1447; x_wconf 73' lang='lat' dir='ltr'><strong>mribus.</strong></span> <span class='ocrx_word' id='word_1_157' title='bbox 578 1415 616 1446; x_wconf 91' lang='lat' dir='ltr'><strong>C.</strong></span> 
     </span>
    </p>

    <p class='ocr_par' dir='ltr' id='par_1_15' title="bbox 106 1457 854 1839">
     <span class='ocr_line' id='line_1_26' title="bbox 152 1457 854 1499; baseline -0.003 -9"><span class='ocrx_word' id='word_1_158' title='bbox 152 1461 203 1490; x_wconf 86' lang='lat'><strong>20.</strong></span> <span class='ocrx_word' id='word_1_159' title='bbox 223 1459 298 1494; x_wconf 76' lang='lat' dir='ltr'><strong>Quae</strong></span> <span class='ocrx_word' id='word_1_160' title='bbox 321 1462 382 1490; x_wconf 76' lang='lat' dir='ltr'><strong>ista</strong></span> <span class='ocrx_word' id='word_1_161' title='bbox 405 1464 451 1490; x_wconf 72' lang='lat' dir='ltr'><strong>est</strong></span> <span class='ocrx_word' id='word_1_162' title='bbox 470 1461 611 1499; x_wconf 75' lang='lat' dir='ltr'><strong>pravitas</strong></span> <span class='ocrx_word' id='word_1_163' title='bbox 620 1457 654 1499; x_wconf 84' lang='lat'><strong>?]</strong></span> <span class='ocrx_word' id='word_1_164' title='bbox 685 1457 854 1489; x_wconf 80' lang='lat' dir='ltr'><strong>Derivatio</strong></span> 
     </span>
     <span class='ocr_line' id='line_1_27' title="bbox 107 1500 854 1543; baseline -0.004 -9"><span class='ocrx_word' id='word_1_165' title='bbox 107 1503 253 1534; x_wconf 89' lang='lat' dir='ltr'><strong>criminis</strong></span> <span class='ocrx_word' id='word_1_166' title='bbox 275 1503 309 1534; x_wconf 94' lang='lat' dir='ltr'><strong>in</strong></span> <span class='ocrx_word' id='word_1_167' title='bbox 333 1513 369 1534; x_wconf 87' lang='lat' dir='ltr'><strong>se</strong></span> <span class='ocrx_word' id='word_1_168' title='bbox 390 1509 448 1534; x_wconf 86' lang='lat' dir='ltr'><strong>est.</strong></span> <span class='ocrx_word' id='word_1_169' title='bbox 483 1502 527 1533; x_wconf 88' lang='lat' dir='ltr'><strong>Et</strong></span> <span class='ocrx_word' id='word_1_170' title='bbox 541 1503 624 1533; x_wconf 90' lang='lat' dir='ltr'><strong>bene</strong></span> <span class='ocrx_word' id='word_1_171' title='bbox 638 1501 753 1543; x_wconf 89' lang='lat' dir='ltr'><strong>optimi</strong></span> <span class='ocrx_word' id='word_1_172' title='bbox 768 1500 854 1531; x_wconf 83' lang='lat' dir='ltr'><strong>servi</strong></span> 
     </span>
     <span class='ocr_line' id='line_1_28' title="bbox 106 1543 853 1588; baseline -0.003 -11"><span class='ocrx_word' id='word_1_173' title='bbox 106 1546 254 1588; x_wconf 75' lang='lat' dir='ltr'><strong>fungitur</strong></span> <span class='ocrx_word' id='word_1_174' title='bbox 268 1545 383 1577; x_wconf 86' lang='lat' dir='ltr'><strong>officio.</strong></span> <span class='ocrx_word' id='word_1_175' title='bbox 413 1546 450 1576; x_wconf 91' lang='lat' dir='ltr'><strong>C.</strong></span> <span class='ocrx_word' id='word_1_176' title='bbox 452 1547 574 1579; x_wconf 74' lang='lat' dir='ltr'>——Quae</span> <span class='ocrx_word' id='word_1_177' title='bbox 588 1548 674 1576; x_wconf 72' lang='lat' dir='ltr'><strong>istaee</strong></span> <span class='ocrx_word' id='word_1_178' title='bbox 688 1543 751 1585; x_wconf 72' lang='lat' dir='ltr'><strong>est]</strong></span> <span class='ocrx_word' id='word_1_179' title='bbox 777 1544 853 1575; x_wconf 88' lang='lat' dir='ltr'><strong>Ser-</strong></span> 
     </span>
     <span class='ocr_line' id='line_1_29' title="bbox 107 1586 852 1630; baseline -0.004 -9"><span class='ocrx_word' id='word_1_180' title='bbox 107 1599 168 1621; x_wconf 83' lang='lat' dir='ltr'><strong>vus</strong></span> <span class='ocrx_word' id='word_1_181' title='bbox 181 1590 264 1621; x_wconf 81' lang='lat' dir='ltr'><strong>iram</strong></span> <span class='ocrx_word' id='word_1_182' title='bbox 276 1588 422 1621; x_wconf 90' lang='lat' dir='ltr'><strong>domini</strong></span> <span class='ocrx_word' id='word_1_183' title='bbox 413 1599 448 1620; x_wconf 86' lang='lat' dir='ltr'><strong>in</strong></span> <span class='ocrx_word' id='word_1_184' title='bbox 464 1598 636 1630; x_wconf 79' lang='lat' dir='ltr'><strong>personam</strong></span> <span class='ocrx_word' id='word_1_185' title='bbox 651 1598 743 1619; x_wconf 67' lang='lat' dir='ltr'><strong>sunm</strong></span> <span class='ocrx_word' id='word_1_186' title='bbox 758 1586 852 1618; x_wconf 90' lang='lat' dir='ltr'><strong>incli-</strong></span> 
     </span>
     <span class='ocr_line' id='line_1_30' title="bbox 106 1630 852 1675; baseline -0.004 -11"><span class='ocrx_word' id='word_1_187' title='bbox 106 1642 186 1664; x_wconf 73' lang='lat' dir='ltr'><strong>nare</strong></span> <span class='ocrx_word' id='word_1_188' title='bbox 207 1632 352 1675; x_wconf 86' lang='lat' dir='ltr'><strong>cupiens,</strong></span> <span class='ocrx_word' id='word_1_189' title='bbox 375 1639 413 1663; x_wconf 90' lang='lat' dir='ltr'><strong>ut</strong></span> <span class='ocrx_word' id='word_1_190' title='bbox 432 1631 629 1663; x_wconf 85' lang='lat' dir='ltr'><strong>adolescenti</strong></span> <span class='ocrx_word' id='word_1_191' title='bbox 732 1630 758 1661; x_wconf 86' lang='lat' dir='ltr'><strong>&#39;t</strong></span> <span class='ocrx_word' id='word_1_192' title='bbox 778 1640 852 1662; x_wconf 84' lang='lat' dir='ltr'><strong>suc-</strong></span> 
     </span>
     <span class='ocr_line' id='line_1_31' title="bbox 106 1674 854 1717; baseline -0.003 -10"><span class='ocrx_word' id='word_1_193' title='bbox 106 1686 247 1713; x_wconf 78' lang='lat' dir='ltr'><strong>currere,</strong></span> <span class='ocrx_word' id='word_1_194' title='bbox 262 1676 442 1717; x_wconf 83' lang='lat' dir='ltr'><strong>interponit</strong></span> <span class='ocrx_word' id='word_1_195' title='bbox 463 1675 532 1707; x_wconf 75' lang='lat' dir='ltr'><strong>haec</strong></span> <span class='ocrx_word' id='word_1_196' title='bbox 548 1675 655 1706; x_wconf 81' lang='lat' dir='ltr'><strong>verba.</strong></span> <span class='ocrx_word' id='word_1_197' title='bbox 684 1674 854 1706; x_wconf 72' lang='lat' dir='ltr'><strong>R—Cum</strong></span> 
     </span>
     <span class='ocr_line' id='line_1_32' title="bbox 107 1717 852 1760; baseline -0.004 -9"><span class='ocrx_word' id='word_1_198' title='bbox 107 1726 261 1760; x_wconf 77' lang='lat' dir='ltr'><strong>sequami-</strong></span> <span class='ocrx_word' id='word_1_199' title='bbox 281 1721 414 1750; x_wconf 65' lang='lat' dir='ltr'><strong>mentia</strong></span> <span class='ocrx_word' id='word_1_200' title='bbox 435 1724 491 1756; x_wconf 71' lang='lat' dir='ltr'><strong>est,</strong></span> <span class='ocrx_word' id='word_1_201' title='bbox 509 1718 595 1759; x_wconf 81' lang='lat' dir='ltr'><strong>quod</strong></span> <span class='ocrx_word' id='word_1_202' title='bbox 616 1718 762 1749; x_wconf 89' lang='lat' dir='ltr'><strong>omnium</strong></span> <span class='ocrx_word' id='word_1_203' title='bbox 783 1717 852 1748; x_wconf 84' lang='lat' dir='ltr'><strong>fere</strong></span> 
     </span>
     <span class='ocr_line' id='line_1_33' title="bbox 107 1759 853 1804; baseline -0.003 -10"><span class='ocrx_word' id='word_1_204' title='bbox 107 1762 199 1794; x_wconf 83' lang='lat' dir='ltr'><strong>codd.</strong></span> <span class='ocrx_word' id='word_1_205' title='bbox 225 1762 289 1794; x_wconf 82' lang='lat' dir='ltr'><strong>fide</strong></span> <span class='ocrx_word' id='word_1_206' title='bbox 310 1763 547 1804; x_wconf 80' lang='lat' dir='ltr'><strong>comprobatur,</strong></span> <span class='ocrx_word' id='word_1_207' title='bbox 569 1771 630 1803; x_wconf 88' lang='lat' dir='ltr'><strong>pro</strong></span> <span class='ocrx_word' id='word_1_208' title='bbox 651 1762 722 1792; x_wconf 62' lang='grc' dir='ltr'><strong>ἔκη’</strong></span> <span class='ocrx_word' id='word_1_209' title='bbox 724 1766 755 1792; x_wconf 73' lang='lat' dir='ltr'><strong>st</strong></span> <span class='ocrx_word' id='word_1_210' title='bbox 779 1759 853 1802; x_wconf 85' lang='lat' dir='ltr'><strong>lege</strong></span> 
     </span>
     <span class='ocr_line' id='line_1_34' title="bbox 107 1805 273 1839; baseline -0.006 0"><span class='ocrx_word' id='word_1_211' title='bbox 107 1808 201 1839; x_wconf 69' lang='lat' dir='ltr'><strong>istac.</strong></span> <span class='ocrx_word' id='word_1_212' title='bbox 234 1805 273 1838; x_wconf 90' lang='lat' dir='ltr'><strong>B.</strong></span> 
     </span>
    </p>

    <p class='ocr_par' dir='ltr' id='par_1_16' title="bbox 106 1846 856 2141">
     <span class='ocr_line' id='line_1_35' title="bbox 152 1846 855 1890; baseline -0.004 -10"><span class='ocrx_word' id='word_1_213' title='bbox 152 1847 326 1889; x_wconf 73' lang='lat' dir='ltr'><strong>21.11··0ee]</strong></span> <span class='ocrx_word' id='word_1_214' title='bbox 343 1850 434 1880; x_wconf 68' lang='lat' dir='ltr'><strong>Ilicet</strong></span> <span class='ocrx_word' id='word_1_215' title='bbox 455 1858 584 1890; x_wconf 85' lang='lat' dir='ltr'><strong>semper</strong></span> <span class='ocrx_word' id='word_1_216' title='bbox 605 1847 703 1879; x_wconf 85' lang='lat' dir='ltr'><strong>finem</strong></span> <span class='ocrx_word' id='word_1_217' title='bbox 724 1846 774 1878; x_wconf 83' lang='lat' dir='ltr'><strong>rei</strong></span> <span class='ocrx_word' id='word_1_218' title='bbox 788 1846 855 1888; x_wconf 81' lang='lat' dir='ltr'><strong>sig-</strong></span> 
     </span>
     <span class='ocr_line' id='line_1_36' title="bbox 107 1892 855 1932; baseline -0.005 -8"><span class='ocrx_word' id='word_1_219' title='bbox 107 1892 229 1930; x_wconf 72' lang='lat' dir='ltr'><strong>nificat,</strong></span> <span class='ocrx_word' id='word_1_220' title='bbox 242 1899 279 1924; x_wconf 90' lang='lat' dir='ltr'><strong>ut</strong></span> <span class='ocrx_word' id='word_1_221' title='bbox 290 1898 392 1923; x_wconf 69' lang='lat' dir='ltr'><strong>aetn-</strong></span> <span class='ocrx_word' id='word_1_222' title='bbox 406 1897 462 1923; x_wconf 73' lang='lat' dir='ltr'><strong>est.</strong></span> <span class='ocrx_word' id='word_1_223' title='bbox 490 1893 581 1922; x_wconf 74' lang='lat' dir='ltr'><strong>Ilicet</strong></span> <span class='ocrx_word' id='word_1_224' title='bbox 600 1900 660 1932; x_wconf 85' lang='lat' dir='ltr'><strong>per</strong></span> <span class='ocrx_word' id='word_1_225' title='bbox 681 1900 855 1931; x_wconf 74' lang='lat' dir='ltr'><strong>syncopen,</strong></span> 
     </span>
     <span class='ocr_line' id='line_1_37' title="bbox 106 1933 856 1977; baseline -0.007 -9"><span class='ocrx_word' id='word_1_226' title='bbox 106 1935 192 1977; x_wconf 80' lang='lat' dir='ltr'><strong>quod</strong></span> <span class='ocrx_word' id='word_1_227' title='bbox 218 1936 304 1977; x_wconf 83' lang='lat' dir='ltr'><strong>signi</strong></span> <span class='ocrx_word' id='word_1_228' title='bbox 294 1936 381 1967; x_wconf 75' lang='lat' dir='ltr'><strong>fient</strong></span> <span class='ocrx_word' id='word_1_229' title='bbox 404 1938 450 1966; x_wconf 79' lang='lat' dir='ltr'><strong>i&#39;re</strong></span> <span class='ocrx_word' id='word_1_230' title='bbox 473 1936 555 1966; x_wconf 78' lang='lat' dir='ltr'><strong>lieet.</strong></span> <span class='ocrx_word' id='word_1_231' title='bbox 594 1934 647 1965; x_wconf 88' lang='lat' dir='ltr'><strong>Sic</strong></span> <span class='ocrx_word' id='word_1_232' title='bbox 666 1933 794 1974; x_wconf 80' lang='lat' dir='ltr'><strong>judices</strong></span> <span class='ocrx_word' id='word_1_233' title='bbox 815 1933 856 1964; x_wconf 87' lang='lat' dir='ltr'><strong>de</strong></span> 
     </span>
     <span class='ocr_line' id='line_1_38' title="bbox 106 1976 856 2019; baseline -0.007 -7"><span class='ocrx_word' id='word_1_234' title='bbox 106 1979 245 2012; x_wconf 82' lang='lat' dir='ltr'><strong>concilio</strong></span> <span class='ocrx_word' id='word_1_235' title='bbox 255 1979 512 2015; x_wconf 79' lang='lat' dir='ltr'><strong>dimittebantur,</strong></span> <span class='ocrx_word' id='word_1_236' title='bbox 524 1987 677 2019; x_wconf 84' lang='lat' dir='ltr'><strong>suprema</strong></span> <span class='ocrx_word' id='word_1_237' title='bbox 687 1976 774 2007; x_wconf 82' lang='lat' dir='ltr'><strong>dicta</strong></span> <span class='ocrx_word' id='word_1_238' title='bbox 781 1986 856 2008; x_wconf 89' lang='lat' dir='ltr'><strong>cuin</strong></span> 
     </span>
     <span class='ocr_line' id='line_1_39' title="bbox 106 2020 856 2064; baseline -0.007 -10"><span class='ocrx_word' id='word_1_239' title='bbox 106 2033 213 2064; x_wconf 84' lang='lat' dir='ltr'><strong>praeco</strong></span> <span class='ocrx_word' id='word_1_240' title='bbox 228 2022 483 2064; x_wconf 82' lang='lat' dir='ltr'><strong>pronunciasset.</strong></span> <span class='ocrx_word' id='word_1_241' title='bbox 512 2022 600 2052; x_wconf 65' lang='lat' dir='ltr'><strong>Ilicet</strong></span> <span class='ocrx_word' id='word_1_242' title='bbox 617 2030 694 2061; x_wconf 79' lang='lat' dir='ltr'><strong>erg-o</strong></span> <span class='ocrx_word' id='word_1_243' title='bbox 707 2020 856 2061; x_wconf 85' lang='lat' dir='ltr'><strong>increpa-</strong></span> 
     </span>
     <span class='ocr_line' id='line_1_40' title="bbox 106 2063 856 2107; baseline -0.004 -10"><span class='ocrx_word' id='word_1_244' title='bbox 106 2065 154 2097; x_wconf 84' lang='lat' dir='ltr'><strong>tio</strong></span> <span class='ocrx_word' id='word_1_245' title='bbox 168 2073 227 2104; x_wconf 81' lang='lat' dir='ltr'><strong>est,</strong></span> <span class='ocrx_word' id='word_1_246' title='bbox 243 2066 319 2107; x_wconf 76' lang='lat' dir='ltr'><strong>quia</strong></span> <span class='ocrx_word' id='word_1_247' title='bbox 341 2064 587 2106; x_wconf 81' lang='lat' dir='ltr'><strong>interloquendo</strong></span> <span class='ocrx_word' id='word_1_248' title='bbox 602 2063 740 2106; x_wconf 81' lang='lat' dir='ltr'><strong>impedit</strong></span> <span class='ocrx_word' id='word_1_249' title='bbox 754 2063 856 2094; x_wconf 88' lang='lat' dir='ltr'><strong>Chre-</strong></span> 
     </span>
     <span class='ocr_line' id='line_1_41' title="bbox 106 2109 506 2141; baseline -0.003 0"><span class='ocrx_word' id='word_1_250' title='bbox 106 2115 227 2141; x_wconf 87' lang='lat' dir='ltr'><strong>metem</strong></span> <span class='ocrx_word' id='word_1_251' title='bbox 242 2116 437 2140; x_wconf 82' lang='lat' dir='ltr'><strong>narrantem.</strong></span> <span class='ocrx_word' id='word_1_252' title='bbox 469 2109 506 2140; x_wconf 93' lang='lat' dir='ltr'><strong>C.</strong></span> 
     </span>
    </p>

    <p class='ocr_par' dir='ltr' id='par_1_17' title="bbox 106 2148 859 2883">
     <span class='ocr_line' id='line_1_42' title="bbox 151 2148 856 2201; baseline -0.006 -17"><span class='ocrx_word' id='word_1_253' title='bbox 151 2153 203 2184; x_wconf 89' lang='lat'><strong>22.</strong></span> <span class='ocrx_word' id='word_1_254' title='bbox 229 2154 295 2184; x_wconf 85' lang='lat' dir='ltr'><strong>Nec</strong></span> <span class='ocrx_word' id='word_1_255' title='bbox 318 2158 352 2183; x_wconf 74' lang='lat' dir='ltr'><strong>tu</strong></span> <span class='ocrx_word' id='word_1_256' title='bbox 377 2151 482 2201; x_wconf 62' lang='lat' dir='ltr'><strong>areni]</strong></span> <span class='ocrx_word' id='word_1_257' title='bbox 506 2150 707 2182; x_wconf 64' lang='lat' dir='ltr'><strong>Presidium.</strong></span> <span class='ocrx_word' id='word_1_258' title='bbox 740 2148 856 2181; x_wconf 81' lang='lat' dir='ltr'><strong>Miseri</strong></span> 
     </span>
     <span class='ocr_line' id='line_1_43' title="bbox 107 2192 851 2235; baseline -0.005 -8"><span class='ocrx_word' id='word_1_259' title='bbox 107 2195 149 2227; x_wconf 76' lang='lat' dir='ltr'><strong>ad</strong></span> <span class='ocrx_word' id='word_1_260' title='bbox 171 2207 266 2234; x_wconf 61' lang='lat' dir='ltr'><strong>wan,</strong></span> <span class='ocrx_word' id='word_1_261' title='bbox 291 2202 329 2227; x_wconf 91' lang='lat' dir='ltr'><strong>ut</strong></span> <span class='ocrx_word' id='word_1_262' title='bbox 352 2195 414 2227; x_wconf 82' lang='lat' dir='ltr'><strong>tuti</strong></span> <span class='ocrx_word' id='word_1_263' title='bbox 437 2195 514 2232; x_wconf 79' lang='lat' dir='ltr'><strong>sint,</strong></span> <span class='ocrx_word' id='word_1_264' title='bbox 539 2194 714 2235; x_wconf 78' lang='lat' dir='ltr'><strong>confugere</strong></span> <span class='ocrx_word' id='word_1_265' title='bbox 736 2192 851 2224; x_wconf 86' lang='lat' dir='ltr'><strong>solent.</strong></span> 
     </span>
     <span class='ocr_line' id='line_1_44' title="bbox 108 2238 854 2278; baseline -0.005 -7"><span class='ocrx_word' id='word_1_266' title='bbox 108 2239 204 2271; x_wconf 82' lang='lat' dir='ltr'><strong>Ovid-</strong></span> <span class='ocrx_word' id='word_1_267' title='bbox 226 2238 349 2271; x_wconf 76' lang='lat' dir='ltr'><strong>Trist.</strong></span> <span class='ocrx_word' id='word_1_268' title='bbox 340 2249 382 2270; x_wconf 85' lang='lat' dir='ltr'><strong>iv.</strong></span> <span class='ocrx_word' id='word_1_269' title='bbox 399 2240 429 2270; x_wconf 88' lang='grc'><strong>5.</strong></span> <span class='ocrx_word' id='word_1_270' title='bbox 446 2240 476 2270; x_wconf 88' lang='lat'><strong>2.</strong></span> <span class='ocrx_word' id='word_1_271' title='bbox 498 2240 595 2270; x_wconf 73' lang='lat' dir='ltr'><strong>Unica</strong></span> <span class='ocrx_word' id='word_1_272' title='bbox 614 2238 771 2278; x_wconf 70' lang='lat' dir='ltr'><strong>presidiis</strong></span> <span class='ocrx_word' id='word_1_273' title='bbox 796 2246 854 2267; x_wconf 82' lang='lat' dir='ltr'><strong>ara</strong></span> 
     </span>
     <span class='ocr_line' id='line_1_45' title="bbox 106 2279 854 2323; baseline -0.007 -8"><span class='ocrx_word' id='word_1_274' title='bbox 106 2288 230 2323; x_wconf 76' lang='lat' dir='ltr'><strong>reperta</strong></span> <span class='ocrx_word' id='word_1_275' title='bbox 244 2285 328 2314; x_wconf 64' lang='lat' dir='ltr'><strong>meis.</strong></span> <span class='ocrx_word' id='word_1_276' title='bbox 352 2283 378 2314; x_wconf 87' lang='lat' dir='ltr'>C</span> <span class='ocrx_word' id='word_1_277' title='bbox 380 2283 503 2313; x_wconf 86' lang='lat' dir='ltr'><strong>.—Nec</strong></span> <span class='ocrx_word' id='word_1_278' title='bbox 518 2287 551 2313; x_wconf 80' lang='lat' dir='ltr'><strong>tii</strong></span> <span class='ocrx_word' id='word_1_279' title='bbox 566 2292 652 2312; x_wconf 71' lang='lat' dir='ltr'><strong>oram</strong></span> <span class='ocrx_word' id='word_1_280' title='bbox 664 2279 739 2321; x_wconf 72' lang='lat' dir='ltr'><strong>tibi]</strong></span> <span class='ocrx_word' id='word_1_281' title='bbox 756 2280 854 2315; x_wconf 81' lang='lat' dir='ltr'><strong>Quae-</strong></span> 
     </span>
     <span class='ocr_line' id='line_1_46' title="bbox 107 2323 853 2366; baseline -0.004 -9"><span class='ocrx_word' id='word_1_282' title='bbox 107 2335 236 2366; x_wconf 84' lang='lat' dir='ltr'><strong>cunque</strong></span> <span class='ocrx_word' id='word_1_283' title='bbox 249 2325 291 2357; x_wconf 89' lang='lat' dir='ltr'><strong>de</strong></span> <span class='ocrx_word' id='word_1_284' title='bbox 305 2326 366 2357; x_wconf 87' lang='lat' dir='ltr'><strong>boc</strong></span> <span class='ocrx_word' id='word_1_285' title='bbox 379 2325 447 2357; x_wconf 87' lang='lat' dir='ltr'><strong>ritu</strong></span> <span class='ocrx_word' id='word_1_286' title='bbox 458 2324 522 2356; x_wconf 89' lang='lat' dir='ltr'><strong>dici</strong></span> <span class='ocrx_word' id='word_1_287' title='bbox 657 2331 679 2361; x_wconf 86' lang='lat' dir='ltr'><strong>t,</strong></span> <span class='ocrx_word' id='word_1_288' title='bbox 690 2325 759 2364; x_wconf 86' lang='lat' dir='ltr'><strong>jam</strong></span> <span class='ocrx_word' id='word_1_289' title='bbox 775 2323 853 2354; x_wconf 85' lang='lat' dir='ltr'><strong>alibi</strong></span> 
     </span>
     <span class='ocr_line' id='line_1_47' title="bbox 107 2366 852 2409; baseline -0.005 -9"><span class='ocrx_word' id='word_1_290' title='bbox 107 2375 228 2400; x_wconf 75' lang='lat' dir='ltr'><strong>notam.</strong></span> <span class='ocrx_word' id='word_1_291' title='bbox 262 2369 425 2400; x_wconf 73' lang='lat' dir='ltr'><strong>Plutarch.</strong></span> <span class='ocrx_word' id='word_1_292' title='bbox 438 2368 509 2409; x_wconf 67' lang='grc' dir='ltr'><strong>περὶ</strong></span> <span class='ocrx_word' id='word_1_293' title='bbox 524 2369 569 2399; x_wconf 65' lang='lat' dir='ltr'><strong>&amp;a</strong></span> <span class='ocrx_word' id='word_1_294' title='bbox 571 2366 686 2406; x_wconf 69' lang='grc' dir='ltr'>σιδαίμ.</span> <span class='ocrx_word' id='word_1_295' title='bbox 722 2366 852 2408; x_wconf 86' lang='lat' dir='ltr'><strong>Ulpian.</strong></span> 
     </span>
     <span class='ocr_line' id='line_1_48' title="bbox 108 2409 852 2451; baseline -0.003 -9"><span class='ocrx_word' id='word_1_296' title='bbox 108 2411 164 2442; x_wconf 88' lang='lat' dir='ltr'><strong>lib.</strong></span> <span class='ocrx_word' id='word_1_297' title='bbox 189 2411 268 2443; x_wconf 77' lang='lat' dir='ltr'><strong>xvii.</strong></span> <span class='ocrx_word' id='word_1_298' title='bbox 294 2413 320 2451; x_wconf 63' lang='grc' dir='ltr'><strong>ξ.</strong></span> <span class='ocrx_word' id='word_1_299' title='bbox 341 2413 390 2443; x_wconf 87' lang='grc'><strong>12.</strong></span> <span class='ocrx_word' id='word_1_300' title='bbox 414 2412 447 2443; x_wconf 78' lang='lat' dir='ltr'><strong>fl:</strong></span> <span class='ocrx_word' id='word_1_301' title='bbox 463 2411 504 2442; x_wconf 88' lang='lat' dir='ltr'><strong>de</strong></span> <span class='ocrx_word' id='word_1_302' title='bbox 519 2411 602 2442; x_wconf 80' lang='lat' dir='ltr'><strong>aedil.</strong></span> <span class='ocrx_word' id='word_1_303' title='bbox 620 2410 715 2442; x_wconf 86' lang='lat' dir='ltr'><strong>edict.</strong></span> <span class='ocrx_word' id='word_1_304' title='bbox 733 2409 852 2441; x_wconf 83' lang='lat' dir='ltr'><strong>Achill.</strong></span> 
     </span>
     <span class='ocr_line' id='line_1_49' title="bbox 108 2453 854 2494; baseline 0 -10"><span class='ocrx_word' id='word_1_305' title='bbox 108 2453 234 2492; x_wconf 78' lang='lat' dir='ltr'><strong>Tatius,</strong></span> <span class='ocrx_word' id='word_1_306' title='bbox 249 2454 304 2486; x_wconf 89' lang='lat' dir='ltr'><strong>lib.</strong></span> <span class='ocrx_word' id='word_1_307' title='bbox 320 2455 389 2486; x_wconf 81' lang='lat' dir='ltr'><strong>viii.</strong></span> <span class='ocrx_word' id='word_1_308' title='bbox 411 2454 463 2486; x_wconf 76' lang='lat' dir='ltr'><strong>iud</strong></span> <span class='ocrx_word' id='word_1_309' title='bbox 484 2455 539 2486; x_wconf 79' lang='grc' dir='ltr'><strong>τοΐ</strong></span> <span class='ocrx_word' id='word_1_310' title='bbox 525 2467 552 2487; x_wconf 82' lang='grc' dir='ltr'><strong>ις</strong></span> <span class='ocrx_word' id='word_1_311' title='bbox 572 2453 632 2493; x_wconf 75' lang='grc' dir='ltr'><strong>μὲν</strong></span> <span class='ocrx_word' id='word_1_312' title='bbox 652 2454 796 2494; x_wconf 72' lang='grc' dir='ltr'><strong><em>πονηροῖς</em></strong></span> <span class='ocrx_word' id='word_1_313' title='bbox 821 2453 854 2484; x_wconf 74' lang='grc' dir='ltr'><strong>αἱ</strong></span> 
     </span>
     <span class='ocr_line' id='line_1_50' title="bbox 130 2495 853 2538; baseline -0.003 -8.775"><span class='ocrx_word' id='word_1_314' title='bbox 130 2498 291 2538; x_wconf 67' lang='grc' dir='ltr'><strong><em>ονῖερὸν</em></strong></span> <span class='ocrx_word' id='word_1_315' title='bbox 312 2496 484 2538; x_wconf 58' lang='lat' dir='ltr'><strong>&amp;efflent</strong></span> <span class='ocrx_word' id='word_1_316' title='bbox 508 2497 628 2529; x_wconf 75' lang='grc' dir='ltr'>διδόασι</span> <span class='ocrx_word' id='word_1_317' title='bbox 652 2495 853 2537; x_wconf 75' lang='grc' dir='ltr'>καταφινγήν·</span> 
     </span>
     <span class='ocr_line' id='line_1_51' title="bbox 109 2539 852 2580; baseline 0 -9"><span class='ocrx_word' id='word_1_318' title='bbox 109 2540 174 2578; x_wconf 63' lang='grc' dir='ltr'><strong>ἐγὼ</strong></span> <span class='ocrx_word' id='word_1_319' title='bbox 193 2539 514 2579; x_wconf 68' lang='grc' dir='ltr'>δὲμηδὲπᾶδικήσας,</span> <span class='ocrx_word' id='word_1_320' title='bbox 530 2541 637 2578; x_wconf 70' lang='grc' dir='ltr'>ἱκέτης</span> <span class='ocrx_word' id='word_1_321' title='bbox 658 2539 770 2577; x_wconf 53' lang='lat' dir='ltr'><strong>&amp;iv-555</strong></span> <span class='ocrx_word' id='word_1_322' title='bbox 781 2541 852 2580; x_wconf 81' lang='grc' dir='ltr'><strong>Ἀρ-</strong></span> 
     </span>
     <span class='ocr_line' id='line_1_52' title="bbox 108 2582 853 2623; baseline 0 -9"><span class='ocrx_word' id='word_1_323' title='bbox 108 2582 232 2621; x_wconf 78' lang='grc' dir='ltr'>τέμιδος</span> <span class='ocrx_word' id='word_1_324' title='bbox 253 2582 431 2622; x_wconf 65' lang='grc' dir='ltr'><strong>γενόμενος,</strong></span> <span class='ocrx_word' id='word_1_325' title='bbox 445 2583 602 2622; x_wconf 66' lang='lat' dir='ltr'><strong>rim-imam</strong></span> <span class='ocrx_word' id='word_1_326' title='bbox 615 2583 686 2623; x_wconf 71' lang='lat' dir='ltr'><strong>‘rap&#39;</strong></span> <span class='ocrx_word' id='word_1_327' title='bbox 702 2583 786 2623; x_wconf 66' lang='grc' dir='ltr'>αὐτῷ’</span> <span class='ocrx_word' id='word_1_328' title='bbox 807 2595 853 2622; x_wconf 68' lang='grc' dir='ltr'><strong>τᾳ</strong></span> 
     </span>
     <span class='ocr_line' id='line_1_53' title="bbox 109 2625 854 2666; baseline -0.001 -9"><span class='ocrx_word' id='word_1_329' title='bbox 109 2626 214 2666; x_wconf 56' lang='lat' dir='ltr'><strong>W·</strong></span> <span class='ocrx_word' id='word_1_330' title='bbox 246 2625 309 2657; x_wconf 85' lang='lat' dir='ltr'><strong>Cui</strong></span> <span class='ocrx_word' id='word_1_331' title='bbox 330 2636 395 2657; x_wconf 89' lang='lat' dir='ltr'><strong>non</strong></span> <span class='ocrx_word' id='word_1_332' title='bbox 413 2626 569 2658; x_wconf 77' lang='lat' dir='ltr'><strong>absimilis</strong></span> <span class='ocrx_word' id='word_1_333' title='bbox 583 2626 673 2658; x_wconf 71' lang='lat' dir='ltr'><strong>locun</strong></span> <span class='ocrx_word' id='word_1_334' title='bbox 689 2626 797 2657; x_wconf 78' lang='lat' dir='ltr'><strong>Plauti</strong></span> <span class='ocrx_word' id='word_1_335' title='bbox 819 2625 854 2656; x_wconf 92' lang='lat' dir='ltr'><strong>in</strong></span> 
     </span>
     <span class='ocr_line' id='line_1_54' title="bbox 111 2669 852 2711; baseline 0 -11"><span class='ocrx_word' id='word_1_336' title='bbox 111 2669 279 2700; x_wconf 85' lang='lat' dir='ltr'><strong>Rudent.</strong></span> <span class='ocrx_word' id='word_1_337' title='bbox 269 2669 316 2700; x_wconf 85' lang='lat' dir='ltr'><strong>iii.</strong></span> <span class='ocrx_word' id='word_1_338' title='bbox 329 2670 358 2699; x_wconf 80' lang='lat'><strong>3.</strong></span> <span class='ocrx_word' id='word_1_339' title='bbox 387 2669 565 2711; x_wconf 82' lang='lat' dir='ltr'><strong>Euripid.</strong></span> <span class='ocrx_word' id='word_1_340' title='bbox 556 2680 589 2700; x_wconf 86' lang='grc' dir='ltr'><strong>ιιι</strong></span> <span class='ocrx_word' id='word_1_341' title='bbox 608 2669 852 2700; x_wconf 76' lang='lat' dir='ltr'><strong>Andromacha·</strong></span> 
     </span>
     <span class='ocr_line' id='line_1_55' title="bbox 105 2710 853 2753; baseline 0 -10"><span class='ocrx_word' id='word_1_342' title='bbox 105 2713 200 2752; x_wconf 78' lang='grc' dir='ltr'>Ἔχει</span> <span class='ocrx_word' id='word_1_343' title='bbox 213 2711 277 2752; x_wconf 69' lang='grc' dir='ltr'><strong>’γὰρ</strong></span> <span class='ocrx_word' id='word_1_344' title='bbox 287 2712 485 2752; x_wconf 68' lang='grc' dir='ltr'>κατιιφνγὴν,</span> <span class='ocrx_word' id='word_1_345' title='bbox 495 2715 553 2753; x_wconf 74' lang='grc' dir='ltr'><strong>θὴρ</strong></span> <span class='ocrx_word' id='word_1_346' title='bbox 563 2710 622 2751; x_wconf 67' lang='grc' dir='ltr'><strong>μὲν</strong></span> <span class='ocrx_word' id='word_1_347' title='bbox 634 2711 762 2753; x_wconf 67' lang='grc' dir='ltr'><strong>πέτραν,</strong></span> <span class='ocrx_word' id='word_1_348' title='bbox 772 2713 853 2743; x_wconf 78' lang='grc' dir='ltr'><strong>Δοῦ-</strong></span> 
     </span>
     <span class='ocr_line' id='line_1_56' title="bbox 109 2754 856 2796; baseline -0.001 -8"><span class='ocrx_word' id='word_1_349' title='bbox 109 2762 162 2788; x_wconf 75' lang='grc' dir='ltr'><strong>λοι</strong></span> <span class='ocrx_word' id='word_1_350' title='bbox 184 2754 219 2787; x_wconf 81' lang='grc' dir='ltr'><strong>δὲ</strong></span> <span class='ocrx_word' id='word_1_351' title='bbox 241 2754 475 2794; x_wconf 69' lang='grc' dir='ltr'>βομοὺιθεόν.</span> <span class='ocrx_word' id='word_1_352' title='bbox 508 2755 598 2786; x_wconf 82' lang='lat' dir='ltr'><strong>Hinc</strong></span> <span class='ocrx_word' id='word_1_353' title='bbox 618 2755 717 2786; x_wconf 78' lang='lat' dir='ltr'><strong>etiam</strong></span> <span class='ocrx_word' id='word_1_354' title='bbox 739 2754 856 2796; x_wconf 61' lang='lat' dir='ltr'><strong>&amp;pc-ru</strong></span> 
     </span>
     <span class='ocr_line' id='line_1_57' title="bbox 109 2797 859 2838; baseline -0.001 -8"><span class='ocrx_word' id='word_1_355' title='bbox 109 2800 141 2830; x_wconf 75' lang='grc' dir='ltr'><strong>υἱ</strong></span> <span class='ocrx_word' id='word_1_356' title='bbox 165 2798 294 2836; x_wconf 73' lang='grc' dir='ltr'>οἰκέται,</span> <span class='ocrx_word' id='word_1_357' title='bbox 317 2797 380 2829; x_wconf 69' lang='grc' dir='ltr'><strong>ἀπὸ</strong></span> <span class='ocrx_word' id='word_1_358' title='bbox 405 2798 464 2829; x_wconf 74' lang='grc' dir='ltr'><strong>τοῦ</strong></span> <span class='ocrx_word' id='word_1_359' title='bbox 489 2797 703 2838; x_wconf 62' lang='grc' dir='ltr'>καταφεύγειν</span> <span class='ocrx_word' id='word_1_360' title='bbox 731 2797 775 2829; x_wconf 71' lang='grc' dir='ltr'><strong>εἰς</strong></span> <span class='ocrx_word' id='word_1_361' title='bbox 800 2797 859 2829; x_wconf 71' lang='grc' dir='ltr'><strong>τὸν</strong></span> 
     </span>
     <span class='ocr_line' id='line_1_58' title="bbox 109 2841 631 2883; baseline -0.004 -9"><span class='ocrx_word' id='word_1_362' title='bbox 109 2843 230 2880; x_wconf 66' lang='grc' dir='ltr'><strong><em>ἐστίν,</em></strong></span> <span class='ocrx_word' id='word_1_363' title='bbox 248 2841 387 2883; x_wconf 81' lang='lat' dir='ltr'><strong>Etymol.</strong></span> <span class='ocrx_word' id='word_1_364' title='bbox 403 2851 567 2882; x_wconf 69' lang='lat' dir='ltr'><strong>magnum.</strong></span> <span class='ocrx_word' id='word_1_365' title='bbox 594 2841 631 2872; x_wconf 89' lang='lat' dir='ltr'><strong>L.</strong></span> 
     </span>
    </p>

    <p class='ocr_par' dir='ltr' id='par_1_18' title="bbox 153 2882 857 2926">
     <span class='ocr_line' id='line_1_59' title="bbox 153 2882 857 2926; baseline -0.003 -10"><span class='ocrx_word' id='word_1_366' title='bbox 153 2887 204 2916; x_wconf 83' lang='lat'><strong>23.</strong></span> <span class='ocrx_word' id='word_1_367' title='bbox 222 2887 327 2926; x_wconf 75' lang='lat' dir='ltr'><strong>Neque</strong></span> <span class='ocrx_word' id='word_1_368' title='bbox 346 2890 532 2925; x_wconf 73' lang='lat' dir='ltr'><strong>precatorem</strong></span> <span class='ocrx_word' id='word_1_369' title='bbox 550 2883 692 2925; x_wconf 67' lang='lat' dir='ltr'><strong>pararis]</strong></span> <span class='ocrx_word' id='word_1_370' title='bbox 710 2882 798 2914; x_wconf 80' lang='lat' dir='ltr'><strong>Alibi</strong></span> <span class='ocrx_word' id='word_1_371' title='bbox 813 2885 857 2914; x_wconf 70' lang='lat' dir='ltr'><strong>ad</strong></span> 
     </span>
    </p>

    <p class='ocr_par' dir='ltr' id='par_1_19' title="bbox 108 2926 856 3014">
     <span class='ocr_line' id='line_1_60' title="bbox 246 2926 856 2968; baseline -0.003 -8"><span class='ocrx_word' id='word_1_372' title='bbox 246 2940 292 2960; x_wconf 70' lang='lat' dir='ltr'><strong>eui</strong></span> <span class='ocrx_word' id='word_1_373' title='bbox 316 2931 431 2959; x_wconf 75' lang='lat' dir='ltr'><strong>abeant.</strong></span> <span class='ocrx_word' id='word_1_374' title='bbox 470 2928 515 2959; x_wconf 81' lang='lat' dir='ltr'><strong>Et</strong></span> <span class='ocrx_word' id='word_1_375' title='bbox 537 2929 660 2968; x_wconf 75' lang='lat' dir='ltr'><strong>precari</strong></span> <span class='ocrx_word' id='word_1_376' title='bbox 683 2926 856 2968; x_wconf 73' lang='lat' dir='ltr'><strong>aliquando</strong></span> 
     </span>
     <span class='ocr_line' id='line_1_61' title="bbox 108 2970 854 3014; baseline 0 -10"><span class='ocrx_word' id='word_1_377' title='bbox 108 2971 205 3009; x_wconf 83' lang='lat' dir='ltr'><strong>idem,</strong></span> <span class='ocrx_word' id='word_1_378' title='bbox 221 2971 307 3014; x_wconf 84' lang='lat' dir='ltr'><strong>quod</strong></span> <span class='ocrx_word' id='word_1_379' title='bbox 319 2973 487 3013; x_wconf 68' lang='lat' dir='ltr'><strong>deprecari,</strong></span> <span class='ocrx_word' id='word_1_380' title='bbox 499 2971 559 3003; x_wconf 86' lang='lat' dir='ltr'><strong>hoc</strong></span> <span class='ocrx_word' id='word_1_381' title='bbox 575 2977 635 3009; x_wconf 84' lang='lat' dir='ltr'><strong>est,</strong></span> <span class='ocrx_word' id='word_1_382' title='bbox 651 2981 671 3003; x_wconf 78' lang='grc' dir='ltr'><strong>ι</strong></span> <span class='ocrx_word' id='word_1_383' title='bbox 685 2980 720 3003; x_wconf 84' lang='lat' dir='ltr'><strong>se</strong></span> <span class='ocrx_word' id='word_1_384' title='bbox 731 2970 854 3004; x_wconf 83' lang='lat' dir='ltr'><strong>crimen</strong></span> 
     </span>
    </p>
   </div>
   <div class='ocr_carea' id='block_1_14' title="bbox 895 1066 1647 2883">
    <p class='ocr_par' dir='ltr' id='par_1_20' title="bbox 895 1066 1647 1672">
     <span class='ocr_line' id='line_1_62' title="bbox 898 1066 1645 1108; baseline 0.008 -11"><span class='ocrx_word' id='word_1_385' title='bbox 898 1066 940 1098; x_wconf 92' lang='lat' dir='ltr'><strong>de</strong></span> <span class='ocrx_word' id='word_1_386' title='bbox 982 1066 1071 1098; x_wconf 88' lang='lat' dir='ltr'><strong>llere.</strong></span> <span class='ocrx_word' id='word_1_387' title='bbox 1097 1067 1187 1098; x_wconf 84' lang='lat' dir='ltr'><strong>Hinc</strong></span> <span class='ocrx_word' id='word_1_388' title='bbox 1203 1069 1385 1108; x_wconf 79' lang='lat' dir='ltr'><strong>deprecatio.</strong></span> <span class='ocrx_word' id='word_1_389' title='bbox 1416 1071 1510 1101; x_wconf 73' lang='lat' dir='ltr'><strong>Nihil</strong></span> <span class='ocrx_word' id='word_1_390' title='bbox 1522 1081 1645 1103; x_wconf 69' lang='lat' dir='ltr'><strong>smen-</strong></span> 
     </span>
     <span class='ocr_line' id='line_1_63' title="bbox 897 1110 1646 1153; baseline 0.005 -11"><span class='ocrx_word' id='word_1_391' title='bbox 897 1121 947 1142; x_wconf 74' lang='lat' dir='ltr'><strong>seo</strong></span> <span class='ocrx_word' id='word_1_392' title='bbox 988 1112 1168 1142; x_wconf 68' lang='lat' dir='ltr'><strong>Sue-censere</strong></span> <span class='ocrx_word' id='word_1_393' title='bbox 1182 1110 1211 1142; x_wconf 89' lang='lat' dir='ltr'><strong>is</strong></span> <span class='ocrx_word' id='word_1_394' title='bbox 1226 1111 1357 1148; x_wconf 86' lang='lat' dir='ltr'><strong>dicitur,</strong></span> <span class='ocrx_word' id='word_1_395' title='bbox 1377 1112 1430 1153; x_wconf 89' lang='lat' dir='ltr'><strong>qui</strong></span> <span class='ocrx_word' id='word_1_396' title='bbox 1448 1123 1521 1144; x_wconf 91' lang='lat' dir='ltr'><strong>cum</strong></span> <span class='ocrx_word' id='word_1_397' title='bbox 1537 1124 1646 1146; x_wconf 84' lang='lat' dir='ltr'><strong>amare</strong></span> 
     </span>
     <span class='ocr_line' id='line_1_64' title="bbox 898 1154 1644 1197; baseline 0.005 -12"><span class='ocrx_word' id='word_1_398' title='bbox 898 1154 1024 1192; x_wconf 84' lang='lat' dir='ltr'><strong>debeat,</strong></span> <span class='ocrx_word' id='word_1_399' title='bbox 1041 1154 1137 1185; x_wconf 85' lang='lat' dir='ltr'><strong>laesus</strong></span> <span class='ocrx_word' id='word_1_400' title='bbox 1151 1154 1312 1186; x_wconf 80' lang='lat' dir='ltr'><strong>irascitur.</strong></span> <span class='ocrx_word' id='word_1_401' title='bbox 1341 1156 1378 1187; x_wconf 88' lang='lat' dir='ltr'><strong>C.</strong></span> <span class='ocrx_word' id='word_1_402' title='bbox 1380 1158 1461 1187; x_wconf 86' lang='grc' dir='ltr'><strong>-Ν</strong></span> <span class='ocrx_word' id='word_1_403' title='bbox 1458 1167 1492 1187; x_wconf 89' lang='lat' dir='ltr'><strong>ec</strong></span> <span class='ocrx_word' id='word_1_404' title='bbox 1502 1164 1644 1197; x_wconf 78' lang='lat' dir='ltr'><strong>precato-</strong></span> 
     </span>
     <span class='ocr_line' id='line_1_65' title="bbox 897 1197 1644 1239; baseline 0.005 -11"><span class='ocrx_word' id='word_1_405' title='bbox 897 1209 961 1228; x_wconf 81' lang='lat' dir='ltr'><strong>rem</strong></span> <span class='ocrx_word' id='word_1_406' title='bbox 972 1197 1113 1238; x_wconf 75' lang='lat' dir='ltr'><strong>pararis]</strong></span> <span class='ocrx_word' id='word_1_407' title='bbox 1138 1198 1201 1235; x_wconf 91' lang='lat' dir='ltr'><strong>Ne,</strong></span> <span class='ocrx_word' id='word_1_408' title='bbox 1213 1197 1328 1239; x_wconf 83' lang='lat' dir='ltr'><strong>inquit,</strong></span> <span class='ocrx_word' id='word_1_409' title='bbox 1338 1205 1375 1230; x_wconf 90' lang='lat' dir='ltr'><strong>ut</strong></span> <span class='ocrx_word' id='word_1_410' title='bbox 1389 1199 1536 1231; x_wconf 80' lang='lat' dir='ltr'><strong>adsolent</strong></span> <span class='ocrx_word' id='word_1_411' title='bbox 1548 1200 1644 1239; x_wconf 86' lang='lat' dir='ltr'><strong>servi,</strong></span> 
     </span>
     <span class='ocr_line' id='line_1_66' title="bbox 897 1240 1645 1286; baseline 0.007 -15"><span class='ocrx_word' id='word_1_412' title='bbox 897 1240 979 1272; x_wconf 87' lang='lat' dir='ltr'><strong>velis</strong></span> <span class='ocrx_word' id='word_1_413' title='bbox 994 1247 1028 1272; x_wconf 86' lang='lat' dir='ltr'><strong>et</strong></span> <span class='ocrx_word' id='word_1_414' title='bbox 1048 1247 1085 1272; x_wconf 84' lang='lat' dir='ltr'><strong>tu</strong></span> <span class='ocrx_word' id='word_1_415' title='bbox 1098 1241 1218 1272; x_wconf 89' lang='lat' dir='ltr'><strong>habere</strong></span> <span class='ocrx_word' id='word_1_416' title='bbox 1232 1249 1445 1283; x_wconf 79' lang='lat' dir='ltr'><strong>precatorem,</strong></span> <span class='ocrx_word' id='word_1_417' title='bbox 1461 1243 1516 1284; x_wconf 85' lang='lat' dir='ltr'><strong>qui</strong></span> <span class='ocrx_word' id='word_1_418' title='bbox 1531 1255 1592 1286; x_wconf 91' lang='lat' dir='ltr'><strong>pro</strong></span> <span class='ocrx_word' id='word_1_419' title='bbox 1613 1251 1645 1276; x_wconf 82' lang='lat' dir='ltr'><strong>te</strong></span> 
     </span>
     <span class='ocr_line' id='line_1_67' title="bbox 897 1284 1646 1325; baseline 0.007 -11"><span class='ocrx_word' id='word_1_420' title='bbox 897 1290 998 1325; x_wconf 80' lang='lat' dir='ltr'><strong>roget.</strong></span> <span class='ocrx_word' id='word_1_421' title='bbox 1023 1284 1125 1315; x_wconf 82' lang='lat' dir='ltr'><strong>Vobis</strong></span> <span class='ocrx_word' id='word_1_422' title='bbox 1136 1284 1223 1315; x_wconf 90' lang='lat' dir='ltr'><strong>enim</strong></span> <span class='ocrx_word' id='word_1_423' title='bbox 1237 1295 1302 1316; x_wconf 90' lang='lat' dir='ltr'><strong>non</strong></span> <span class='ocrx_word' id='word_1_424' title='bbox 1318 1284 1447 1323; x_wconf 81' lang='lat' dir='ltr'><strong>irascor,</strong></span> <span class='ocrx_word' id='word_1_425' title='bbox 1457 1297 1532 1318; x_wconf 89' lang='lat' dir='ltr'><strong>cum</strong></span> <span class='ocrx_word' id='word_1_426' title='bbox 1542 1287 1646 1319; x_wconf 87' lang='lat' dir='ltr'><strong>multa</strong></span> 
     </span>
     <span class='ocr_line' id='line_1_68' title="bbox 897 1326 1645 1368; baseline 0.007 -10"><span class='ocrx_word' id='word_1_427' title='bbox 897 1326 1057 1358; x_wconf 82' lang='lat' dir='ltr'><strong>feceritis:</strong></span> <span class='ocrx_word' id='word_1_428' title='bbox 1080 1327 1126 1359; x_wconf 83' lang='lat' dir='ltr'><strong>ita</strong></span> <span class='ocrx_word' id='word_1_429' title='bbox 1145 1337 1273 1368; x_wconf 80' lang='lat' dir='ltr'><strong>aequum</strong></span> <span class='ocrx_word' id='word_1_430' title='bbox 1295 1335 1346 1359; x_wconf 85' lang='lat' dir='ltr'><strong>est</strong></span> <span class='ocrx_word' id='word_1_431' title='bbox 1366 1335 1399 1360; x_wconf 91' lang='lat' dir='ltr'><strong>et</strong></span> <span class='ocrx_word' id='word_1_432' title='bbox 1421 1329 1501 1360; x_wconf 85' lang='lat' dir='ltr'><strong>mihi</strong></span> <span class='ocrx_word' id='word_1_433' title='bbox 1523 1340 1581 1362; x_wconf 85' lang='lat' dir='ltr'><strong>vos</strong></span> <span class='ocrx_word' id='word_1_434' title='bbox 1603 1341 1645 1363; x_wconf 91' lang='lat' dir='ltr'><strong>ne</strong></span> 
     </span>
     <span class='ocr_line' id='line_1_69' title="bbox 895 1369 1643 1414; baseline 0.005 -13"><span class='ocrx_word' id='word_1_435' title='bbox 895 1369 1091 1401; x_wconf 84' lang='lat' dir='ltr'><strong>irascamini.</strong></span> <span class='ocrx_word' id='word_1_436' title='bbox 1131 1370 1210 1402; x_wconf 85' lang='lat' dir='ltr'><strong>Post</strong></span> <span class='ocrx_word' id='word_1_437' title='bbox 1239 1371 1439 1403; x_wconf 85' lang='lat' dir='ltr'><strong>iracundiam</strong></span> <span class='ocrx_word' id='word_1_438' title='bbox 1465 1379 1543 1414; x_wconf 75' lang='lat' dir='ltr'><strong>apta</strong></span> <span class='ocrx_word' id='word_1_439' title='bbox 1568 1384 1643 1405; x_wconf 86' lang='lat' dir='ltr'><strong>sen-</strong></span> 
     </span>
     <span class='ocr_line' id='line_1_70' title="bbox 897 1413 1645 1459; baseline 0.005 -15"><span class='ocrx_word' id='word_1_440' title='bbox 897 1413 1000 1444; x_wconf 84' lang='lat' dir='ltr'><strong>tentia</strong></span> <span class='ocrx_word' id='word_1_441' title='bbox 1015 1419 1074 1444; x_wconf 84' lang='lat' dir='ltr'><strong>est.</strong></span> <span class='ocrx_word' id='word_1_442' title='bbox 1102 1413 1255 1445; x_wconf 72' lang='lat' dir='ltr'><strong>E—Nec</strong></span> <span class='ocrx_word' id='word_1_443' title='bbox 1266 1414 1470 1456; x_wconf 72' lang='lat' dir='ltr'><strong>precatorem]</strong></span> <span class='ocrx_word' id='word_1_444' title='bbox 1495 1416 1547 1447; x_wconf 91' lang='lat' dir='ltr'><strong>De</strong></span> <span class='ocrx_word' id='word_1_445' title='bbox 1571 1427 1645 1459; x_wconf 75' lang='lat' dir='ltr'><strong>pre·</strong></span> 
     </span>
     <span class='ocr_line' id='line_1_71' title="bbox 896 1456 1647 1500; baseline 0.007 -13"><span class='ocrx_word' id='word_1_446' title='bbox 896 1463 1004 1488; x_wconf 83' lang='lat' dir='ltr'><strong>catore</strong></span> <span class='ocrx_word' id='word_1_447' title='bbox 1025 1456 1183 1488; x_wconf 79' lang='lat' dir='ltr'><strong>Plautus·</strong></span> <span class='ocrx_word' id='word_1_448' title='bbox 1175 1467 1210 1488; x_wconf 91' lang='lat' dir='ltr'><strong>in</strong></span> <span class='ocrx_word' id='word_1_449' title='bbox 1224 1458 1355 1489; x_wconf 84' lang='lat' dir='ltr'><strong>Asinar-</strong></span> <span class='ocrx_word' id='word_1_450' title='bbox 1367 1458 1401 1489; x_wconf 90' lang='lat' dir='ltr'><strong>ii.</strong></span> <span class='ocrx_word' id='word_1_451' title='bbox 1418 1460 1448 1489; x_wconf 81' lang='lat'><strong>4.</strong></span> <span class='ocrx_word' id='word_1_452' title='bbox 1462 1459 1491 1490; x_wconf 88' lang='grc'><strong>9.</strong></span> <span class='ocrx_word' id='word_1_453' title='bbox 1503 1466 1647 1500; x_wconf 78' lang='lat' dir='ltr'><strong>precator</strong></span> 
     </span>
     <span class='ocr_line' id='line_1_72' title="bbox 896 1501 1646 1543; baseline 0.007 -13"><span class='ocrx_word' id='word_1_454' title='bbox 896 1502 1000 1537; x_wconf 71' lang='lat' dir='ltr'><strong>uniet,</strong></span> <span class='ocrx_word' id='word_1_455' title='bbox 1015 1502 1126 1531; x_wconf 81' lang='lat' dir='ltr'><strong>malam</strong></span> <span class='ocrx_word' id='word_1_456' title='bbox 1146 1512 1208 1531; x_wconf 87' lang='lat' dir='ltr'><strong>rem</strong></span> <span class='ocrx_word' id='word_1_457' title='bbox 1226 1501 1352 1542; x_wconf 63' lang='lat' dir='ltr'><strong>effugies</strong></span> <span class='ocrx_word' id='word_1_458' title='bbox 1366 1513 1526 1543; x_wconf 69' lang='lat' dir='ltr'><strong>nunquam.</strong></span> <span class='ocrx_word' id='word_1_459' title='bbox 1551 1503 1646 1535; x_wconf 86' lang='lat' dir='ltr'><strong>Idem</strong></span> 
     </span>
     <span class='ocr_line' id='line_1_73' title="bbox 896 1543 1644 1586; baseline 0.007 -12"><span class='ocrx_word' id='word_1_460' title='bbox 896 1543 931 1574; x_wconf 91' lang='lat' dir='ltr'><strong>in</strong></span> <span class='ocrx_word' id='word_1_461' title='bbox 948 1543 1045 1585; x_wconf 83' lang='lat' dir='ltr'><strong>Epid.</strong></span> <span class='ocrx_word' id='word_1_462' title='bbox 1061 1554 1091 1575; x_wconf 82' lang='lat' dir='ltr'><strong>v.</strong></span> <span class='ocrx_word' id='word_1_463' title='bbox 1109 1545 1138 1574; x_wconf 82' lang='lat'><strong>2.</strong></span> <span class='ocrx_word' id='word_1_464' title='bbox 1156 1545 1207 1574; x_wconf 89' lang='lat'><strong>21.</strong></span> <span class='ocrx_word' id='word_1_465' title='bbox 1222 1546 1269 1575; x_wconf 74' lang='lat' dir='ltr'><strong>nil</strong></span> <span class='ocrx_word' id='word_1_466' title='bbox 1288 1555 1386 1576; x_wconf 79' lang='lat' dir='ltr'><strong>moror</strong></span> <span class='ocrx_word' id='word_1_467' title='bbox 1409 1547 1485 1576; x_wconf 67' lang='lat' dir='ltr'><strong>nihi·</strong></span> <span class='ocrx_word' id='word_1_468' title='bbox 1501 1552 1644 1586; x_wconf 69' lang='lat' dir='ltr'><strong>precato-</strong></span> 
     </span>
     <span class='ocr_line' id='line_1_74' title="bbox 895 1586 1646 1628; baseline 0.007 -11"><span class='ocrx_word' id='word_1_469' title='bbox 895 1597 968 1617; x_wconf 71' lang='lat' dir='ltr'><strong>rem.</strong></span> <span class='ocrx_word' id='word_1_470' title='bbox 1001 1586 1122 1618; x_wconf 87' lang='lat' dir='ltr'><strong>Paulus</strong></span> <span class='ocrx_word' id='word_1_471' title='bbox 1140 1586 1166 1618; x_wconf 91' lang='lat'><strong>1.</strong></span> <span class='ocrx_word' id='word_1_472' title='bbox 1183 1587 1220 1618; x_wconf 90' lang='lat' dir='ltr'><strong>C.</strong></span> <span class='ocrx_word' id='word_1_473' title='bbox 1237 1587 1273 1618; x_wconf 89' lang='lat' dir='ltr'><strong>in</strong></span> <span class='ocrx_word' id='word_1_474' title='bbox 1294 1587 1349 1619; x_wconf 87' lang='lat' dir='ltr'><strong>lib.</strong></span> <span class='ocrx_word' id='word_1_475' title='bbox 1367 1588 1448 1619; x_wconf 88' lang='lat' dir='ltr'><strong>xliii.</strong></span> <span class='ocrx_word' id='word_1_476' title='bbox 1465 1590 1491 1628; x_wconf 66' lang='lat'><strong>§-</strong></span> <span class='ocrx_word' id='word_1_477' title='bbox 1512 1590 1539 1620; x_wconf 91' lang='lat'><strong>1.</strong></span> <span class='ocrx_word' id='word_1_478' title='bbox 1554 1589 1587 1621; x_wconf 78' lang='lat' dir='ltr'><strong>fl:</strong></span> <span class='ocrx_word' id='word_1_479' title='bbox 1603 1590 1646 1622; x_wconf 82' lang='lat' dir='ltr'><strong>dc</strong></span> 
     </span>
     <span class='ocr_line' id='line_1_75' title="bbox 895 1629 1435 1672; baseline 0.004 -11"><span class='ocrx_word' id='word_1_480' title='bbox 895 1629 1005 1661; x_wconf 81' lang='lat' dir='ltr'><strong>aedilit.</strong></span> <span class='ocrx_word' id='word_1_481' title='bbox 1022 1629 1117 1661; x_wconf 88' lang='lat' dir='ltr'><strong>edict.</strong></span> <span class='ocrx_word' id='word_1_482' title='bbox 1134 1636 1167 1661; x_wconf 88' lang='lat' dir='ltr'><strong>et</strong></span> <span class='ocrx_word' id='word_1_483' title='bbox 1180 1630 1258 1662; x_wconf 88' lang='lat' dir='ltr'><strong>alibi</strong></span> <span class='ocrx_word' id='word_1_484' title='bbox 1272 1641 1368 1672; x_wconf 81' lang='lat' dir='ltr'><strong>saepe.</strong></span> <span class='ocrx_word' id='word_1_485' title='bbox 1397 1632 1435 1663; x_wconf 90' lang='lat' dir='ltr'><strong>L.</strong></span> 
     </span>
    </p>

    <p class='ocr_par' dir='ltr' id='par_1_21' title="bbox 895 1673 1647 1963">
     <span class='ocr_line' id='line_1_76' title="bbox 940 1673 1645 1713; baseline 0.006 -9"><span class='ocrx_word' id='word_1_486' title='bbox 940 1674 992 1704; x_wconf 78' lang='lat'><strong>24.</strong></span> <span class='ocrx_word' id='word_1_487' title='bbox 1019 1673 1134 1704; x_wconf 80' lang='lat' dir='ltr'><strong>Nostri</strong></span> <span class='ocrx_word' id='word_1_488' title='bbox 1158 1674 1289 1711; x_wconf 83' lang='lat' dir='ltr'><strong>habent,</strong></span> <span class='ocrx_word' id='word_1_489' title='bbox 1303 1675 1371 1706; x_wconf 84' lang='lat' dir='ltr'><strong>Nee</strong></span> <span class='ocrx_word' id='word_1_490' title='bbox 1395 1677 1462 1713; x_wconf 76' lang='lat' dir='ltr'><strong>tibi,</strong></span> <span class='ocrx_word' id='word_1_491' title='bbox 1485 1687 1541 1707; x_wconf 76' lang='lat' dir='ltr'><strong>nec</strong></span> <span class='ocrx_word' id='word_1_492' title='bbox 1564 1678 1645 1708; x_wconf 67' lang='lat' dir='ltr'><strong>hnic.</strong></span> 
     </span>
     <span class='ocr_line' id='line_1_77' title="bbox 896 1716 1645 1756; baseline 0.007 -9"><span class='ocrx_word' id='word_1_493' title='bbox 896 1716 961 1747; x_wconf 88' lang='lat' dir='ltr'><strong>Sed</strong></span> <span class='ocrx_word' id='word_1_494' title='bbox 970 1716 1099 1748; x_wconf 86' lang='lat' dir='ltr'><strong>Erasmi</strong></span> <span class='ocrx_word' id='word_1_495' title='bbox 1112 1723 1145 1748; x_wconf 84' lang='lat' dir='ltr'><strong>et</strong></span> <span class='ocrx_word' id='word_1_496' title='bbox 1158 1717 1275 1748; x_wconf 82' lang='lat' dir='ltr'><strong>Faerni</strong></span> <span class='ocrx_word' id='word_1_497' title='bbox 1286 1719 1353 1749; x_wconf 86' lang='lat' dir='ltr'><strong>Nec</strong></span> <span class='ocrx_word' id='word_1_498' title='bbox 1364 1721 1431 1756; x_wconf 75' lang='lat' dir='ltr'><strong>tibi,</strong></span> <span class='ocrx_word' id='word_1_499' title='bbox 1443 1730 1498 1750; x_wconf 79' lang='lat' dir='ltr'><strong>nee</strong></span> <span class='ocrx_word' id='word_1_500' title='bbox 1509 1721 1569 1751; x_wconf 79' lang='lat' dir='ltr'><strong>tibi</strong></span> <span class='ocrx_word' id='word_1_501' title='bbox 1579 1730 1645 1752; x_wconf 89' lang='lat' dir='ltr'><strong>non</strong></span> 
     </span>
     <span class='ocr_line' id='line_1_78' title="bbox 895 1759 1647 1810; baseline 0.004 -19"><span class='ocrx_word' id='word_1_502' title='bbox 895 1759 1024 1792; x_wconf 86' lang='lat' dir='ltr'><strong>videtur</strong></span> <span class='ocrx_word' id='word_1_503' title='bbox 1048 1760 1303 1802; x_wconf 88' lang='lat' dir='ltr'><strong>repudiandum:</strong></span> <span class='ocrx_word' id='word_1_504' title='bbox 1329 1771 1460 1810; x_wconf 88' lang='lat' dir='ltr'><strong>nempe</strong></span> <span class='ocrx_word' id='word_1_505' title='bbox 1490 1762 1583 1794; x_wconf 86' lang='lat' dir='ltr'><strong>vultu</strong></span> <span class='ocrx_word' id='word_1_506' title='bbox 1612 1769 1647 1794; x_wconf 84' lang='lat' dir='ltr'><strong>et</strong></span> 
     </span>
     <span class='ocr_line' id='line_1_79' title="bbox 896 1803 1645 1846; baseline 0.007 -13"><span class='ocrx_word' id='word_1_507' title='bbox 896 1809 979 1834; x_wconf 84' lang='lat' dir='ltr'><strong>nutu</strong></span> <span class='ocrx_word' id='word_1_508' title='bbox 1003 1803 1073 1834; x_wconf 81' lang='lat' dir='ltr'><strong>haec</strong></span> <span class='ocrx_word' id='word_1_509' title='bbox 1095 1810 1255 1844; x_wconf 84' lang='lat' dir='ltr'><strong>aguntur.</strong></span> <span class='ocrx_word' id='word_1_510' title='bbox 1286 1803 1394 1846; x_wconf 85' lang='lat' dir='ltr'><strong>primo</strong></span> <span class='ocrx_word' id='word_1_511' title='bbox 1416 1805 1439 1835; x_wconf 91' lang='lat' dir='ltr'>S</span> <span class='ocrx_word' id='word_1_512' title='bbox 1568 1806 1645 1839; x_wconf 86' lang='lat' dir='ltr'><strong>dein</strong></span> 
     </span>
     <span class='ocr_line' id='line_1_80' title="bbox 899 1845 1646 1889; baseline 0.005 -12"><span class='ocrx_word' id='word_1_513' title='bbox 899 1845 1004 1878; x_wconf 84' lang='lat' dir='ltr'><strong>filium</strong></span> <span class='ocrx_word' id='word_1_514' title='bbox 1018 1846 1181 1882; x_wconf 74' lang='lat' dir='ltr'><strong>intuetur:</strong></span> <span class='ocrx_word' id='word_1_515' title='bbox 1205 1853 1243 1878; x_wconf 84' lang='grc' dir='ltr'><strong>ιιι</strong></span> <span class='ocrx_word' id='word_1_516' title='bbox 1265 1847 1370 1878; x_wconf 80' lang='lat' dir='ltr'><strong>Plaut.</strong></span> <span class='ocrx_word' id='word_1_517' title='bbox 1384 1848 1504 1889; x_wconf 79' lang='lat' dir='ltr'><strong>Capt-</strong></span> <span class='ocrx_word' id='word_1_518' title='bbox 1494 1848 1529 1880; x_wconf 79' lang='lat' dir='ltr'><strong>ii.</strong></span> <span class='ocrx_word' id='word_1_519' title='bbox 1546 1850 1576 1880; x_wconf 80' lang='lat'><strong>3.</strong></span> <span class='ocrx_word' id='word_1_520' title='bbox 1593 1849 1646 1882; x_wconf 87' lang='grc'><strong>87.</strong></span> 
     </span>
     <span class='ocr_line' id='line_1_81' title="bbox 898 1892 1646 1924; baseline 0.005 -4"><span class='ocrx_word' id='word_1_521' title='bbox 898 1892 1646 1924; x_wconf 67' lang='lat' dir='ltr'><strong>elimetmmamreoenianeaese-ten·</strong></span> 
     </span>
     <span class='ocr_line' id='line_1_82' title="bbox 899 1933 1027 1963; baseline 0 0"><span class='ocrx_word' id='word_1_522' title='bbox 899 1934 955 1963; x_wconf 77' lang='lat' dir='ltr'><strong>iia.</strong></span> <span class='ocrx_word' id='word_1_523' title='bbox 989 1933 1027 1963; x_wconf 89' lang='lat' dir='ltr'><strong>B.</strong></span> 
     </span>
    </p>

    <p class='ocr_par' dir='ltr' id='par_1_22' title="bbox 898 1974 1646 2136">
     <span class='ocr_line' id='line_1_83' title="bbox 943 1974 1646 2016; baseline 0.007 -10"><span class='ocrx_word' id='word_1_524' title='bbox 943 1976 994 2006; x_wconf 86' lang='lat'><strong>25.</strong></span> <span class='ocrx_word' id='word_1_525' title='bbox 1011 1974 1118 2016; x_wconf 72' lang='lat' dir='ltr'><strong>Abiit]</strong></span> <span class='ocrx_word' id='word_1_526' title='bbox 1140 1976 1215 2011; x_wconf 87' lang='lat' dir='ltr'><strong>Quo</strong></span> <span class='ocrx_word' id='word_1_527' title='bbox 1236 1975 1362 2007; x_wconf 81' lang='lat' dir='ltr'><strong>facilius</strong></span> <span class='ocrx_word' id='word_1_528' title='bbox 1382 1982 1529 2015; x_wconf 78' lang='lat' dir='ltr'><strong>terreret,</strong></span> <span class='ocrx_word' id='word_1_529' title='bbox 1543 1988 1646 2011; x_wconf 81' lang='lat' dir='ltr'><strong>senex</strong></span> 
     </span>
     <span class='ocr_line' id='line_1_84' title="bbox 899 2018 1645 2062; baseline 0.005 -13"><span class='ocrx_word' id='word_1_530' title='bbox 899 2018 1057 2050; x_wconf 81' lang='lat' dir='ltr'><strong>discessit.</strong></span> <span class='ocrx_word' id='word_1_531' title='bbox 1081 2019 1121 2049; x_wconf 83' lang='lat' dir='ltr'><strong>E.</strong></span> <span class='ocrx_word' id='word_1_532' title='bbox 1123 2019 1305 2061; x_wconf 81' lang='lat' dir='ltr'><strong>—Repone</strong></span> <span class='ocrx_word' id='word_1_533' title='bbox 1319 2020 1432 2051; x_wconf 65' lang='lat' dir='ltr'><strong>Abiit?</strong></span> <span class='ocrx_word' id='word_1_534' title='bbox 1446 2031 1569 2062; x_wconf 67' lang='lat' dir='ltr'><strong>rogasse</strong></span> <span class='ocrx_word' id='word_1_535' title='bbox 1582 2024 1645 2053; x_wconf 66' lang='lat' dir='ltr'><strong>veb-</strong></span> 
     </span>
     <span class='ocr_line' id='line_1_85' title="bbox 900 2062 1644 2106; baseline 0.005 -13"><span class='ocrx_word' id='word_1_536' title='bbox 900 2064 966 2093; x_wconf 70' lang='lat' dir='ltr'><strong>len.</strong></span> <span class='ocrx_word' id='word_1_537' title='bbox 999 2062 1059 2093; x_wconf 85' lang='lat' dir='ltr'><strong>Ci..</strong></span> <span class='ocrx_word' id='word_1_538' title='bbox 1079 2063 1172 2099; x_wconf 72' lang='lat' dir='ltr'><strong>Quid,</strong></span> <span class='ocrx_word' id='word_1_539' title='bbox 1188 2064 1292 2103; x_wconf 77' lang='lat' dir='ltr'><strong>Syre?</strong></span> <span class='ocrx_word' id='word_1_540' title='bbox 1317 2062 1376 2093; x_wconf 76' lang='lat' dir='ltr'><strong>Sr.</strong></span> <span class='ocrx_word' id='word_1_541' title='bbox 1398 2064 1644 2106; x_wconf 54' lang='lat' dir='ltr'><strong>Unde-&amp;pste-</strong></span> 
     </span>
     <span class='ocr_line' id='line_1_86' title="bbox 898 2106 1175 2136; baseline 0.004 -1"><span class='ocrx_word' id='word_1_542' title='bbox 898 2116 962 2136; x_wconf 76' lang='lat' dir='ltr'><strong>reni</strong></span> <span class='ocrx_word' id='word_1_543' title='bbox 977 2107 1076 2136; x_wconf 68' lang='lat' dir='ltr'><strong>cibun</strong></span> <span class='ocrx_word' id='word_1_544' title='bbox 1088 2108 1105 2136; x_wconf 65' lang='grc' dir='ltr'><strong><em>Ρ</em></strong></span> <span class='ocrx_word' id='word_1_545' title='bbox 1138 2106 1175 2136; x_wconf 82' lang='lat' dir='ltr'><strong>B.</strong></span> 
     </span>
    </p>

    <p class='ocr_par' dir='ltr' id='par_1_23' title="bbox 895 2148 1646 2315">
     <span class='ocr_line' id='line_1_87' title="bbox 944 2148 1646 2190; baseline 0.006 -11"><span class='ocrx_word' id='word_1_546' title='bbox 944 2148 996 2180; x_wconf 84' lang='lat'><strong>26.</strong></span> <span class='ocrx_word' id='word_1_547' title='bbox 1022 2149 1093 2179; x_wconf 75' lang='lat' dir='ltr'><strong>Tibi</strong></span> <span class='ocrx_word' id='word_1_548' title='bbox 1107 2148 1177 2189; x_wconf 68' lang='lat' dir='ltr'><strong>jam</strong></span> <span class='ocrx_word' id='word_1_549' title='bbox 1201 2159 1264 2180; x_wconf 73' lang='lat' dir='ltr'><strong>esse</strong></span> <span class='ocrx_word' id='word_1_550' title='bbox 1286 2150 1330 2180; x_wconf 81' lang='lat' dir='ltr'><strong>od</strong></span> <span class='ocrx_word' id='word_1_551' title='bbox 1349 2148 1495 2190; x_wconf 68' lang='lat' dir='ltr'><strong>men]</strong></span> <span class='ocrx_word' id='word_1_552' title='bbox 1520 2150 1585 2182; x_wconf 72' lang='lat' dir='ltr'><strong>Ms-</strong></span> <span class='ocrx_word' id='word_1_553' title='bbox 1602 2151 1646 2183; x_wconf 84' lang='lat' dir='ltr'><strong>R.</strong></span> 
     </span>
     <span class='ocr_line' id='line_1_88' title="bbox 897 2191 1646 2232; baseline 0.003 -9"><span class='ocrx_word' id='word_1_554' title='bbox 897 2193 948 2223; x_wconf 82' lang='lat' dir='ltr'><strong>lta</strong></span> <span class='ocrx_word' id='word_1_555' title='bbox 967 2191 1488 2232; x_wconf 63' lang='lat' dir='ltr'><strong>nosalienaviesibi2janisaead</strong></span> <span class='ocrx_word' id='word_1_556' title='bbox 1506 2205 1646 2232; x_wconf 71' lang='lat' dir='ltr'><strong>mm,</strong></span> 
     </span>
     <span class='ocr_line' id='line_1_89' title="bbox 896 2235 1646 2269; baseline 0.004 -3"><span class='ocrx_word' id='word_1_557' title='bbox 896 2241 953 2266; x_wconf 71' lang='lat' dir='ltr'><strong>etc.</strong></span> <span class='ocrx_word' id='word_1_558' title='bbox 987 2235 1193 2266; x_wconf 79' lang='lat' dir='ltr'><strong>L--Omnes</strong></span> <span class='ocrx_word' id='word_1_559' title='bbox 1208 2235 1275 2266; x_wconf 85' lang='lat' dir='ltr'><strong>fere</strong></span> <span class='ocrx_word' id='word_1_560' title='bbox 1297 2235 1400 2266; x_wconf 82' lang='lat' dir='ltr'><strong>nostri</strong></span> <span class='ocrx_word' id='word_1_561' title='bbox 1421 2235 1543 2269; x_wconf 85' lang='lat' dir='ltr'><strong>habent</strong></span> <span class='ocrx_word' id='word_1_562' title='bbox 1557 2246 1646 2269; x_wconf 80' lang='lat' dir='ltr'><strong>recte</strong></span> 
     </span>
     <span class='ocr_line' id='line_1_90' title="bbox 895 2277 1453 2315; baseline 0 -6"><span class='ocrx_word' id='word_1_563' title='bbox 895 2280 1092 2315; x_wconf 73' lang='lat' dir='ltr'><strong>abalienavit,</strong></span> <span class='ocrx_word' id='word_1_564' title='bbox 1107 2285 1145 2309; x_wconf 89' lang='lat' dir='ltr'><strong>ut</strong></span> <span class='ocrx_word' id='word_1_565' title='bbox 1159 2277 1225 2309; x_wconf 84' lang='lat' dir='ltr'><strong>sint</strong></span> <span class='ocrx_word' id='word_1_566' title='bbox 1239 2277 1379 2309; x_wconf 86' lang='lat' dir='ltr'><strong>iambici.</strong></span> <span class='ocrx_word' id='word_1_567' title='bbox 1414 2279 1453 2310; x_wconf 90' lang='lat' dir='ltr'><strong>B.</strong></span> 
     </span>
    </p>

    <p class='ocr_par' dir='ltr' id='par_1_24' title="bbox 896 2320 1646 2883">
     <span class='ocr_line' id='line_1_91' title="bbox 940 2320 1646 2362; baseline 0.004 -10"><span class='ocrx_word' id='word_1_568' title='bbox 940 2322 992 2355; x_wconf 88' lang='lat'><strong>27.</strong></span> <span class='ocrx_word' id='word_1_569' title='bbox 1012 2323 1054 2353; x_wconf 74' lang='lat' dir='ltr'><strong>Ue</strong></span> <span class='ocrx_word' id='word_1_570' title='bbox 1076 2324 1246 2362; x_wconf 68' lang='lat' dir='ltr'><strong>peric-Iuni</strong></span> <span class='ocrx_word' id='word_1_571' title='bbox 1270 2323 1363 2353; x_wconf 68' lang='lat' dir='ltr'><strong>etiam</strong></span> <span class='ocrx_word' id='word_1_572' title='bbox 1377 2320 1465 2362; x_wconf 64' lang='lat' dir='ltr'><strong>sane</strong></span> <span class='ocrx_word' id='word_1_573' title='bbox 1487 2324 1564 2354; x_wconf 61' lang='lat' dir='ltr'><strong>milei</strong></span> <span class='ocrx_word' id='word_1_574' title='bbox 1587 2329 1646 2362; x_wconf 69' lang='lat' dir='ltr'><strong>eat,</strong></span> 
     </span>
     <span class='ocr_line' id='line_1_92' title="bbox 897 2364 1645 2406; baseline 0.004 -10"><span class='ocrx_word' id='word_1_575' title='bbox 897 2367 973 2406; x_wconf 81' lang='lat' dir='ltr'><strong>Syre</strong></span> <span class='ocrx_word' id='word_1_576' title='bbox 983 2364 1017 2406; x_wconf 85' lang='lat'><strong>?]</strong></span> <span class='ocrx_word' id='word_1_577' title='bbox 1042 2365 1138 2400; x_wconf 88' lang='lat' dir='ltr'><strong>Quod</strong></span> <span class='ocrx_word' id='word_1_578' title='bbox 1154 2371 1203 2396; x_wconf 88' lang='lat' dir='ltr'><strong>est</strong></span> <span class='ocrx_word' id='word_1_579' title='bbox 1225 2372 1407 2396; x_wconf 87' lang='lat' dir='ltr'><strong>extremum</strong></span> <span class='ocrx_word' id='word_1_580' title='bbox 1430 2365 1645 2399; x_wconf 76' lang='lat' dir='ltr'><strong>miseriarum.</strong></span> 
     </span>
     <span class='ocr_line' id='line_1_93' title="bbox 897 2407 1645 2450; baseline 0.004 -11"><span class='ocrx_word' id='word_1_581' title='bbox 897 2408 1009 2440; x_wconf 87' lang='lat' dir='ltr'><strong>Etiam</strong></span> <span class='ocrx_word' id='word_1_582' title='bbox 1022 2407 1111 2448; x_wconf 73' lang='lat' dir='ltr'><strong>sanie</strong></span> <span class='ocrx_word' id='word_1_583' title='bbox 1126 2407 1230 2449; x_wconf 73' lang='lat' dir='ltr'><strong>senes</strong></span> <span class='ocrx_word' id='word_1_584' title='bbox 1251 2408 1338 2450; x_wconf 78' lang='lat' dir='ltr'><strong>apud</strong></span> <span class='ocrx_word' id='word_1_585' title='bbox 1353 2408 1595 2449; x_wconf 64' lang='lat' dir='ltr'><strong>antiquissimos</strong></span> <span class='ocrx_word' id='word_1_586' title='bbox 1609 2410 1645 2442; x_wconf 88' lang='lat' dir='ltr'><strong>iii</strong></span> 
     </span>
     <span class='ocr_line' id='line_1_94' title="bbox 896 2451 1646 2493; baseline 0.003 -10"><span class='ocrx_word' id='word_1_587' title='bbox 896 2452 1010 2493; x_wconf 73' lang='lat' dir='ltr'><strong>quinta</strong></span> <span class='ocrx_word' id='word_1_588' title='bbox 1032 2451 1248 2483; x_wconf 80' lang='lat' dir='ltr'><strong>declinatione</strong></span> <span class='ocrx_word' id='word_1_589' title='bbox 1268 2451 1436 2483; x_wconf 90' lang='lat' dir='ltr'><strong>nominum</strong></span> <span class='ocrx_word' id='word_1_590' title='bbox 1451 2452 1646 2492; x_wconf 71' lang='lat' dir='ltr'><strong>variabatur,</strong></span> 
     </span>
     <span class='ocr_line' id='line_1_95' title="bbox 896 2494 1646 2538; baseline 0.004 -12"><span class='ocrx_word' id='word_1_591' title='bbox 896 2505 938 2526; x_wconf 86' lang='lat' dir='ltr'><strong>ex</strong></span> <span class='ocrx_word' id='word_1_592' title='bbox 953 2505 1016 2535; x_wconf 91' lang='lat' dir='ltr'><strong>quo</strong></span> <span class='ocrx_word' id='word_1_593' title='bbox 1030 2501 1139 2536; x_wconf 79' lang='lat' dir='ltr'><strong>potest</strong></span> <span class='ocrx_word' id='word_1_594' title='bbox 1160 2505 1231 2526; x_wconf 84' lang='lat' dir='ltr'><strong>esse</strong></span> <span class='ocrx_word' id='word_1_595' title='bbox 1250 2494 1414 2535; x_wconf 84' lang='lat' dir='ltr'><strong>genitivus</strong></span> <span class='ocrx_word' id='word_1_596' title='bbox 1433 2505 1546 2527; x_wconf 64' lang='lat' dir='ltr'><strong>castis:</strong></span> <span class='ocrx_word' id='word_1_597' title='bbox 1569 2496 1646 2538; x_wconf 73' lang='lat' dir='ltr'><strong>quia</strong></span> 
     </span>
     <span class='ocr_line' id='line_1_96' title="bbox 896 2537 1646 2579; baseline -0.003 -9"><span class='ocrx_word' id='word_1_598' title='bbox 896 2538 933 2570; x_wconf 91' lang='lat' dir='ltr'><strong>C.</strong></span> <span class='ocrx_word' id='word_1_599' title='bbox 951 2539 1060 2569; x_wconf 76' lang='lat' dir='ltr'><strong>Caesar</strong></span> <span class='ocrx_word' id='word_1_600' title='bbox 1081 2538 1116 2569; x_wconf 87' lang='lat' dir='ltr'><strong>in</strong></span> <span class='ocrx_word' id='word_1_601' title='bbox 1138 2537 1222 2569; x_wconf 90' lang='lat' dir='ltr'><strong>libro</strong></span> <span class='ocrx_word' id='word_1_602' title='bbox 1243 2538 1284 2568; x_wconf 92' lang='lat' dir='ltr'><strong>de</strong></span> <span class='ocrx_word' id='word_1_603' title='bbox 1298 2537 1469 2579; x_wconf 69' lang='lat' dir='ltr'><strong>Analogia,</strong></span> <span class='ocrx_word' id='word_1_604' title='bbox 1489 2538 1581 2579; x_wconf 65' lang='lat' dir='ltr'><strong>huju</strong></span> <span class='ocrx_word' id='word_1_605' title='bbox 1594 2542 1646 2572; x_wconf 69' lang='lat' dir='ltr'><strong>dia</strong></span> 
     </span>
     <span class='ocr_line' id='line_1_97' title="bbox 897 2581 1646 2622; baseline 0.004 -10"><span class='ocrx_word' id='word_1_606' title='bbox 897 2589 931 2613; x_wconf 91' lang='lat' dir='ltr'><strong>et</strong></span> <span class='ocrx_word' id='word_1_607' title='bbox 944 2581 1035 2622; x_wconf 70' lang='lat' dir='ltr'><strong>hujus</strong></span> <span class='ocrx_word' id='word_1_608' title='bbox 1049 2583 1147 2621; x_wconf 74' lang='lat' dir='ltr'><strong>speeie</strong></span> <span class='ocrx_word' id='word_1_609' title='bbox 1161 2581 1334 2612; x_wconf 86' lang='lat' dir='ltr'><strong>dicendum</strong></span> <span class='ocrx_word' id='word_1_610' title='bbox 1346 2587 1450 2622; x_wconf 80' lang='lat' dir='ltr'><strong>putat.</strong></span> <span class='ocrx_word' id='word_1_611' title='bbox 1473 2581 1646 2615; x_wconf 77' lang='lat' dir='ltr'><strong>Sallustius</strong></span> 
     </span>
     <span class='ocr_line' id='line_1_98' title="bbox 898 2624 1645 2666; baseline 0.003 -10"><span class='ocrx_word' id='word_1_612' title='bbox 898 2625 933 2656; x_wconf 88' lang='lat' dir='ltr'><strong>iii</strong></span> <span class='ocrx_word' id='word_1_613' title='bbox 948 2625 1121 2666; x_wconf 79' lang='lat' dir='ltr'><strong>Jugurtha,</strong></span> <span class='ocrx_word' id='word_1_614' title='bbox 1137 2635 1206 2665; x_wconf 84' lang='lat' dir='ltr'><strong>cap.</strong></span> <span class='ocrx_word' id='word_1_615' title='bbox 1218 2624 1269 2657; x_wconf 87' lang='grc'><strong>97.</strong></span> <span class='ocrx_word' id='word_1_616' title='bbox 1290 2625 1351 2655; x_wconf 68' lang='lat' dir='ltr'><strong>Via·</strong></span> <span class='ocrx_word' id='word_1_617' title='bbox 1364 2626 1645 2665; x_wconf 60' lang='lat' dir='ltr'><strong>decii-aparte&amp;</strong></span> 
     </span>
     <span class='ocr_line' id='line_1_99' title="bbox 897 2666 1644 2709; baseline 0.003 -10"><span class='ocrx_word' id='word_1_618' title='bbox 897 2670 1027 2709; x_wconf 70' lang='lat' dir='ltr'><strong>reliqua.</strong></span> <span class='ocrx_word' id='word_1_619' title='bbox 1065 2667 1128 2699; x_wconf 84' lang='lat' dir='ltr'><strong>Vel</strong></span> <span class='ocrx_word' id='word_1_620' title='bbox 1143 2667 1171 2698; x_wconf 88' lang='lat' dir='ltr'><strong>si</strong></span> <span class='ocrx_word' id='word_1_621' title='bbox 1187 2666 1346 2708; x_wconf 82' lang='lat' dir='ltr'><strong>septimus</strong></span> <span class='ocrx_word' id='word_1_622' title='bbox 1359 2677 1463 2699; x_wconf 75' lang='lat' dir='ltr'><strong>cesus.</strong></span> <span class='ocrx_word' id='word_1_623' title='bbox 1491 2668 1644 2701; x_wconf 70' lang='lat' dir='ltr'><strong>c.-Ad-</strong></span> 
     </span>
     <span class='ocr_line' id='line_1_100' title="bbox 897 2710 1644 2752; baseline 0.003 -9"><span class='ocrx_word' id='word_1_624' title='bbox 897 2723 968 2743; x_wconf 76' lang='lat' dir='ltr'><strong>eone</strong></span> <span class='ocrx_word' id='word_1_625' title='bbox 992 2710 1071 2751; x_wconf 71' lang='lat' dir='ltr'><strong>ren]</strong></span> <span class='ocrx_word' id='word_1_626' title='bbox 1095 2710 1264 2752; x_wconf 85' lang='lat' dir='ltr'><strong>Optimum</strong></span> <span class='ocrx_word' id='word_1_627' title='bbox 1280 2710 1430 2751; x_wconf 85' lang='lat' dir='ltr'><strong>equidem</strong></span> <span class='ocrx_word' id='word_1_628' title='bbox 1449 2721 1580 2744; x_wconf 71' lang='lat' dir='ltr'><strong>sensum</strong></span> <span class='ocrx_word' id='word_1_629' title='bbox 1601 2723 1644 2745; x_wconf 87' lang='lat' dir='ltr'><strong>ex</strong></span> 
     </span>
     <span class='ocr_line' id='line_1_101' title="bbox 898 2753 1644 2788; baseline 0.004 -3"><span class='ocrx_word' id='word_1_630' title='bbox 898 2754 1092 2785; x_wconf 79' lang='lat' dir='ltr'><strong>necessitate</strong></span> <span class='ocrx_word' id='word_1_631' title='bbox 1103 2753 1275 2784; x_wconf 85' lang='lat' dir='ltr'><strong>collectum</strong></span> <span class='ocrx_word' id='word_1_632' title='bbox 1285 2753 1321 2784; x_wconf 88' lang='lat' dir='ltr'><strong>in</strong></span> <span class='ocrx_word' id='word_1_633' title='bbox 1332 2753 1443 2786; x_wconf 86' lang='lat' dir='ltr'><strong>dolore</strong></span> <span class='ocrx_word' id='word_1_634' title='bbox 1456 2754 1644 2788; x_wconf 69' lang='lat' dir='ltr'><strong>adolescens</strong></span> 
     </span>
     <span class='ocr_line' id='line_1_102' title="bbox 900 2796 1643 2839; baseline 0.003 -9"><span class='ocrx_word' id='word_1_635' title='bbox 900 2797 1086 2830; x_wconf 78' lang='lat' dir='ltr'><strong>collocavit:</strong></span> <span class='ocrx_word' id='word_1_636' title='bbox 1110 2796 1231 2838; x_wconf 83' lang='lat' dir='ltr'><strong>quippe</strong></span> <span class='ocrx_word' id='word_1_637' title='bbox 1253 2806 1328 2828; x_wconf 84' lang='lat' dir='ltr'><strong>cum</strong></span> <span class='ocrx_word' id='word_1_638' title='bbox 1352 2803 1550 2839; x_wconf 72' lang='lat' dir='ltr'><strong>postremum</strong></span> <span class='ocrx_word' id='word_1_639' title='bbox 1572 2809 1643 2832; x_wconf 85' lang='lat' dir='ltr'><strong>oin-</strong></span> 
     </span>
     <span class='ocr_line' id='line_1_103' title="bbox 901 2839 1643 2883; baseline 0.006 -12"><span class='ocrx_word' id='word_1_640' title='bbox 901 2840 991 2872; x_wconf 86' lang='lat' dir='ltr'><strong>nium</strong></span> <span class='ocrx_word' id='word_1_641' title='bbox 1007 2839 1071 2871; x_wconf 77' lang='lat' dir='ltr'><strong>mal</strong></span> <span class='ocrx_word' id='word_1_642' title='bbox 1072 2849 1165 2870; x_wconf 85' lang='lat' dir='ltr'><strong>orum</strong></span> <span class='ocrx_word' id='word_1_643' title='bbox 1180 2839 1281 2871; x_wconf 67' lang='lat' dir='ltr'><strong>fimes</strong></span> <span class='ocrx_word' id='word_1_644' title='bbox 1295 2839 1349 2871; x_wconf 77' lang='lat' dir='ltr'><strong>sit.</strong></span> <span class='ocrx_word' id='word_1_645' title='bbox 1384 2840 1534 2883; x_wconf 79' lang='lat' dir='ltr'><strong>Denique</strong></span> <span class='ocrx_word' id='word_1_646' title='bbox 1549 2842 1643 2883; x_wconf 75' lang='lat' dir='ltr'><strong>(Ete-</strong></span> 
     </span>
    </p>
   </div>
   <div class='ocr_carea' id='block_1_15' title="bbox 896 2881 1643 2933">
    <p class='ocr_par' dir='ltr' id='par_1_25' title="bbox 896 2881 1643 2933">
     <span class='ocr_line' id='line_1_104' title="bbox 896 2881 1643 2933; baseline 0.007 -11"><span class='ocrx_word' id='word_1_647' title='bbox 896 2883 1031 2923; x_wconf 61' lang='grc' dir='ltr'><strong>ΜΖ)</strong></span> <span class='ocrx_word' id='word_1_648' title='bbox 1061 2881 1643 2933; x_wconf 52' lang='lat' dir='ltr'><strong>omme-{summaria</strong></span> 
     </span>
    </p>
   </div>
   <div class='ocr_carea' id='block_1_16' title="bbox 893 2925 1643 3020">
    <p class='ocr_par' dir='ltr' id='par_1_26' title="bbox 893 2925 1643 3013">
     <span class='ocr_line' id='line_1_105' title="bbox 893 2925 1643 2970; baseline 0.008 -14"><span class='ocrx_word' id='word_1_649' title='bbox 893 2928 1033 2967; x_wconf 76' lang='lat' dir='ltr'><strong>per-icida</strong></span> <span class='ocrx_word' id='word_1_650' title='bbox 1056 2928 1143 2958; x_wconf 69' lang='lat' dir='ltr'><strong>vito?</strong></span> <span class='ocrx_word' id='word_1_651' title='bbox 1179 2925 1256 2958; x_wconf 85' lang='lat' dir='ltr'><strong>AEn.</strong></span> <span class='ocrx_word' id='word_1_652' title='bbox 1280 2926 1327 2958; x_wconf 85' lang='lat' dir='ltr'><strong>iii.</strong></span> <span class='ocrx_word' id='word_1_653' title='bbox 1354 2927 1428 2961; x_wconf 94' lang='grc'><strong>867.</strong></span> <span class='ocrx_word' id='word_1_654' title='bbox 1468 2928 1643 2970; x_wconf 70' lang='lat' dir='ltr'><strong>R—Lege</strong></span> 
     </span>
     <span class='ocr_line' id='line_1_106' title="bbox 895 2969 1642 3020; baseline 0.001 -17"><span class='ocrx_word' id='word_1_655' title='bbox 895 2971 1062 3010; x_wconf 67' lang='lat' dir='ltr'><strong>perieulum</strong></span> <span class='ocrx_word' id='word_1_656' title='bbox 1091 2972 1183 3002; x_wconf 74' lang='lat' dir='ltr'><strong>elien</strong></span> <span class='ocrx_word' id='word_1_657' title='bbox 1217 2982 1238 3002; x_wconf 75' lang='lat' dir='ltr'><em>a</em></span> <span class='ocrx_word' id='word_1_658' title='bbox 1262 2969 1373 3012; x_wconf 60' lang='grc' dir='ltr'>,ἴα-ιε,-</span> <span class='ocrx_word' id='word_1_659' title='bbox 1406 2978 1462 3004; x_wconf 77' lang='lat' dir='ltr'><strong>aut</strong></span> <span class='ocrx_word' id='word_1_660' title='bbox 1493 2975 1642 3020; x_wconf 69' lang='lat' dir='ltr'><strong>periei-ni</strong></span> 
     </span>
    </p>
   </div>
  </div>
 </body>
</html>
