1852 3216
306 501 739 580 PUBLII
797 502 1431 580 TERENTII

604 697 1136 762 PHORMIO.

111 967 222 996 ACTA
241 967 368 995 LUDIS
390 965 602 1003 ROMANIS,
618 965 658 993 L.
675 965 927 993 POSTHUMIO
944 965 1124 1001 ALBINO,
1142 965 1182 993 L.
1199 965 1424 993 CORNELIO
1442 965 1627 994 MERULA

166 1036 343 1064 AEDILIB.
362 1034 568 1063 CURULIB.
590 1034 738 1062 EGERE
754 1034 792 1061 L.
816 1033 1026 1061 AMBIVIUS
1051 1033 1230 1070 TURPIO,
1252 1033 1292 1062 L.
1314 1034 1488 1062 ATILIUS
1511 1034 1628 1062 PRAE-

168 1103 398 1132 NESTINUS.
444 1102 590 1130 MODOS
620 1101 747 1129 FECIT
779 1101 968 1128 FLACCUS
1002 1100 1179 1138 CLAUDI,
1209 1101 1342 1128 TIBIIS
1374 1101 1625 1130 INPARIBUS.

166 1172 283 1200 TOTA
314 1170 471 1198 GRAECA
500 1169 794 1198 APOLLODORU
828 1169 1212 1197 EPIDICAZOMENOS
1245 1169 1385 1198 FACTA
1418 1170 1510 1198 EST.
1542 1170 1625 1198 1111.

166 1241 205 1268 C.
229 1240 414 1276 FANNIO,
437 1239 484 1267 Μ.
506 1239 700 1266 VALERIO
721 1238 832 1266 COSS.

636 1369 1109 1418 PROLOGUS.

226 1466 471 1511 POSTQUAM
491 1471 620 1521 poeta
639 1471 761 1506 vetus
780 1471 950 1520 poetam
969 1471 1217 1521 nonqpotest

224 1531 466 1574 Retrahere
488 1546 513 1572 a
534 1530 690 1581 studio,
713 1538 756 1572 et
776 1530 998 1572 transdere
1018 1529 1228 1572 hominem
1247 1531 1291 1572 in
1311 1531 1465 1573 otium:

156 1623 183 1654 l.
207 1623 368 1663 Postquam
381 1626 469 1661 poeta
483 1625 567 1652 vetus
579 1627 695 1660 poetam
710 1631 766 1650 non
780 1624 847 1659 pot-

109 1665 171 1706 est]
200 1665 271 1696 Hoc
288 1665 415 1695 initium
431 1674 450 1695 a
464 1663 680 1695 destructione
704 1673 849 1704 personae

111 1708 284 1740 adversarii
306 1709 452 1743 sumitur,
475 1708 681 1747 conjunctum
703 1716 775 1737 cum
798 1706 847 1736 in-

111 1752 292 1783 sinuatione
302 1750 664 1793 personaeTerentianae.
690 1751 848 1789 Postquam

108 1801 197 1835 poeta
212 1800 295 1826 vetus
314 1800 430 1834 poetam
452 1805 508 1824 non
526 1792 641 1833 potest]
660 1792 745 1823 Nota
764 1798 847 1832 post-

111 1850 199 1878 quam
222 1837 307 1880 apud
329 1845 452 1868 veteres
475 1847 538 1867 non
561 1835 723 1877 praeterito
744 1836 847 1872 modo,

111 1881 167 1912 sed
185 1881 280 1912 etiam
296 1879 444 1922 praesenti
463 1878 600 1921 tempori
616 1878 754 1919 adjungi.
796 1879 847 1915 Ut,

112 1925 180 1955 Ecl.
198 1924 218 1955 i.
236 1925 286 1955 31
324 1926 484 1964 Postquam
503 1934 554 1953 nos
569 1924 736 1963 Amaryllis
751 1924 848 1958 habet,

113 1970 243 1999 Galatea
272 1969 405 2007 reliquit.
459 1966 657 2006 Quamquam
688 1972 763 1996 sunt
793 1965 847 2014 qui

110 2013 271 2051 Postquam
291 2010 488 2052 simpliciter,
505 2019 563 2050 pro
583 2010 728 2049 quoniam,
745 2008 847 2050 accipi

110 2054 221 2085 velint.
270 2055 428 2094 Postquam
448 2058 537 2092 poeta
562 2051 662 2092 vetus]
691 2051 755 2087 Qui
781 2053 848 2092 jam

110 2098 167 2129 diu
190 2103 247 2134 est,
274 2107 338 2127 non
359 2096 413 2137 qui
431 2097 498 2136 jam
520 2095 576 2126 diu
597 2095 665 2126 fuit.
712 2095 798 2135 Ergo
814 2101 850 2125 ut

110 2141 230 2178 vinum,
262 2146 372 2171 vetus.-
412 2150 476 2170 non
506 2145 608 2175 vetus,
639 2147 674 2169 ut
710 2138 845 2169 Ennius.

109 2186 272 2225 Postquam
285 2189 372 2224 poeta
387 2188 470 2214 vetus
482 2180 617 2222 poetam]
633 2181 653 2212 J
657 2181 780 2212 ocunda
795 2191 845 2212 re-

109 2227 241 2270 petitio:
275 2233 319 2264 ut,
347 2226 421 2257 AEn.
449 2226 504 2256 xii.
532 2225 600 2256 139.
633 2226 714 2255 Diva
738 2226 845 2260 deam,-

110 2276 152 2307 et,
181 2270 255 2301 AEn.
282 2270 302 2300 i.
329 2270 401 2300 688.
425 2274 507 2300 notos
533 2270 623 2308 pueri
649 2279 726 2308 puer
754 2270 844 2299 indue

109 2315 218 2345 vultus.
259 2315 420 2354 Postquam
443 2317 532 2352 poeta
552 2318 635 2342 vetus
653 2316 770 2351 poetam
791 2322 847 2342 non

104 2356 221 2397 potest]
247 2355 426 2387 Ἀντίθετον
447 2355 585 2396 primum
608 2364 666 2396 per
689 2353 849 2394 σύλληψιν

109 2400 256 2441 primam,
273 2399 319 2430 ita
340 2406 377 2430 ut
398 2398 597 2430 extrinsecus
619 2409 721 2428 novum
743 2396 847 2428 audiri

110 2450 238 2484 poetam
253 2449 407 2484 oporteat.
439 2440 633 2473 D.-Semel
657 2440 715 2472 tibi
737 2440 846 2471 datum

110 2492 306 2527 praeceptum
342 2486 427 2516 circa
460 2485 608 2533 prologos
639 2489 845 2533 perseverat·

111 2539 274 2569 nunquam
297 2528 485 2559 Terentium
508 2527 630 2559 ratione
647 2527 693 2558 uti
716 2527 749 2557 in
772 2537 846 2568 pro-

110 2571 201 2612 logis,
213 2581 273 2620 qua
284 2578 417 2602 utuntur
427 2581 555 2602 omnes:
577 2570 696 2612 quippe
705 2581 776 2601 cum
790 2570 846 2600 ad-

110 2615 272 2645 versarius
306 2614 440 2645 Luscius
476 2613 640 2645 Lanvinus
670 2612 847 2644 maledictis

110 2657 366 2698 frequentissime
378 2667 450 2688 eum
466 2663 652 2699 persecutus
666 2656 718 2694 sit,
733 2656 847 2697 quibus

111 2707 238 2742 oportet
266 2700 300 2731 in
326 2699 459 2741 prologo
487 2700 690 2741 respondere.
753 2699 847 2730 Hanc

110 2744 238 2785 quidem
249 2743 456 2784 quaestionem
468 2743 563 2774 etiam
575 2742 644 2783 ipse
654 2741 745 2773 fecit.
763 2743 846 2783 quod

110 2787 196 2818 enim
213 2786 394 2823 Terentius,
408 2795 569 2826 nunquam
585 2785 726 2833 prologis
741 2792 846 2816 utere-

110 2838 172 2867 tur,
193 2830 254 2861 nisi
277 2830 409 2860 haberet
430 2828 648 2860 adversarium
671 2827 723 2858 cui
745 2827 843 2858 male—

110 2873 241 2911 diceret,
271 2879 393 2904 certum
424 2878 482 2903 est.
529 2872 580 2902 lta
616 2870 758 2902 nascitur
793 2871 845 2902 hic

110 2917 202 2958 quasi
237 2916 382 2958 quaedam
414 2914 641 2952 controversia,
677 2924 739 2955 qua
771 2923 846 2946 reus

111 2960 247 2991 efficitur
266 2958 446 2995 Terentius,
463 2958 547 2999 quod
562 2957 638 2989 facit
653 2956 769 2998 (saciat
792 2957 846 2996 Z.)

109 3009 222 3035 contra
249 3003 364 3044 legem,
390 2999 475 3043 quod
500 3001 619 3042 injuste
646 3006 729 3042 agat,
756 3000 850 3032 omit-

892 1619 988 1650 tendo
1003 1619 1206 1661 prologorum
1218 1621 1492 1660 consuetudinem,
1509 1627 1541 1653 et
1557 1627 1628 1654 tan·

892 1669 958 1693 tum
983 1662 1150 1694 maledicta
1169 1665 1327 1705 ponendo.
1373 1665 1461 1696 Huic
1477 1675 1535 1707 per
1549 1676 1627 1706 qua·

890 1705 1014 1737 litatem
1047 1707 1243 1748 respondet:
1281 1707 1498 1739 adversarium
1534 1719 1628 1741 suum

892 1759 1005 1790 cogere
1027 1760 1071 1786 se,
1089 1756 1124 1780 ut
1144 1750 1230 1782 istud
1252 1751 1336 1792 quod
1351 1751 1522 1783 Terentius
1541 1751 1628 1790 facit,

891 1792 992 1834 possit
1007 1793 1140 1824 efficere.
1179 1795 1339 1835 Postquam
1360 1800 1449 1835 poeta
1469 1794 1569 1836 velus]
1590 1795 1628 1826 Id

893 1842 950 1872 est,
977 1836 1113 1866 Luscius
1139 1836 1303 1868 Lanvinus
1328 1845 1455 1879 poetam
1481 1845 1627 1870 nostrum

892 1878 1079 1910 Terentium
1090 1889 1153 1910 non
1163 1880 1267 1921 potuit
1280 1891 1436 1918 coercere,
1447 1891 1510 1922 quo
1521 1881 1627 1913 minus

893 1922 1064 1953 comoedias
1079 1924 1240 1960 scriberet,
1255 1930 1287 1954 et
1301 1924 1462 1955 hominem
1475 1924 1516 1955 ad
1527 1924 1628 1956 otium

890 1972 1064 2002 revocaret,
1085 1965 1183 2007 coepit
1204 1976 1276 1997 eum
1298 1967 1475 1998 maledictis
1496 1973 1626 2005 terrere,

891 2008 1024 2039 credens
1037 2019 1100 2039 non
1116 2009 1308 2051 scripturum
1321 2010 1491 2041 comoedias
1503 2010 1627 2042 Teren-

892 2051 981 2088 tium,
1012 2051 1040 2082 si
1070 2051 1100 2083 ei
1130 2063 1215 2093 saepe
1250 2052 1463 2084 malediceret.
1508 2053 1629 2094 objicit

892 2102 1047 2136 praeterea
1076 2095 1212 2137 primam
1243 2095 1516 2136 quaestiunculam,
1543 2097 1629 2137 quod

890 2137 977 2168 leves
992 2138 1164 2170 comoedias
1176 2139 1352 2170 Terentius
1361 2139 1479 2171 fecerit.
1508 2140 1625 2172 Crimi-

890 2187 985 2212 natur
994 2181 1079 2222 quod
1089 2192 1152 2213 non
1165 2182 1250 2219 fecit,
1264 2182 1348 2222 quod
1359 2182 1495 2214 Luscius
1509 2183 1626 2215 Lanvi-

889 2234 950 2255 nus
978 2224 1010 2254 in
1038 2225 1202 2256 comoediis
1226 2225 1310 2256 fecit.
1369 2226 1419 2256 Ita
1447 2226 1484 2257 fit
1510 2227 1626 2268 objecti

887 2267 1031 2298 criminis
1043 2278 1083 2298 ex
1095 2268 1230 2309 quadam
1240 2269 1413 2300 adversarii
1426 2270 1627 2301 accusatione

890 2310 1046 2352 purgatio.
1083 2311 1125 2342 E.

933 2355 961 2384 2.
993 2356 1159 2386 Retrahere
1188 2366 1208 2385 a
1236 2354 1353 2396 stadfo]
1388 2354 1440 2386 Sic
1473 2355 1625 2396 loquitur,

890 2397 978 2437 quasi
994 2407 1062 2428 rem
1078 2397 1235 2429 scenicam
1247 2398 1348 2439 magis
1363 2397 1478 2429 laedere
1490 2399 1628 2432 voluerit

891 2440 1035 2477 Luscius,
1066 2451 1160 2482 qnam
1194 2441 1392 2473 Terentium.
1440 2442 1624 2484 Transdere]

894 2485 1061 2515 Tranedere
1090 2492 1215 2515 veteres
1247 2484 1423 2522 sonantius,
1454 2486 1539 2526 quod
1567 2496 1627 2518 nos

890 2526 994 2558 lenius
1016 2526 1151 2559 dicimus
1174 2529 1314 2558 tradere:
1337 2534 1373 2558 ut
1395 2529 1548 2566 tralatum,
1565 2539 1627 2561 nos

891 2572 1069 2601 translatum
1091 2580 1109 2601 e
1131 2570 1299 2601 contrario.
1337 2572 1381 2602 Ee
1400 2573 1555 2603 transdere
1573 2574 1626 2604 ho-

889 2613 1012 2654 minem]
1029 2613 1158 2645 Comice
1173 2620 1206 2645 et
1225 2620 1359 2644 venuste
1378 2613 1514 2646 inseruit
1532 2617 1625 2647 homi-

889 2667 955 2687 nem
965 2669 975 2686 .·
998 2663 1044 2694 ut,
1057 2657 1134 2687 AEn.
1146 2667 1175 2687 v.
1193 2657 1264 2687 259.
1303 2658 1433 2688 Levibus
1446 2659 1516 2689 huic
1530 2660 1626 2691 hamis

890 2705 1053 2730 consertam
1073 2710 1202 2740 auroque
1226 2701 1354 2731 trilicem
1370 2701 1517 2739 Loricam,
1539 2713 1628 2743 quan

891 2743 1028 2774 Demoleo
1041 2744 1217 2774 detraxerat
1231 2745 1294 2783 ipse
1319 2744 1429 2781 Victor,
1445 2746 1532 2785 apud
1541 2747 1627 2786 rapi-

890 2787 960 2816 dam
983 2787 1133 2817 Simoenta
1153 2787 1209 2816 sub
1227 2787 1286 2817 Ilio
1303 2788 1375 2825 alto,
1390 2788 1494 2819 Donat
1515 2789 1625 2821 habere

887 2831 959 2865 viro,
989 2830 1079 2859 decus
1108 2834 1138 2860 et
1168 2834 1301 2860 tutamen
1330 2831 1363 2861 ia
1391 2832 1492 2862 armis.
1531 2831 1572 2863 D.
1581 2849 1626 2856 ·—

892 2872 1059 2902 Transdere
1072 2871 1232 2913 hominem]
1250 2872 1338 2904 vett.
1351 2873 1442 2905 codd.
1458 2880 1492 2906 et
1505 2874 1569 2907 Ms.
1583 2875 1624 2907 R.

889 2916 1018 2946 tradere.
1050 2914 1087 2945 1..
1090 2915 1339 2948 —victorianus
1353 2916 1435 2949 liber
1449 2923 1483 2950 et
1503 2917 1626 2961 aliquot

890 2957 990 2990 nostri
1004 2959 1043 2990 ab
1056 2960 1166 2990 studio.
1196 2959 1234 2991 Β.
