1852 3216
117 194 258 224 semu
278 181 348 236 11.]

676 182 1094 227 EUNUCHUS.

1569 190 1647 230 231
1679 248 1691 257 ο

175 270 449 313 Conflata’st:
481 272 585 327 quid
608 273 644 314 si
662 273 746 316 hoc
765 274 979 330 quispiam
999 275 1132 317 voluit
1154 275 1308 319 Deus?

174 335 263 377 ΤΗ.
288 335 507 390 Equidem
526 335 601 391 pol
619 338 664 379 in
682 352 776 380 eam
796 347 961 394 partem
982 341 1248 396 accipioque,
1268 348 1314 384 et
1333 340 1443 383 volo.

176 399 260 441 Cu.
283 399 374 442 Imo
394 402 454 442 ita
472 416 645 456 quaeso:
677 417 809 445 unum
830 404 912 446 hoc
934 407 1066 455 scit03
1099 405 1368 448 contumeliae

173 464 278 505 Non
298 480 366 507 me
383 466 536 508 fecisse
558 482 703 519 causa,
727 470 805 511 sed
825 470 995 511 amoris.

1047 469 1138 512 ΤΗ.
1162 470 1275 512 Scio.

115 537 158 567 40
175 528 237 571 Et
256 530 329 585 pol
348 540 580 586 propterea
598 534 734 588 magis
755 548 868 576 nunc
889 535 1067 589 ignosco
1087 536 1180 577 tibi.

172 593 277 635 Non
298 595 408 637 adeo
428 596 660 639 inhumano
680 599 853 653 ingenio
874 614 983 650 sum,
1006 599 1205 650 Chaerea,

171 658 331 713 Neque
352 660 412 701 ita
431 661 642 716 imperita,
664 670 713 704 ut
732 664 838 718 quid
858 678 976 705 amor
996 663 1151 714 valeat,
1172 665 1375 707 nesciam.

171 723 255 765 Cu.
279 724 348 766 Te
369 740 542 781 quoque
557 728 661 782 jam,
684 728 837 779 Thais,
859 730 920 770 ita
939 743 1007 770 me
1029 728 1090 770 Di
1109 730 1221 771 bene
1242 736 1400 780 ament,
1422 744 1531 771 amo.

172 788 257 830 ΡΥ.
281 789 397 831 Τιιιιι
416 791 490 845 pol
509 792 587 833 tibi
608 794 663 834 ab
683 794 807 843 istoc,
829 793 950 844 hera,
972 794 1209 836 cavendum
1230 794 1436 850 intelligo.
1465 818 1478 830 ·

112 859 154 890 45
172 853 256 895 Cn.
267 854 371 896 Non
386 856 536 896 ausim.
581 856 665 897 PY.
681 857 805 898 Nihil
818 858 896 899 tibi
909 859 1139 913 quicquam
1151 860 1297 901 credo.
1342 859 1433 901 Τιι.
1449 859 1652 902 Desinas.

170 917 255 959 CH.
279 918 411 960 Nune
432 934 514 974 ego
535 927 579 962 te
600 921 645 961 in
664 920 746 963 hac
767 936 814 963 re
832 922 936 963 mihi
957 937 1034 964 oro
1054 929 1103 964 ut
1123 923 1315 978 adjutrix
1338 924 1445 965 sies:

169 982 270 1038 Ego
291 998 358 1026 me
379 991 466 1026 tuae
486 985 739 1027 commendo
760 993 805 1027 et
824 987 1042 1028 committo
1060 987 1189 1037 fidei3

168 1046 237 1089 Te
257 1048 360 1090 mihi
379 1056 606 1104 patronam
626 1051 765 1105 capio,
786 1049 951 1102 Thais;
983 1058 1027 1092 te
1047 1052 1253 1102 obsecr03

153 1186 205 1218 36.
232 1189 316 1221 Quid
330 1191 357 1219 si
374 1190 428 1220 hoe
443 1190 594 1229 quispiam
613 1191 708 1220 voluit
727 1188 856 1230 Deus?]

111 1229 269 1278 Pleraque
290 1231 470 1272 repentinis
496 1231 745 1272 impulsionibus
771 1238 857 1270 nata,

107 1272 264 1313 mirisque
272 1274 495 1322 proventibus,
508 1274 570 1305 deo
582 1274 721 1306 adscribi
733 1275 855 1306 solent.

109 1321 155 1352 ut,
172 1315 249 1346 AEn.
269 1316 304 1347 ii.
325 1317 399 1347 632.
420 1319 584 1353 Descendo,
601 1328 638 1348 ae
657 1320 783 1349 ducente
804 1320 859 1349 deo

101 1359 256 1395 flammam
268 1361 349 1390 inter
363 1365 393 1390 et
408 1361 506 1390 hostes
521 1361 684 1399 Expedior.
710 1360 762 1397 Et,
779 1360 856 1391 AEu.

107 1399 154 1430 iii.
171 1401 243 1433 715.
260 1402 344 1431 Hinc
355 1413 400 1432 me
413 1403 580 1442 digressum
592 1404 702 1433 vestris
716 1405 789 1434 deus
800 1414 856 1442 ap-

104 1445 188 1481 pulit
202 1446 273 1474 oris.
313 1444 358 1475 Et
374 1444 556 1481 Sallustius,
572 1450 607 1475 ut
629 1450 717 1475 tanta
737 1450 859 1485 repente

106 1488 236 1516 mutatio
250 1497 308 1517 non
322 1489 387 1518 sine
399 1488 455 1518 deo
467 1489 631 1518 videretur.
667 1489 751 1520 Quid
763 1490 791 1518 si
806 1490 860 1518 hoc

106 1530 258 1568 quispiam
273 1531 366 1560 voluit
380 1531 466 1560 Deus
475 1529 508 1569 2]
529 1529 611 1560 Vult
625 1530 781 1561 Amorem
803 1529 854 1561 in-

107 1570 211 1611 telligi
236 1571 342 1602 deum.
384 1571 557 1606 n—Quid
577 1574 606 1603 si
626 1574 680 1603 hoc
706 1575 856 1613 quispiam

104 1615 201 1645 voluit
208 1616 294 1646 Deus
304 1614 339 1655 ἲ]
356 1614 512 1645 Libanius
523 1624 762 1655 progymnasm.
777 1625 854 1646 con-

106 1661 158 1687 tra
179 1657 368 1712 homicidp
371 1658 453 1688 ..41
476 1654 618 1689 κάλλους
636 1657 686 1689 τὶς
708 1656 857 1695 ἡττηθεὶς

107 1697 210 1730 &sam
219 1698 287 1738 μὲν,
306 1668 382 1731 &Mt-⁸
406 1699 476 1740 ἔχει
496 1700 695 1739 παραίτησιν·
721 1698 854 1738 ἐβιάσθη

106 1740 169 1781 ’γὰρ
185 1741 244 1772 ὑπὸ
257 1743 315 1773 τοῦ
330 1743 411 1779 θεοῦ,
428 1742 479 1773 καὶ
495 1742 571 1783 πρὸς
585 1741 671 1773 ‘rim'
672 1747 781 1782 Ερωτα
801 1744 852 1773 δν-

106 1783 257 1815 »melma
278 1784 403 1825 ἂνναίρε
405 1797 434 1815 ιν
454 1784 511 1815 ουκ
534 1785 646 1825 εὔπορα
647 1796 673 1816 ν.
720 1785 855 1816 Plautus

107 1826 218 1857 Aulul.
242 1826 284 1858 iv.
311 1828 360 1858 10.
385 1827 414 1859 7.
438 1828 522 1858 Deus
537 1830 611 1858 mihi
626 1829 771 1867 impulsor
775 1827 854 1867 ficit

107 1870 135 1899 is
150 1880 194 1900 me
210 1871 253 1900 ad
265 1872 349 1900 illam
364 1871 472 1900 illes-it.
504 1869 543 1900 L.

150 1912 203 1944 37.
226 1914 376 1953 Equidem
388 1913 442 1952 pol
455 1914 487 1942 in
502 1923 568 1942 eam
584 1916 704 1951 partem
724 1914 855 1951 accipio-

105 1965 163 1994 que
178 1960 208 1985 et
223 1954 303 1995 volo]
322 1954 367 1985 Ut
380 1961 502 1986 aeterna
515 1954 602 1985 inter
614 1964 670 1985 vos
684 1954 728 1985 sit
742 1954 856 1995 gratia,

106 2002 140 2027 et
160 2007 201 2028 ex
223 1997 308 2028 malo
330 1997 492 2039 principio
513 1997 714 2038 compleatur
740 2007 859 2037 magna

105 2038 316 2071 familiaritas.
340 2042 385 2071 Et
396 2039 632 2088 volo]·13venire
646 2039 853 2070 subauditur:

104 2088 139 2113 et
158 2089 209 2113 est
230 2081 391 2122 σύλληψις
413 2082 517 2114 tertia.
548 2083 589 2113 D.
591 2084 684 2123 —Eq
686 2084 786 2113 uidem
803 2084 857 2121 pol

104 2126 139 2155 in
159 2124 243 2166 eam]
269 2125 429 2166 Intelligit
451 2125 607 2156 meretrix
629 2125 707 2165 quid
730 2124 793 2156 sibi
815 2125 855 2155 ab

105 2167 310 2199 adolescente
322 2168 445 2199 dictum
457 2168 509 2205 sit,
524 2174 557 2199 et
569 2168 643 2198 ideo
654 2167 781 2207 adiecit,
794 2167 854 2198 hoc

102 2210 236 2250 quidem
250 2210 375 2252 accipio
390 2221 432 2242 ex
447 2210 542 2242 dictis
559 2210 633 2247 tuis,
649 2210 735 2251 quod
755 2210 853 2241 vehe-

104 2258 232 2284 menter
246 2253 403 2284 desidero.
437 2253 477 2285 E.

149 2297 201 2327 38.
223 2298 289 2327 Imo
303 2299 349 2327 ita
364 2295 480 2337 qaaeso]
499 2296 618 2326 Utrum
638 2294 853 2331 meretricem,

105 2347 148 2369 an
172 2338 249 2370 deos
271 2341 403 2379 quaeso?
438 2345 612 2379 utrumque
636 2338 724 2369 enim
750 2338 854 2379 accipi

104 2385 254 2454 ffist.
266 2383 364 2412 Unam
380 2384 435 2413 hoe
456 2380 547 2421 scito]
573 2380 669 2412 Unde
691 2381 752 2411 hoc
774 2380 857 2411 sciat

191 2434 218 2461 s,
244 2423 355 2465 inepte
383 2424 548 2465 quaerstur,
576 2433 675 2464 quum
706 2423 777 2464 ipsa
802 2433 856 2454 res

106 2464 233 2503 elamet,
250 2476 414 2507 nunquam
429 2467 513 2498 hanc
527 2466 747 2498 conditionem
765 2465 854 2497 subi-

107 2513 217 2539 turum
245 2509 422 2547 Chaeream,
446 2516 483 2541 ut
502 2520 564 2551 pro
585 2509 736 2540 eunucho
757 2508 855 2540 etiam

106 2559 200 2581 servo
212 2561 247 2582 se
261 2551 283 2582 fi
419 2552 491 2583 sine
501 2551 620 2583 amoris
632 2551 784 2593 impulsu.
809 2551 851 2582 D.

105 2594 254 2624 —Unum
265 2596 319 2625 hoc
329 2594 421 2635 scito]
437 2594 502 2626 Hic
516 2594 573 2626 illa
587 2594 742 2632 defensio,
756 2604 853 2635 quam

106 2634 267 2666 venialem
282 2646 380 2677 supra
394 2636 545 2668 diximus.
576 2637 617 2668 E.

148 2679 201 2708 40.
226 2679 318 2709 Nune
331 2681 450 2719 ignosco
464 2678 540 2720 tihi]
560 2678 657 2715 Quod
676 2678 773 2721 culpa
787 2689 853 2710 non

105 2720 149 2751 sit
164 2720 315 2758 bominis,
330 2720 388 2752 sed
403 2721 531 2753 amoris.
560 2722 603 2752 D.

148 2764 202 2794 41.
216 2765 286 2794 Non
295 2765 370 2794 adeo
378 2765 560 2795 inhumano
548 2766 668 2804 ingenio
678 2775 752 2801 sum,
765 2765 852 2795 ΟΜ-

103 2805 174 2846 rea]
194 2806 268 2837 Hoc
284 2812 342 2843 est,
359 2806 494 2838 immitis
511 2816 578 2837 non
598 2816 680 2844 sum,
696 2813 854 2846 quantum

105 2855 202 2890 putas
214 2849 308 2889 (Tam
320 2851 370 2879 im.
387 2860 416 2879 n.
433 2860 457 2880 s.
475 2860 563 2889 quam
580 2853 614 2879 tu
626 2848 695 2888 p.):
720 2855 766 2885 ut,
784 2850 854 2880 Non

105 2892 212 2922 obtusa
227 2894 302 2923 adeo
313 2896 469 2932 gestamus
481 2896 603 2931 pectora
619 2892 718 2927 Poeni,
737 2891 839 2922 AEn.
830 2901 851 2922 ι.

105 2933 179 2967 567.
210 2934 373 2972 ,Ην-Νοη
395 2936 470 2965 adeo
491 2932 669 2974 inhumano]
691 2933 854 2969 Quoniam

106 2977 291 3007 meretrices
308 2978 347 3007 ab
364 2976 559 3007 amatoribus
571 2976 638 3007 suis
649 2976 740 3016 quasi
757 2986 852 3017 quas-

900 1189 975 1220 dam
985 1189 1119 1231 exigant
1131 1200 1255 1231 poenas,
1268 1190 1342 1222 ideo
1357 1201 1392 1222 se
1400 1197 1528 1232 purgat,
1542 1199 1587 1231 ut,
1601 1193 1651 1224 di-

900 1238 962 1270 cat,
975 1242 1041 1263 non
1052 1239 1117 1264 tam
1130 1232 1329 1264 inhumano
1320 1234 1452 1274 ingenio
1464 1245 1500 1266 se
1512 1245 1592 1273 esse,
1605 1242 1652 1273 ut,

901 1285 992 1305 amor
1007 1275 1085 1315 quid
1097 1275 1149 1312 sit,
1162 1276 1298 1316 ignoret.
1323 1277 1362 1307 E.
1364 1277 1491 1308 —Cum
1505 1278 1652 1319 plerique

901 1317 993 1348 codd.
1016 1318 1166 1354 habeant,
1190 1329 1254 1349 sum
1276 1321 1406 1359 ingenio,
1428 1321 1653 1361 reponendum

900 1370 1027 1397 censeo,
1044 1362 1088 1390 N.
1103 1371 1132 1391 a.
1150 1363 1170 1391 i.
1187 1363 1241 1401 ego
1255 1372 1320 1392 sum
1335 1364 1398 1402 ing.
1431 1362 1470 1392 B.

945 1403 999 1433 42.
1028 1404 1136 1443 Neque
1160 1408 1222 1433 tam
1246 1403 1406 1444 imperita]
1434 1404 1475 1435 Id
1498 1410 1557 1443 est,
1584 1415 1652 1437 non

902 1447 1481 1528 3353..3‚5.‚⁹3113.⁰132⁰.25⁰¹5222
1497 1447 1650 1539 saw}

899 1529 975 1570 quia
990 1529 1155 1560 meretrix.
1194 1530 1239 1561 Et
1253 1541 1348 1571 neque
1363 1537 1426 1562 tam
1440 1534 1583 1572 imperita
1598 1533 1650 1565 in-

899 1572 987 1612 quit:
1012 1572 1104 1612 quasi
1116 1572 1212 1609 dicat,
1226 1573 1342 1613 Neque
1354 1579 1420 1604 tam
1433 1574 1553 1616 pudica
1567 1586 1650 1614 sum,

899 1620 946 1652 ut,
962 1614 1040 1655 quid
1055 1625 1146 1645 amor
1161 1615 1276 1652 valeat,
1292 1616 1444 1647 nesciam.
1478 1617 1520 1648 D.

943 1658 995 1688 43.
1023 1658 1064 1688 Te
1073 1657 1270 1698 quoque-jam,
1285 1658 1396 1699 Thais]
1412 1659 1502 1690 Bene
1514 1671 1649 1700 quoque:

897 1710 964 1730 non
980 1699 1067 1731 enim
1079 1701 1148 1740 jam
1163 1700 1247 1731 hanc
1265 1700 1312 1731 ita
1333 1709 1429 1739 amat,
1446 1708 1484 1732 ut
1506 1702 1651 1744 negligat

897 1742 1005 1773 illam.
1029 1742 1087 1774 sed
1102 1742 1186 1774 hanc
1199 1743 1288 1774 illius
1303 1753 1408 1775 causa.
1443 1745 1485 1775 D.

941 1786 994 1815 44.
1029 1787 1085 1816 Pol
1105 1787 1164 1816 tibi
1185 1788 1225 1816 ab
1250 1788 1335 1823 istoc,
1358 1788 1443 1824 hera,
1465 1787 1647 1828 cavendum]

900 1827 1037 1863 Facete,
1062 1833 1217 1868 tanquam
1239 1828 1295 1868 qui
1316 1809 1420 1860 soleat
1440 1829 1594 1870 capillum
1617 1836 1651 1861 et

900 1875 1023 1900 vestem
1039 1871 1110 1909 ejus
1124 1870 1345 1908 conscindere,
1361 1880 1459 1911 quam
1480 1871 1647 1904 amaverit.

902 1912 1072 1943 D.--Tres
1094 1912 1186 1943 codd.
1204 1918 1282 1943 vett.
1305 1919 1394 1944 recte
1416 1913 1547 1952 habent,
1573 1916 1650 1946 Tum

897 1956 951 1994 pol
962 1956 1002 1984 ab
1017 1956 1092 1984 istoc
1108 1957 1174 1991 tibi,
1187 1957 1270 1991 hera,
1287 1966 1352 1986 cau.
1369 1961 1425 1986 etc.
1458 1956 1496 1987 B.

945 1997 996 2027 45.
1044 1998 1114 2027 Non
1150 1996 1266 2037 ausim]
1302 1997 1375 2035 Pro,
1413 2009 1474 2029 non
1511 2000 1648 2030 audebo:

900 2045 934 2070 et
959 2044 1010 2070 est
1036 2039 1171 2070 verbum
1199 2039 1296 2079 hujus
1325 2040 1480 2082 temporis
1510 2047 1647 2073 tantum.

899 2083 970 2113 Non
990 2080 1105 2122 ausim]
1132 2081 1249 2113 Utrum
1271 2088 1405 2124 propter
1425 2085 1648 2116 aemtem2m

898 2130 1033 2165 propter
1047 2124 1179 2155 fratrem
1195 2134 1290 2156 suum
1310 2125 1493 2157 Phaedriam
1514 2126 1647 2168 potius?

899 2168 992 2198 Nihil
1012 2169 1070 2197 tibi
1091 2167 1267 2208 quiequam]
1292 2166 1458 2206 Παρέλκον
1477 2175 1647 2209 quartum3

898 2215 954 2240 aut
968 2211 1056 2246 nihil,
1072 2219 1132 2250 pro
1147 2220 1214 2240 non.
1254 2209 1404 2250 Desinas]
1424 2211 1489 2242 Pro
1505 2221 1544 2242 eo
1562 2211 1649 2252 quod

898 2257 957 2288 est,
975 2254 1098 2283 desine.-
1121 2258 1177 2282 aut
1192 2252 1285 2282 deest
1297 2251 1377 2292 sae,·
1400 2258 1438 2283 ut
1452 2252 1570 2293 sit,sac
1592 2256 1646 2286 de-

896 2297 990 2325 sinas.
1023 2295 1064 2325 D.
1070 2295 1181 2325 —Ncm
1197 2293 1312 2335 ausim]
1329 2294 1493 2330 Quoniam
1514 2295 1649 2337 Pythias

897 2337 1035 2374 dixerat,
1045 2336 1225 2368 timendum
1236 2347 1307 2368 esse
1316 2337 1457 2368 dominae
1469 2338 1646 2377 Chim-eam,

898 2380 960 2411 hoc
979 2386 1038 2417 est,
1055 2389 1097 2410 ne
1118 2389 1215 2420 quam
1231 2379 1298 2410 vim
1320 2386 1496 2421 pateretur,
1511 2390 1647 2422 respon—

899 2422 947 2453 dit
959 2422 1024 2459 ille,
1038 2432 1103 2453 non
1117 2422 1239 2458 audem
1263 2422 1325 2453 scit
1339 2422 1427 2454 enim
1442 2422 1552 2455 fratris
1566 2424 1648 2456 ami·

898 2475 969 2496 cam
987 2475 1068 2496 esse.
1102 2464 1141 2495 E.

941 2508 994 2540 47.
1020 2509 1088 2548 Ego
1109 2518 1155 2538 me
1177 2513 1237 2539 tua
1259 2509 1427 2539 commendo
1446 2514 1479 2539 et
1499 2511 1648 2541 emanatio

888 2549 984 2591 fidei]
1013 2550 1099 2581 Satis
1125 2549 1290 2587 amatorie,
1315 2556 1353 2580 ut
1377 2556 1533 2591 appareat
1558 2561 1647 2584 nunc

897 2593 1038 2624 maxime
1046 2598 1177 2633 captum
1190 2593 1368 2630 Cbaeream,
1378 2603 1415 2623 ac
1428 2593 1648 2642 mancipatum

896 2635 1027 2677 virgini.
1059 2637 1302 2666 Commendamus
1313 2645 1373 2666 nos
1387 2634 1544 2676 cognitis.
1567 2643 1646 2668 eon-

896 2681 1045 2709 mittimus
1065 2677 1196 2718 ignotis.
1276 2677 1485 2718 ιςοαῦξησις
1505 2684 1557 2710 est
1575 2689 1646 2711 mn-

891 2721 975 2761 joris
987 2720 1097 2759 pfficii,
1114 2677 1274 2760 fideiqueE
1269 2719 1355 2751 circa
1370 2719 1539 2752 Thaidem.
1568 2721 1612 2753 D.

940 2765 992 2795 48.
1020 2764 1061 2794 Te
1076 2764 1151 2793 mihi
1167 2768 1328 2802 patronam
1350 2761 1454 2803 capio]
1474 2764 1517 2795 Te
1531 2763 1645 2814 adjec-

896 2811 978 2842 tum,
994 2805 1062 2836 vim
1076 2805 1183 2842 habet,
1201 2811 1234 2836 et
1249 2815 1291 2836 ex
1305 2804 1414 2837 animo
1431 2815 1448 2837 s
1604 2807 1647 2838 tis

897 2848 1045 2880 habitum
1074 2846 1289 2878 adolescentis
1318 2847 1470 2879 ostendit.
1513 2849 1646 2881 D.—-1n

896 2891 1090 2932 quibusdam
1112 2889 1205 2921 libris
1227 2889 1350 2921 Donati
1371 2896 1422 2922 est
1446 2893 1557 2931 cupim-
1588 2893 1647 2923 sed

897 2944 971 2964 cum
986 2935 1072 2973 capio
1086 2932 1122 2963 in
1144 2932 1294 2964 omnibus
1315 2932 1462 2964 Terentii
1483 2933 1576 2965 codd.
1592 2944 1646 2966 re-

899 2975 1052 3017 periatur,
1069 2974 1103 3006 id
1115 2974 1322 3007 retinendum
1337 2985 1515 3007 censemus.
1549 2977 1587 3008 B.
