1852 3216
217 565 729 641 PUBLII
823 563 1566 641 TERENTII

569 770 1207 834 EUNUCHUS.

122 1026 235 1053 ACTA
250 1025 379 1052 LUDIS
395 1025 694 1052 MEGALENSIB.
712 1025 751 1052 L.
764 1025 985 1052 POSTUMIO
1002 1025 1168 1052 ALBINO
1183 1025 1222 1053 L.
1234 1024 1462 1052 CORNELIO
1477 1024 1664 1052 MERULA

175 1093 358 1121 AEDILIB.
375 1092 584 1120 CURULIB.
604 1093 753 1120 EGERE
776 1092 815 1120 L.
829 1092 1043 1120 AMBIVIUS
1065 1092 1246 1129 TURPIO,
1269 1092 1308 1119 L.
1322 1092 1528 1120 ATTILIUS
1546 1092 1664 1119 PRAE-

177 1160 412 1197 NESTINUS,
430 1159 565 1187 TIBIIS
584 1161 757 1188 DUABUS
774 1160 984 1188 DEXTRIS.
1026 1160 1185 1187 GRAECA
1205 1137 1464 1187 MENANDRU
1482 1159 1595 1186 ACTA
1613 1159 1660 1186 11.

178 1228 325 1255 MODOS
348 1227 477 1255 FECIT
501 1227 693 1255 FLACCUS
715 1228 880 1256 CLAUDI
904 1228 950 1256 M.
971 1228 1183 1263 VALERIO,
1207 1228 1245 1255 C.
1266 1227 1439 1255 FANNIO
1461 1226 1574 1254 COSS.

651 1390 1135 1437 PROLOGUS.

291 1511 340 1552 S1
362 1511 587 1565 quisquam
608 1517 690 1557 est,
713 1510 788 1564 qui
807 1510 978 1564 placere
1000 1525 1044 1551 se
1068 1511 1242 1551 studeat
1261 1511 1385 1552 bonis

291 1575 434 1623 Quam
455 1574 663 1630 plurimiS‚
686 1582 731 1616 et
751 1575 920 1616 minime
941 1574 1098 1616 multos
1119 1574 1302 1625 laedere;

162 1712 268 1742 Modos
279 1709 377 1751 fecit]
402 1710 491 1741 Vett.
517 1710 584 1740 fere
609 1720 721 1741 omnes
744 1715 777 1741 et
800 1710 864 1741 Ms.

121 1754 160 1784 R..
178 1755 358 1784 Modulavit.
395 1754 520 1790 Postea,
538 1755 623 1784 Flac.
648 1755 759 1784 Claudi
782 1755 867 1784 tibiis

119 1799 237 1827 duabus
251 1798 376 1833 dextris,
393 1801 448 1827 etc.
474 1796 518 1826 Et
533 1806 610 1826 sane
626 1795 781 1827 alieniore
796 1796 867 1827 loco

119 1839 153 1870 in
170 1839 255 1880 vulg.
269 1838 345 1870 libb.
362 1838 470 1879 posita
484 1838 644 1869 videntur.
685 1839 723 1869 L.

165 1884 238 1913 Caio
254 1881 388 1921 Fannio]
415 1881 468 1912 Sic
490 1881 633 1912 melioris
656 1888 741 1912 notae
758 1891 867 1912 exem-

118 1925 241 1966 plaria:
266 1925 300 1955 in
328 1924 519 1965 quibusdam
548 1930 655 1955 tamen
681 1924 762 1955 Mss.
790 1930 867 1961 erat,

123 1970 159 1998 G.
174 1969 319 1998 Mummio
330 1969 457 1998 Fannio.
498 1967 534 1997 L.

166 2012 191 2042 1.
217 2013 252 2041 Si
266 2012 423 2051 quisquam
438 2015 493 2047 est,
506 2012 558 2050 qui
568 2011 700 2049 placere,
713 2009 788 2050 etc.]
807 2009 867 2040 At-

118 2053 280 2084 tendenda
298 2059 403 2094 poetae
422 2053 524 2094 copia,
542 2052 626 2093 quod
642 2052 677 2083 in
693 2059 741 2083 tot
761 2052 868 2093 prolo-

117 2097 167 2137 gis
181 2096 221 2127 de
238 2096 350 2127 eadem
366 2106 462 2126 causa
477 2095 592 2126 iisdem
610 2095 676 2126 fere
687 2095 869 2132 sententiis,

118 2139 217 2170 variis
234 2139 338 2170 verbis
355 2138 466 2170 utitur.
500 2139 540 2169 D.
543 2140 622 2169 -Si
635 2141 791 2179 quisquam
806 2137 868 2178 est]

120 2182 186 2213 Hic
201 2182 354 2223 prologus
377 2182 474 2213 habet
492 2181 746 2212 controversias:
771 2191 869 2212 unam

119 2235 160 2256 ex
173 2225 367 2256 accusatoris
382 2235 531 2266 persona,
549 2224 644 2255 aliam
661 2235 701 2255 ex
720 2224 868 2255 defenso-

119 2268 172 2299 ris.
203 2269 288 2300 Nam
311 2274 344 2299 et
359 2268 533 2299 Terentius
555 2267 666 2308 objicit
686 2267 819 2302 crimen,
838 2273 871 2298 et

120 2311 279 2351 obJectum
295 2318 421 2352 purgat.
447 2311 487 2342 In
504 2321 552 2348 eo,
565 2311 649 2351 quod
665 2310 785 2350 objicit,
797 2310 869 2341 talis

121 2361 170 2385 est
185 2354 423 2386 controversia:
453 2354 627 2385 comoedias
642 2353 732 2384 dedit
754 2355 867 2384 adver-

120 2396 233 2434 sarius,
249 2396 283 2427 in
306 2397 357 2428 his
378 2407 486 2434 unam,
504 2407 567 2438 qua
581 2396 682 2438 priori
704 2396 774 2427 loco
793 2407 868 2427 cau-

121 2449 189 2470 sam
205 2439 293 2477 dicit,
306 2451 325 2471 a
337 2451 401 2481 quo
412 2440 544 2481 petitur,
555 2450 620 2471 non
634 2439 688 2470 ille
705 2439 758 2480 qui
775 2439 866 2481 petit.

124 2481 197 2512 Hoc
211 2482 258 2513 ita
273 2483 357 2523 quod
380 2483 487 2522 (forte,
504 2482 621 2524 itaque)
642 2482 765 2513 crimen
787 2483 867 2513 stul-

122 2524 203 2554 titiae
225 2531 274 2556 est
295 2531 328 2556 et
349 2525 585 2567 imprudentiae.
629 2526 680 2556 Ita
702 2532 804 2556 status
820 2531 870 2556 est

122 2566 268 2607 qualitas.
307 2567 382 2599 Alia
397 2569 617 2600 controversia
632 2574 690 2605 est,
708 2579 771 2609 qua
787 2568 867 2608 obji-

123 2609 208 2640 citur
230 2609 394 2648 Terentio,
421 2621 492 2651 quae
518 2611 591 2642 talis
618 2619 684 2642 est:
721 2612 867 2642 Graecam

123 2651 312 2683 comoediam
343 2652 377 2683 in
404 2653 552 2685 Latinam
588 2654 762 2685 transferre
794 2654 886 2685 licetrr

124 2694 268 2733 (videtur
290 2695 460 2733 excidisse,
479 2698 533 2727 sed
553 2698 698 2728 Latinam
719 2700 752 2728 in
779 2699 870 2728 Lati-

122 2749 192 2768 nam
216 2736 382 2777 transferre
404 2749 461 2768 mm
484 2740 562 2769 licet.
589 2739 652 2778 Z..)
677 2740 871 2771 Eunuchum

125 2780 299 2811 Terentius
330 2779 418 2811 dedit
449 2781 648 2818 comoediam,
679 2782 812 2823 parasiti
841 2789 874 2813 et

125 2822 247 2853 militis.
271 2823 366 2858 Quod
381 2823 538 2854 Plautus*
530 2834 564 2854 in
579 2834 638 2854 sua
646 2824 802 2855 comoedia
815 2825 872 2856 ha-

126 2865 241 2903 buerit,
263 2876 349 2896 nunc
372 2865 546 2897 Terentius
570 2866 604 2897 in
631 2866 791 2898 Eunucho
814 2878 873 2908 po·

126 2908 200 2939 suit.
234 2909 323 2939 Reus
339 2915 388 2939 est
403 2908 489 2949 quod
503 2915 617 2939 contra
631 2909 735 2949 legem
751 2909 872 2941 fecerit.

128 2951 193 2982 Hie
209 2957 311 2982 status
327 2951 432 2993 primo
448 2951 585 2991 qualitas
605 2952 750 2983 absoluta
766 2962 806 2983 ex
818 2954 870 2993 ju·

125 2993 169 3024 ris
193 2994 328 3030 ratione,
354 2994 472 3025 deinde
495 2994 632 3035 qualitas
657 2994 791 3026 venialis
814 3006 873 3037 per

910 1709 1136 1751 ignorantiam.
1169 1711 1266 1742 Nunc
1278 1712 1344 1751 jam
1366 1710 1519 1751 singulas,
1536 1717 1573 1741 ut
1587 1721 1662 1753 pro-

910 1753 1087 1805 posuimus,
1113 1753 1320 1794 explicemus.
1361 1756 1395 1784 Si
1420 1756 1578 1794 quisquam
1608 1759 1662 1791 est,

911 1799 964 1836 qai
975 1799 1097 1845 plaeere
1114 1807 1145 1827 se
1161 1799 1282 1827 studeat
1299 1795 1398 1836 bom‘s]
1424 1797 1664 1827 Controversiae

911 1838 1108 1880 principium
1132 1849 1260 1880 semper
1276 1845 1325 1870 est
1343 1839 1382 1869 ad
1405 1839 1664 1870 benevolentiam

912 1881 1103 1923 captandam
1127 1882 1321 1918 auditorum,
1346 1887 1401 1912 aut
1417 1892 1435 1912 a
1457 1888 1567 1912 nostra
1588 1892 1662 1923 per-

913 1934 1001 1961 sona,
1025 1930 1081 1954 aut
1105 1925 1145 1955 ab
1168 1924 1362 1961 auditorum,
1388 1929 1444 1955 aut
1466 1934 1484 1955 a
1504 1923 1662 1964 judicum,

913 1973 969 1997 aut
994 1977 1012 1997 a
1035 1967 1132 1997 rebus
1155 1966 1245 2007 ipsis.
1291 1966 1356 1997 Hic
1379 1977 1465 1997 nunc
1490 1974 1664 2008 utrumque

913 2009 1149 2050 complectitur,
1166 2016 1198 2040 et
1219 2020 1236 2040 a
1261 2016 1372 2041 nostra
1394 2020 1543 2051 persona,
1565 2016 1598 2041 et
1623 2011 1664 2041 ab

914 2052 1106 2083 auditorum.
1148 2053 1176 2083 A
1194 2058 1304 2083 nostra
1326 2052 1391 2083 sic:
1420 2055 1447 2083 si
1467 2058 1513 2083 est
1540 2055 1663 2094 aliquis,

914 2098 966 2136 qui
978 2098 1100 2135 placere
1115 2106 1146 2126 se
1161 2097 1283 2126 studeat
1298 2098 1389 2133 bonis,
1406 2101 1436 2126 et
1450 2098 1570 2127 minime
1586 2098 1662 2127 mul-

915 2145 959 2169 tos
987 2140 1105 2175 Iaedere,
1131 2140 1163 2169 in
1193 2141 1239 2169 his
1263 2143 1352 2178 poeta
1379 2150 1481 2169 nomen
1507 2141 1666 2178 profitetur

913 2193 1007 2212 suum.
1039 2182 1091 2212 Ab
1107 2181 1382 2212 adversariorum:
1408 2187 1469 2212 tum
1485 2184 1513 2212 si
1526 2184 1594 2222 qui-5
1609 2188 1664 2219 est,

914 2227 966 2265 qui
992 2226 1105 2255 dictum
1135 2227 1167 2255 in
1191 2235 1222 2255 se
1248 2226 1455 2255 inclementius
1482 2226 1667 2255 existimavit

914 2279 986 2303 esse,
1009 2270 1053 2298 sic
1075 2269 1235 2298 existimet.
1281 2269 1376 2298 Bonis
1398 2278 1487 2308 quam
1504 2267 1664 2308 plurimis]

914 2310 1054 2345 Quidam
1077 2310 1274 2351 intelligunt,
1298 2321 1386 2351 quam
1407 2312 1549 2350 plurimis
1572 2312 1664 2342 bonis.

915 2354 984 2384 Nos
1022 2353 1241 2394 intelligamus
1275 2352 1477 2384 extrinsecus
1510 2355 1665 2392 plurimos,

914 2396 995 2427 nihil
1013 2396 1101 2427 aliud
1115 2396 1262 2438 posuisse
1276 2395 1337 2427 nisi
1355 2396 1473 2427 malos:
1491 2396 1565 2427 boni
1579 2396 1665 2427 enim

912 2439 1085 2471 admodum
1107 2439 1203 2481 pauci
1226 2445 1322 2470 sunt:
1348 2439 1394 2469 ita
1418 2438 1502 2479 quod
1524 2439 1608 2470 dixit
1632 2438 1666 2470 in

913 2493 1058 2519 numero,
1083 2485 1235 2522 plurimis,
1260 2482 1448 2523 qualitatem
1473 2482 1581 2523 potius
1608 2482 1665 2513 de-

913 2525 1056 2557 claravit.
1093 2525 1210 2556 E.—N
1214 2525 1254 2556 isi
1267 2535 1326 2566 pro
1338 2527 1458 2555 studeat
1471 2524 1589 2565 legeris
1600 2530 1665 2556 stu-

913 2571 1014 2605 deant,
1037 2568 1135 2599 verba
1156 2571 1188 2599 in
1212 2570 1260 2599 his
1282 2567 1395 2608 inepta
1423 2567 1593 2598 videnturz
1625 2568 1665 2599 cf.

915 2612 999 2642 And.
1017 2611 1058 2642 iv.
1074 2612 1100 2641 1.
1115 2612 1143 2641 3.
1160 2611 1246 2642 unde
1262 2610 1465 2651 intelligitur,
1477 2610 1585 2652 ipsum
1597 2610 1664 2641 Do-

914 2661 1024 2685 natum
1042 2653 1094 2684 hic
1110 2654 1155 2685 sic
1171 2653 1298 2694 legisse.
1339 2653 1375 2683 B.

959 2698 988 2727 2.
1013 2698 1109 2728 Bonis
1136 2707 1224 2737 quam
1249 2695 1410 2736 plurimis]
1453 2695 1667 2727 Commendat

915 2749 1098 2781 personam.
1138 2741 1181 2770 Et
1196 2741 1316 2769 minime
1328 2740 1436 2770 multos
1452 2737 1578 2779 laedere]
1594 2738 1665 2769 ’Ar-

916 2782 1043 2813 τίθετον
1073 2784 1205 2822 πρῶτον.
1256 2781 1389 2812 D.—-Et
1413 2783 1533 2812 minime
1559 2783 1668 2812 multos

918 2824 1043 2865 hedere]
1069 2825 1145 2855 Duo
1160 2830 1323 2865 praecepta
1337 2823 1455 2865 posuit,
1475 2826 1599 2864 placere
1616 2826 1666 2855 bo-

917 2871 974 2904 m's,
992 2879 1045 2898 nec
1066 2869 1173 2897 multos
1190 2868 1319 2898 Iaedere:
1342 2866 1410 2898 haee
1432 2873 1466 2898 et
1489 2867 1541 2898 hic
1563 2867 1668 2898 tenuit

918 2911 951 2940 in
969 2910 1074 2940 causis
1085 2909 1281 2950 judiciisque
1296 2908 1450 2951 publicis3
1476 2909 1520 2941 ita
1536 2909 1579 2940 sit
1595 2920 1666 2940 ver-

917 2959 1015 2989 satus,
1033 2958 1069 2983 ut
1084 2952 1264 2983 defenderit
1285 2952 1413 2989 multos,
1428 2952 1548 2984 laeserit
1565 2952 1667 2983 nemi-

918 3006 1001 3026 nem.
1043 2995 1080 3026 E.
