1852 3216
105 168 244 198 scena
265 154 328 211 v.]

700 154 1018 199 HECYRA.

1543 156 1632 198 515

216 244 265 286 Si
283 250 364 296 est,
386 251 434 288 ut
454 244 555 287 velit
572 245 781 289 reducere
799 260 993 297 uxorem,
1013 245 1135 289 licet:

218 310 295 352 Sin
314 309 397 353 alio
417 318 485 354 est
503 312 656 363 animo,
677 318 920 355 renumeret
940 311 1085 354 dotem
1105 310 1211 363 huc,
1225 318 1310 361 eat,

219 375 314 418 LA..
327 375 445 419 Ecce
462 383 605 419 autem
626 384 673 420 tu
692 392 863 433 quoque
882 383 1082 433 proterve
1102 377 1333 422 iracundus
1353 384 1414 423 es'.

219 440 305 484 Pu.
329 441 645 486 Percontumax
663 444 813 486 redisti
832 443 916 485 huc
937 443 1075 494 nobis,
1093 442 1331 500 Pamphile.

161 516 202 546 55
220 507 310 560 LA„
327 507 527 551 Decedet
540 510 630 565 jam
648 510 712 554 ira
726 509 843 561 haec3

875 509 957 551 etsi
974 509 1126 563 merito
1145 510 1278 552 iratus
1300 515 1382 552 est.

218 573 304 616 PH.
327 573 445 622 Quia
463 575 682 630 paululum
700 576 821 618 vobis
841 573 1021 617 accessit
1040 574 1249 629 pecuniae,

219 639 388 683 Sublati
407 642 534 683 animi
555 649 668 684 sunt.

720 641 804 684 LA.
828 641 973 683 Etiam
993 654 1157 682 mecum
1177 639 1350 696 litigas?

217 706 302 748 PH.
328 705 567 758 Deliberet,
583 702 900 762 'renuncietque'
912 707 1043 749 hodie
1063 706 1179 758 mihi,

218 771 406 822 Velitne,
428 787 482 814 an
502 786 611 815 non:
642 780 692 814 ut
712 773 796 823 alii,
821 774 855 814 si
874 773 974 815 huic
994 788 1080 814 non
1101 771 1169 823 sit,
1191 773 1285 814 siet.
1420 803 1425 809 .

161 845 203 875 60
220 837 303 879 LA'.
328 837 558 893 Phidippe,
579 838 697 887 ades,
720 839 822 880 audi
841 838 1012 894 paucis:
1044 838 1166 880 abiit:
1203 837 1308 893 quid
1327 840 1455 881 mea?

218 903 443 945 Postremo
462 904 573 946 inter
593 918 639 950 se
659 905 898 960 transigant
915 904 1012 959 ipsi,
1034 910 1083 946 ut
1102 903 1223 945 lubet
1239 919 1249 945 z

217 969 407 1017 Quando
422 983 500 1011 nec
516 976 687 1025 gnatus,
703 984 844 1025 neque
860 969 929 1012 hi'c
943 969 1045 1011 mihi
1061 969 1292 1025 quicquam
1308 970 1626 1025 obtemperant:

100 1092 238 1124 veneris.
269 1090 530 1132 Supplicaturum]
552 1092 670 1123 Parum
686 1098 736 1123 est
749 1093 841 1123 satis-

92 1134 260 1176 facturum,
286 1137 524 1175 supplicaturum
547 1135 679 1166 addidit.
709 1135 844 1166 D.-—Ut

100 1179 230 1220 gravius
259 1178 388 1210 incedat
417 1188 538 1216 versus,
562 1188 683 1220 repone
709 1180 791 1209 Itan’
816 1181 843 1209 is

100 1234 179 1254 nanc
193 1224 262 1259 sibi,
278 1227 334 1253 etc.
372 1221 466 1252 Alter
491 1221 559 1252 cod.
582 1221 669 1252 enim
693 1232 710 1253 e
726 1221 844 1253 nostris

101 1265 199 1297 habet
213 1267 306 1303 ltan’,
323 1271 356 1297 et
369 1265 450 1296 alter
465 1267 498 1296 Is
512 1276 598 1296 nane.
632 1265 669 1296 B.

144 1310 195 1340 52.
213 1311 267 1340 Sin
288 1311 349 1340 alio
369 1314 415 1340 est
436 1311 544 1345 animo,
565 1313 732 1340 renumeret
746 1310 843 1339 dotem

101 1354 168 1389 huc,
184 1351 250 1392 eat]
277 1352 350 1383 Hoc
362 1358 449 1382 recte
465 1361 564 1388 socer,
580 1362 645 1382 non
662 1357 726 1382 tam
740 1357 776 1382 ut
790 1351 843 1382 hic

101 1395 208 1426 dotem
224 1395 368 1437 recipiat,
381 1404 475 1435 quam
491 1401 527 1426 ut
543 1401 669 1431 terreat,
685 1394 745 1425 hoc
758 1394 845 1426 dicit.

102 1438 148 1469 Et
167 1444 343 1476 renumeret,
366 1437 513 1479 proprie:
538 1437 612 1478 quia
627 1438 694 1475 dos,
710 1437 848 1479 pecunia

105 1488 163 1513 est.
198 1482 243 1513 Et
266 1480 441 1520 ι’διωτισμὸς
463 1480 631 1512 irascentis
650 1487 708 1519 est,
726 1487 758 1512 et
778 1480 846 1512 exi-

105 1525 212 1566 gentis
231 1524 383 1556 debitum.
419 1526 483 1555 Eat
505 1534 581 1555 vero
602 1524 683 1555 mire
706 1524 846 1555 dictum:

104 1568 196 1608 quasi
212 1568 281 1610 ipse
296 1567 491 1610 projiciatur,
509 1567 562 1608 qui
580 1568 711 1608 jubetur
726 1568 790 1599 ire:
815 1574 847 1599 et

106 1611 201 1643 simul
213 1612 246 1642 in
258 1611 318 1642 hoc
334 1611 431 1642 verbo
443 1611 533 1651 quasi
549 1610 748 1642 renunciatio
764 1611 845 1642 cari-

106 1654 181 1686 tatis
197 1661 254 1686 est.
289 1656 468 1685 Renumeret
484 1655 580 1685 dotem
595 1656 661 1691 huc,
674 1653 740 1695 eat]
764 1654 846 1685 Ter-

104 1708 210 1729 rorem
225 1697 409 1739 repetendae
424 1696 508 1728 dotis
523 1697 672 1735 ostendit,
683 1707 781 1738 quum
796 1697 844 1728 di-

106 1740 159 1778 cit,
176 1746 344 1772 renumeret
364 1742 480 1772 dotem.-
504 1740 600 1771 simul
623 1751 696 1772 cum
718 1740 846 1781 injuria,

106 1786 182 1815 huc:
205 1790 238 1815 et
252 1784 414 1821 iracunde,
425 1789 483 1815 eat.
514 1783 781 1815 D.--Renumeret
794 1786 847 1815 do-

107 1833 164 1858 tem
179 1826 252 1868 huc]
282 1827 355 1858 Hoc
378 1837 447 1857 esse
470 1826 551 1857 nihil
572 1826 693 1868 dosque
710 1827 849 1868 pecunia

106 1870 234 1902 dabitur
249 1869 333 1911 (Hoc
347 1875 401 1907 est,
418 1872 491 1901 mihi
502 1871 563 1908 dos,
576 1881 641 1910 quae
653 1876 697 1902 est
709 1872 846 1910 pecunia,

105 1916 239 1945 dabitur.
273 1912 336 1954 z.).
369 1913 406 1944 E.

150 1958 201 1988 53.
219 1959 298 1988 Ecce
313 1962 412 1988 autem
426 1960 439 1988 !
462 1961 495 1987 tu
510 1967 623 1998 quoque
634 1961 771 1997 proterve
786 1958 850 1988 ira-

105 2003 221 2032 cundus
236 2000 284 2042 es]
308 1999 468 2031 Addendo
492 2011 614 2041 qaoque,
631 1999 779 2030 nonnihil
799 2010 850 2031 as-

106 2054 219 2075 sensus
235 2051 300 2075 est:
326 2042 415 2084 quasi
437 2043 530 2080 dicat,
554 2045 694 2084 quomodo
705 2044 849 2083 Pamphi-

108 2089 164 2118 las.
202 2087 344 2118 Proterve
367 2088 530 2117 iracundus
551 2085 598 2127 es]
620 2088 772 2124 Proterve,
788 2086 849 2117 im-

107 2130 280 2168 moderate,
307 2137 341 2161 et
366 2130 513 2171 superbe,
537 2130 658 2161 dictum
689 2136 739 2160 est
768 2129 849 2167 ideo,

107 2174 193 2214 quod
218 2179 362 2215 proterat
384 2173 483 2204 alium
513 2173 567 2214 qui
597 2178 766 2215 protervus
792 2179 849 2204 est.

108 2217 193 2248 Nam
211 2223 368 2257 protervus
384 2222 442 2253 est,
458 2216 523 2256 qui,
541 2216 617 2248 dum
642 2216 724 2247 alius
738 2216 851 2247 obvius

107 2266 166 2297 est,
182 2260 332 2302 proterit:
357 2260 442 2301 quod
460 2259 581 2291 faciunt
596 2266 629 2290 et
644 2259 727 2290 tauri
743 2259 776 2290 in
793 2270 850 2300 ap-

107 2303 213 2344 petitu
228 2303 331 2335 coitus
352 2303 554 2342 feminarum,
575 2304 610 2334 in
633 2313 711 2343 quas
731 2302 846 2334 calent.

151 2391 204 2421 54.
220 2391 437 2422 Percontumax
452 2389 576 2430 redisti]
596 2388 729 2432 Proprie
744 2395 847 2421 contu-

108 2444 179 2464 max
193 2433 311 2465 dicitur
322 2440 501 2465 contemtor
515 2433 686 2475 potiorum.
717 2435 847 2464 Percon-

111 2481 214 2507 tumaoe
227 2478 335 2507 redisti
349 2479 406 2508 huc
420 2479 513 2515 nobis,
527 2475 701 2517 Pamphile]
720 2477 850 2517 Magnae

110 2518 341 2560 indignationis
371 2526 429 2558 est,
459 2521 607 2551 absentes
637 2519 754 2560 alloqui
768 2531 775 2550 :
814 2527 851 2551 ut

111 2561 200 2599 alibi,
218 2564 243 2594 O
258 2564 412 2600 AEschine,
431 2565 484 2604 pol
496 2565 579 2594 haud
589 2569 749 2603 paternum
771 2565 850 2594 istuc

110 2607 232 2636 dedisti.
271 2607 378 2643 Nobis,
398 2605 571 2647 Pamphile]
594 2607 643 2646 Τῷ
667 2606 848 2646 ἆπικισμῳ.

112 2649 197 2679 Nam
213 2655 268 2679 aut
283 2649 432 2687 abundat,
446 2655 503 2680 aut
524 2649 708 2691 significatu
723 2650 854 2690 adjuvat

109 2690 418 2733 pronunciationem.
448 2692 488 2723 D.

156 2736 206 2766 55.
223 2736 356 2766 Decedet
372 2735 442 2776 jam
463 2734 531 2786 ira]
558 2735 659 2771 Quasi
682 2735 716 2766 in
741 2735 789 2767 ira
812 2735 855 2767 sit
889 2766 892 2769 .

107 2778 222 2820 culpa:
248 2788 322 2815 non,
339 2780 501 2818 deponetur
519 2780 577 2816 ira,
593 2778 707 2819 inquit,
723 2778 780 2810 sed
800 2781 852 2810 de-

110 2824 204 2853 cedet.
234 2820 409 2852 D.—-111ud
423 2821 501 2862 jam,
523 2821 608 2861 quod
631 2831 743 2852 sensus
763 2821 852 2853 dam-

107 2870 178 2902 -nat,
187 2871 275 2896 recte
287 2865 377 2895 abest
391 2863 425 2895 in
440 2863 586 2905 pluribus
598 2863 700 2905 iisque
712 2863 852 2896 meliori-

108 2908 172 2939 bus
187 2907 305 2939 nostris
319 2907 410 2938 codd.
444 2907 481 2938 B.

156 2952 206 2983 56.
230 2951 310 2986 Quia
334 2952 489 2991 paululum
514 2952 595 2982 vobis
617 2953 743 2982 accessit
762 2962 853 2991 peca-

108 2994 189 3035 niae]
215 2994 349 3027 Facete:
381 2993 472 3035 quasi
498 2994 593 3034 dicat,
620 2993 705 3030 Quia
731 2994 854 3027 habetis

884 1091 970 1123 unde
996 1091 1104 1123 dotem
1126 1091 1286 1123 reddatis:
1309 1097 1375 1129 aut,
1398 1092 1483 1127 Quia
1509 1092 1631 1124 nullam

886 1145 1014 1166 causam
1028 1134 1153 1166 habetis
1165 1134 1302 1176 repudii,
1313 1135 1370 1166 sed
1382 1135 1531 1172 ditiorem
1541 1146 1629 1176 quae-

885 1178 958 1210 ritis
982 1177 1242 1218 conjunctionem
1270 1178 1508 1219 (conditionem).
1550 1181 1632 1213 Quia

883 1223 1041 1262 paululum
1071 1223 1152 1252 vobis
1182 1223 1307 1253 accessit
1340 1224 1486 1261 pecaniae,
1516 1224 1632 1254 sublati

886 1267 979 1296 animi
1009 1264 1096 1306 sunt]
1130 1265 1173 1295 Et
1200 1275 1275 1302 non,
1306 1265 1414 1305 Major
1443 1271 1492 1296 est
1528 1265 1632 1297 factus

887 1308 1089 1349 Pamphilus:
1108 1307 1204 1339 simul
1219 1309 1339 1348 majore
1355 1309 1529 1346 stomacho,
1545 1308 1631 1349 quod

886 1362 958 1383 cum
974 1351 1082 1382 labore
1090 1351 1222 1388 celabat,
1239 1357 1349 1393 aperte
1364 1351 1513 1383 ostendit.
1546 1352 1633 1392 D„—

891 1394 1045 1425 Meliores
1068 1393 1142 1425 libri
1168 1404 1226 1435 pro
1248 1396 1406 1434 paululum
1428 1401 1516 1426 recte
1539 1394 1634 1428 exhi-.

889 1438 968 1470 bent
978 1439 1111 1478 paulum.
1144 1437 1181 1468 Β.

934 1480 984 1513 57.
1002 1483 1122 1513 Sublati
1134 1480 1245 1522 animi]
1263 1481 1327 1512 Pro
1342 1482 1425 1518 elati,
1437 1482 1551 1512 sublati
1560 1480 1632 1513 dix-

890 1524 925 1555 it.
956 1524 1001 1555 Et
1023 1524 1083 1555 hoc
1107 1524 1237 1566 proprie
1258 1524 1398 1555 ferarum
1420 1530 1478 1562 est,
1495 1530 1531 1555 ut
1555 1524 1633 1556 AEn.

890 1567 946 1598 xii.
964 1569 993 1598 4.
1010 1569 1191 1608 Attollitque
1207 1570 1319 1598 animos
1330 1579 1339 1597 :
1363 1569 1523 1599 Poenorum
1536 1569 1636 1609 qualis

889 1613 921 1642 in
934 1613 1024 1648 arvis,
1038 1612 1164 1642 Saucius
1179 1612 1230 1642 ille
1240 1613 1330 1652 gravi
1341 1616 1499 1642 venantum
1514 1613 1635 1649 vnlnere

883 1659 1000 1694 pectus,
1025 1656 1100 1685 Tum
1122 1656 1238 1685 demum
1262 1659 1356 1685 movet
1384 1665 1470 1685 arma
1499 1656 1552 1691 leo,
1578 1660 1635 1686 etc.

890 1697 974 1728 Nam
990 1696 1101 1728 bestiae
1122 1707 1181 1739 pro
1203 1697 1303 1728 animi
1323 1697 1475 1738 qualitate
1498 1697 1550 1728 vel
1572 1697 1636 1729 eri-

890 1746 972 1781 gunt
997 1751 1141 1782 corpora,
1166 1740 1218 1772 vel
1241 1741 1418 1782 deponunt,
1439 1740 1486 1771 ait
1511 1740 1635 1773 Cicero.

890 1786 995 1815 Etiam
1010 1795 1121 1815 mecum
1137 1786 1241 1824 litigas
1251 1783 1284 1825 ?]
1309 1783 1418 1814 Belle:
1442 1790 1475 1814 et
1489 1783 1580 1815 illum
1594 1794 1636 1820 ex

890 1826 1011 1858 invidia
1033 1827 1278 1864 iracundiorem,
1297 1833 1329 1858 et
1343 1827 1402 1857 hoc
1419 1827 1460 1858 ad
1475 1837 1509 1858 se
1524 1826 1635 1858 dicen-

891 1876 966 1907 tem,
990 1870 1074 1911 quod
1102 1877 1235 1911 propter
1264 1869 1470 1911 Pamphilum
1499 1869 1636 1909 dicebat,

895 1913 1000 1944 effecit
1016 1913 1120 1954 (Belle
1130 1926 1141 1943 .·
1159 1918 1250 1953 poeta
1265 1918 1295 1944 et
1309 1918 1414 1944 contra
1435 1914 1521 1944 illam
1535 1924 1572 1952 ex
1586 1915 1635 1944 in-'

886 1956 978 1997 juria
998 1958 1227 1994 iracundiorem,
1251 1963 1281 1987 et
1303 1957 1372 1986 huic
1395 1967 1491 1987 senem
1512 1967 1635 1988 succen-

894 2004 1015 2037 sentem,
1031 2002 1110 2040 quod
1124 2001 1229 2030 merito
1247 1998 1437 2039 Pamphilum
1458 2002 1571 2031 iratum
1585 2001 1635 2031 di

893 2044 988 2080 cebat,
1012 2044 1111 2082 effecit
1137 2040 1201 2091 Z‘.)‘
1228 2044 1333 2073 Etiam
1356 2053 1467 2073 mecum
1488 2044 1592 2084 litigas
1601 2042 1635 2084 Ρ]

895 2085 1069 2122 Invidiose,
1086 2086 1176 2126 quasi
1193 2086 1262 2126 jam
1284 2096 1357 2117 cum
1379 2085 1555 2127 Pamphilo
1569 2085 1636 2123 liti-

893 2129 1027 2171 gaverit.
1060 2129 1100 2160 D.

938 2173 988 2203 58.
1006 2173 1170 2209 Deliberet,
1192 2174 1404 2212 renuncietque
1418 2171 1521 2213 hodie]
1537 2172 1636 2204 Fero

894 2215 963 2247 cius
979 2226 1073 2256 quam
1088 2225 1233 2247 socerum
1249 2214 1393 2246 deceret:
1411 2221 1552 2249 attamen
1567 2225 1636 2250 max-

895 2265 977 2295 ture,
994 2259 1077 2299 quod
1093 2260 1238 2290 deliberet
1252 2258 1343 2289 dixit.
1381 2258 1422 2290 D.

935 2303 985 2334 59.
1009 2304 1049 2333 Ut
1065 2303 1130 2339 alii,
1146 2303 1174 2332 si
1188 2303 1258 2332 huic
1273 2313 1330 2333 non
1348 2303 1400 2340 sit,
1415 2300 1491 2342 siet]
1515 2301 1638 2343 Magna

891 2345 1008 2377 fiducia
1019 2344 1236 2376 conditionem
1247 2344 1322 2375 filiae
1336 2344 1469 2377 asserit:
1486 2344 1637 2385 quoniam

885 2390 955 2430 jam
971 2389 997 2420 si
1015 2388 1202 2430 Pamphilus
1226 2387 1317 2426 nolit,
1333 2394 1481 2430 paratum
1501 2387 1638 2423 alterum

891 2432 971 2463 dicit
994 2442 1074 2463 esse.
1110 2433 1145 2462 Si
1170 2433 1240 2462 huic
1266 2442 1323 2462 non
1352 2430 1410 2472 sit]
1442 2430 1639 2466 Subauditur

892 2487 976 2507 uxor.
1000 2475 1065 2506 Sed
1086 2475 1167 2506 dura
1181 2474 1270 2506 dictu
1284 2473 1424 2511 reticuit,
1440 2480 1477 2505 ut
1491 2474 1637 2506 debebat.

890 2519 935 2551 D.
937 2519 1057 2550 -Non
1081 2517 1164 2549 male
1185 2528 1245 2559 pro
1267 2529 1324 2548 non
1344 2519 1395 2555 sit,
1413 2517 1525 2549 Bemb.
1542 2517 1638 2550 habet

892 2574 950 2594 non
965 2567 1018 2593 est.
1053 2562 1090 2592 Β.

895 2630 898 2631 ⁷
936 2606 986 2636 60.
1004 2607 1164 2645 Phidippe,
1190 2603 1279 2644 ades]
1312 2603 1453 2635 Nomine
1476 2603 1636 2653 appellat·

896 2649 981 2690 quod
1001 2648 1104 2681 facere
1129 2647 1278 2684 solemus,
1294 2646 1393 2678 iratos
1414 2646 1562 2689 mitigare
1583 2658 1638 2683 co.-

896 2699 1020 2724 nantes.
1052 2691 1094 2723 D.

940 2736 991 2766 61.
1008 2737 1160 2768 Postremo
1184 2736 1264 2765 inter
1286 2744 1318 2765 se
1341 2732 1529 2775 transigant]
1561 2733 1638 2776 Non

898 2779 984 2810 enim
1007 2779 1076 2809 haec
1098 2776 1206 2808 votiva
1231 2783 1316 2815 sunt,
1341 2776 1456 2848 quibus
1481 2776 1638 2816 interesse

898 2822 1044 2853 delectet.
1078 2821 1119 2851 D.

941 2865 991 2896 62.
1012 2865 1137 2898 Quando
1151 2874 1204 2894 nec
1215 2867 1338 2903 gnatus,
1349 2874 1443 2904 neque
1457 2862 1526 2904 hie]
1547 2862 1637 2895 Invi-

896 2907 986 2939 diose
1014 2912 1136 2948 gnatus,
1161 2912 1195 2937 et
1219 2917 1276 2937 mm
1299 2908 1509 2956 obtemperant,
1535 2913 1568 2938 et
1589 2909 1639 2939 hic

898 2961 963 3026 11])οη
988 2949 1187 2983 familiariter
1212 2948 1343 2988 dictum,
1369 2949 1460 2991 quasi
1483 2950 1523 2982 ab
1547 2946 1639 2991 irato.
