1910 3216
417 101 603 138 INDEX
634 101 964 138 VERBORUM
995 101 1066 138 ET
1096 103 1421 140 PHRASIUM.

50 182 147 214 domi.
166 179 286 214 Heaut.
297 182 316 213 i.
332 183 361 219 2,
375 183 424 213 12.
450 182 503 213 Ne
512 193 564 213 me
573 182 608 214 in

50 227 190 257 laetitiam
198 225 316 256 frustra
323 225 486 266 conjicias.
499 225 606 256 Heau.

50 267 82 298 ii.
111 270 141 305 3,
166 269 217 299 51.
268 268 374 299 Tanta
397 268 465 299 haec
496 269 607 299 latitia

50 311 163 342 oborta
172 317 230 342 est.
244 310 349 342 Heau.
361 310 403 341 iv.
415 311 445 347 3,
461 312 490 341 2.
507 310 606 342 Hunc

51 353 137 384 diem
163 353 259 395 cupio
284 353 317 384 in
341 355 454 384 letitia
476 353 604 394 degere.

49 395 188 438 Adelph.
206 396 248 427 iv.
266 397 292 432 1,
310 396 339 426 6.
373 396 536 431 Quantam
548 397 604 427 ob-

49 438 109 469 tuli
119 441 259 470 Iaeaeien'am
270 438 463 480 Pamphilo?
481 439 563 480 Hec.
575 449 604 470 v.

49 483 78 518 3,
99 482 147 512 18.

91 523 195 565 loetor]
217 524 305 556 Istuc
316 523 374 555 tibi
387 534 428 555 ex
443 524 606 555 sententia

50 571 104 597 tua
126 567 281 608 obtigisse
304 569 398 598 Iaetor.
439 567 515 598 Non
539 573 603 597 tam

47 616 176 682 ιὲειιρῑο
185 620 281 683 caus?
292 612 493 683 &actor-‚gualrp
506 609 603 640 illius.

87 659 170 683 eaut-
195 662 237 684 iv.
274 675 282 690 ‚
341 658 374 683 et
410 675 419 683 .
495 662 541 683 aec
557 658 605 683 tot

46 702 181 736 propter
206 705 257 726 me
282 695 400 736 gaudia
426 694 474 726 illi
496 694 602 725 conti-

45 737 131 778 gisse
148 739 242 768 Iaetor.
267 738 313 768 Ut
328 737 497 778 quisquam
514 747 600 768 ama-

47 788 97 810 tor
113 780 236 821 nuptiis
254 782 384 811 laetetur.
424 780 507 811 Hec.
524 791 554 811 v.
572 782 602 817 3,

47 824 87 853 35
105 829 138 853 et
153 824 203 855 37.

89 865 194 906 laetus]
210 867 314 896 Latus
323 871 381 902 est,
394 865 505 896 nescio
514 865 600 906 quid.

46 908 132 939 And.
150 908 183 938 ii.
202 910 230 945 2,
249 910 278 938 3.
318 909 525 939 Concurrunt
539 910 603 939 laeti

45 950 90 981 mi
103 951 241 982 obviam.
256 951 339 981 Eun.
354 950 387 982 ii.
400 952 429 986 2,
444 952 495 982 25,
512 951 602 981 Gna-

46 999 98 1024 tus
114 1003 149 1024 se
165 993 337 1025 adsimulat
353 995 463 1024 Iaetum.
481 993 601 1024 Heaut.

45 1046 75 1066 v.
103 1037 130 1073 1,
157 1038 206 1067 15.
257 1036 315 1067 Nil
341 1036 512 1076 quicquam
535 1035 602 1066 vidi

45 1080 154 1110 helius.
181 1078 319 1120 Adelph.
336 1078 382 1109 iii.
397 1079 427 1115 3,
448 1079 496 1109 12.
531 1079 602 1108 1.oe-

46 1126 95 1151 tus
110 1127 160 1152 est
174 1121 215 1152 de
231 1121 343 1152 amica.
369 1120 508 1162 Adelph.
523 1120 555 1151 ii.
572 1123 601 1157 2,

44 1165 96 1194 44.
129 1165 235 1195 Latus
246 1174 328 1200 sum,
342 1163 433 1194 fratri
448 1163 602 1204 obtigisse

44 1206 130 1247 quod
146 1206 222 1237 volt.
247 1207 376 1237 Phorm.
395 1216 423 1237 v.
440 1209 471 1243 4,
492 1207 518 1237 1.

88 1248 250 1289 lamentor]
279 1251 460 1280 Lamentari
485 1255 603 1290 praeter

45 1298 178 1322 caeteras
193 1292 263 1323 visa
278 1298 336 1323 est.
362 1291 447 1322 And.
465 1291 484 1322 i.
505 1292 533 1328 1,
550 1292 601 1322 94.

45 1335 144 1365 Suam
171 1341 307 1365 matrem
331 1336 492 1365 lamentari
514 1344 600 1365 mor-

44 1383 143 1408 tuam.
168 1378 297 1408 Phorm.
318 1377 339 1407 i.
357 1378 386 1413 2,
404 1377 455 1407 46.

87 1420 220 1460 lampas]
239 1420 466 1460 Hymenaeum,
482 1419 602 1455 turbas,

44 1465 211 1502 lampadas,
231 1462 390 1493 tibicinas.
414 1461 554 1502 Adelph.
571 1471 600 1492 v.

45 1505 73 1543 7,
92 1507 121 1536 9.

87 1547 176 1588 lana]
201 1549 292 1578 Lana
320 1557 357 1578 ac
389 1546 453 1578 tela
480 1546 601 1577 victum

44 1591 228 1630 quaeritans.
253 1590 339 1620 And.
359 1590 380 1620 i.
408 1591 435 1626 1,
458 1591 510 1620 48.
550 1589 602 1619 Ad

44 1635 145 1664 lanam
160 1633 254 1663 redit.
280 1633 401 1663 Heaut.
419 1632 452 1662 ii.
470 1634 499 1668 3,
518 1631 568 1664 37.

87 1674 233 1716 languor]
253 1675 313 1706 Vel
330 1685 382 1706 me
399 1675 468 1705 haec
490 1674 599 1705 deam-

43 1718 176 1755 bulatio,
194 1728 289 1758 quam
306 1727 372 1748 non
387 1717 546 1748 laboriosa
561 1716 602 1747 ad

44 1763 217 1802 languorem
227 1760 325 1791 dedit.
345 1760 464 1790 Heaut.
475 1759 517 1790 iv.
530 1760 560 1796 6,
571 1761 600 1789 3.

86 1803 203 1844 lanius]
229 1803 360 1839 Cetarii,
384 1804 474 1839 lanii,
496 1802 601 1842 coqui,

42 1846 189 1883 fartores,
207 1845 392 1887 piscatores.
418 1845 503 1875 Eun.
520 1845 553 1875 ii.
572 1846 600 1882 2,

86 1930 182 1971 lapis]
219 1931 246 1967 Ι,
279 1930 356 1971 quid
386 1936 462 1967 stas,
494 1931 573 1969 Iapis
585 1932 601 1960 7

45 1974 166 2004 Heaut.
184 1973 229 2004 iv.
245 1974 275 2010 7,
299 1975 328 2003 3.
369 1973 503 2003 Possem
526 1982 599 2014 per-

43 2016 229 2053 sentiscere,
246 2015 310 2046 nisi
333 2015 361 2046 si
384 2025 487 2046 essem
512 2017 599 2055 lapis.

45 2060 166 2090 Heaut.
189 2069 218 2089 v.
248 2060 275 2095 l,
301 2060 352 2088 44.
386 2057 459 2088 vide
487 2058 600 2089 Notas.

43 2102 125 2137 Quae
148 2111 199 2132 me
220 2101 354 2132 omnino
372 2101 514 2139 lapidem,
535 2109 600 2131 non

42 2144 208 2175 hominem
230 2150 336 2184 putas.
388 2143 469 2174 Hec.
502 2141 536 2173 ii.
572 2143 599 2179 1,

86 2228 189 2270 large]
200 2229 266 2260 Dat
274 2237 370 2259 nemo
377 2229 503 2268 largius.
516 2227 600 2258 Eun.

43 2283 72 2303 v.
91 2274 110 2303 8
138 2273 189 2302 48.

87 2295 220 2354 la’rgior]
239 2314 289 2344 De
307 2318 338 2343 te
354 2314 495 2353 largitor,
508 2322 599 2353 puer.

45 2357 184 2398 Adelph.
203 2367 231 2387 v.
250 2357 280 2392 8,
301 2356 350 2388 17.
388 2355 602 2385 Adsentando

44 2407 140 2440 atque
158 2398 358 2438 indulgendo
380 2404 413 2428 et
433 2399 599 2437 largiendo.

44 2442 184 2483 Adelph.
202 2452 231 2471 v.
249 2442 279 2477 9,
296 2441 347 2471 31.
373 2439 445 2470 vide
462 2440 577 2471 Notas.

87 2477 235 2525 largitas]
258 2484 324 2514 Aut
340 2485 485 2523 largitate
501 2482 601 2513 nimia

43 2534 100 2559 aut
118 2525 324 2568 parsimonia.
356 2526 475 2555 Heaut.
500 2525 546 2556 iii.
573 2526 600 2561 1,

46 2572 97 2601 32.
137 2570 218 2604 Quae
233 2569 322 2599 istaec
338 2567 445 2598 subita
465 2574 514 2598 est
537 2570 599 2598 lar-

42 2615 152 2653 gitas?
176 2610 314 2651 Adelph.
331 2620 361 2640 v.
377 2611 406 2647 9,
420 2611 471 2640 28.

88 2653 230 2693 lascivia]
254 2652 399 2683 Luxuria
421 2658 454 2683 et
476 2654 602 2683 lascivia

44 2697 171 2729 diffluit.
197 2696 316 2726 Heaut.
336 2705 364 2725 v.
383 2696 414 2731 2,
430 2695 481 2727 72.

87 2737 201 2778 lassus]
234 2737 374 2769 Animus
396 2738 502 2774 lassus,
526 2746 604 2767 cura

46 2782 220 2815 confectus.
235 2786 353 2821 stupet.
371 2779 455 2810 And.
473 2779 506 2810 ii.
528 2780 554 2815 1,
571 2780 600 2809 4.

47 2823 207 2865 Vigilabis
222 2825 329 2854 lassus.
354 2822 438 2852 Eun.
455 2821 488 2852 ii.
509 2823 536 2858 1,
553 2822 600 2851 15.

47 2867 146 2898 Enim
162 2868 273 2896 lassam
289 2864 409 2906 oppido
436 2871 504 2895 tum
533 2873 603 2895 esse

46 2909 166 2940 aibant.
192 2909 275 2938 Hec.
292 2907 326 2937 ii.
347 2908 374 2944 l,
391 2906 443 2937 41.

47 2995 161 3025 lavem.
187 2993 316 3024 Phorm.
333 2991 354 3023 i.
372 2993 402 3030 4,
419 2993 449 3023 9.

684 181 783 223 latus]
799 182 991 225 Triumpho,
1008 183 1035 214 si
1051 184 1129 215 licet
1144 194 1197 215 me

641 226 737 256 latere
760 230 845 256 tecto
867 226 1050 258 abscedere.
1076 227 1198 259 Heaut.

641 266 682 298 iv.
701 269 730 305 2,
748 269 777 298 5.

684 309 791 351 laudo]
808 311 952 342 Laudare
967 310 1113 343 fortunas
1129 322 1197 343 me-

641 363 685 383 as.
718 353 804 384 And.
828 353 850 384 i.
881 355 908 391 l,
934 353 984 386 70.
1034 354 1198 395 Quicquid

640 395 762 432 dicunt,
777 397 868 426 laudo
877 409 888 426 .·
911 395 944 427 id
957 406 1085 428 rursum
1099 397 1126 428 si
1139 407 1196 428 ne-

639 444 728 478 gant,
745 440 835 469 laudo
850 438 883 469 id
900 449 1035 480 quoque.
1061 440 1146 471 Eun.
1163 440 1197 472 ii.

641 481 670 518 2,
685 482 736 512 20.
769 481 851 521 Ejus
867 482 943 522 quid
960 492 1020 523 ego
1036 482 1094 513 tibi
1111 493 1197 514 nunc

640 523 754 554 faciem
777 524 951 564 praedicem
973 531 1030 555 aut
1052 527 1198 557 laudem?

641 566 725 597 Eun.
742 566 787 597 iii.
804 568 833 604 5,
855 567 902 600 17.
942 567 1067 598 Vereor
1088 578 1195 599 coram

639 608 673 639 in
689 619 725 640 os
739 615 772 640 te
785 611 912 640 laudare
927 610 1076 652 amplius.
1101 610 1195 642 Adel.

639 651 670 682 ii.
690 653 719 688 4,
738 653 766 682 5.

681 693 764 735 lavo]
793 694 858 726 Ubi
886 705 945 725 nos
970 697 1140 732 laverimus,
1169 695 1196 727 si

639 736 736 774 voles,
753 739 861 768 lavato.
886 737 971 768 Eun.
988 737 1034 768 iii.
1052 739 1082 775 5,
1099 737 1139 771 47
1163 744 1197 769 et

638 780 688 810 48.
736 780 879 810 Unctum
905 786 1001 821 atque
1032 783 1148 812 lautum
1178 791 1196 812 e

638 822 770 853 balneis.
796 822 925 853 Phorm.
942 823 975 853 ii.
994 825 1023 860 2,
1041 824 1092 854 25.
1128 823 1194 854 Ve-

638 864 708 896 nias
724 865 804 895 mihi
817 865 968 906 precibus
983 867 1099 896 lautum
1118 876 1192 907 pec-

636 914 744 938 catum
769 914 870 938 tuum.
899 908 1030 939 Phorm.
1048 918 1077 939 v.
1096 908 1125 946 7,
1144 910 1194 940 80.

638 949 712 981 vide
729 950 842 981 Notas.

681 991 764 1032 laus]
781 993 833 1023 Ita
846 992 1007 1023 facillume
1023 993 1094 1024 sine
1109 993 1194 1024 invi-

637 1034 691 1065 dia
706 1036 824 1065 laudem
841 1034 998 1066 invenias.
1022 1035 1107 1066 And.
1125 1035 1146 1066 i.
1167 1037 1194 1073 1,

638 1078 688 1108 39.
727 1078 891 1112 Quantam
910 1083 943 1108 et
965 1088 1061 1117 quam
1085 1088 1194 1109 veram

638 1121 756 1150 laudem
772 1119 880 1161 capiet
896 1120 1078 1151 Parmeno?
1109 1121 1192 1152 Eun.

638 1172 667 1193 v.
691 1163 722 1199 4,
746 1164 775 1193 3.
823 1163 864 1193 In
891 1172 964 1193 mea
985 1162 1052 1194 vita
1076 1170 1112 1194 tu
1136 1164 1195 1194 tibi

638 1206 756 1235 laudem
768 1205 796 1235 is
808 1205 1002 1245 quaesitum?
1026 1206 1169 1237 Heaut.'
1160 1206 1193 1236 ιι.

638 1249 668 1284 3,
693 1247 744 1280 74.
787 1249 923 1278 Laudin'
953 1258 995 1278 an
1016 1248 1096 1279 vitio
1120 1249 1194 1279 duci

638 1290 757 1321 factum
774 1290 809 1321 id
825 1296 980 1331 oporteat.
1020 1290 1103 1321 Eam
1126 1293 1192 1322 lau--

637 1335 704 1363 dem
717 1332 770 1363 hic
781 1332 871 1363 ducit
882 1343 1076 1364 maxumam.
1099 1333 1193 1364 Adel.

639 1375 723 1406 Prol.
741 1377 760 1405 5
777 1381 811 1406 et
831 1377 879 1406 18.
918 1375 973 1406 An
995 1377 1080 1406 laudi
1102 1382 1196 1416 putat

637 1418 727 1448 sore?
758 1418 832 1448 Hoc
856 1419 941 1448 laudi
963 1424 1022 1448 est.
1054 1418 1194 1460 Adelph.

637 1460 682 1491 iii.
701 1464 730 1497 3,
748 1461 789 1491 28
805 1466 837 1491 et
855 1461 906 1490 64.
943 1460 1011 1491 Sibi
1026 1461 1110 1492 hanc
1126 1463 1193 1491 lau-

636 1505 702 1534 dem
714 1503 911 1543 relinquunt.
938 1503 1018 1534 Hec.
1035 1503 1080 1534 iii.
1099 1505 1128 1540 5,
1146 1504 1193 1534 11.

680 1545 779 1586 laute]
807 1546 934 1582 Facete,
959 1545 1076 1586 lepide,
1102 1548 1194 1583 laute,

637 1588 681 1618 nil
695 1590 802 1629 supra.
821 1588 906 1618 Eun.
920 1588 966 1618 iii.
984 1589 1010 1624 ι,
1025 1589 1075 1621 37.
1094 1590 1195 1620 Laute

638 1641 756 1661 munus
771 1630 1004 1661 administrasti
1016 1638 1116 1662 tuum.
1131 1631 1193 1662 Ad.

638 1684 666 1704 v.
688 1675 715 1710 l,
733 1675 762 1704 2.

680 1715 800 1756 lautus]
832 1716 955 1746 Omnes
983 1722 1014 1747 te
1042 1715 1077 1746 in
1108 1717 1194 1747 lauta

638 1768 708 1789 esse
731 1764 764 1789 et
783 1759 865 1789 bene
887 1764 981 1788 aucta
1007 1768 1043 1789 re
1066 1764 1192 1799 putant.

640 1801 759 1832 Heaut.
783 1800 825 1831 iv.
846 1802 876 1837 5,
898 1802 949 1831 50.
981 1800 1055 1831 vide
1079 1801 1191 1832 Notas.

642 1844 713 1874 Hoc
728 1843 901 1879 salsum'st‚
915 1843 976 1874 hoc
988 1843 1192 1881 adustum’st,

637 1886 697 1917 hoc
721 1887 879 1916 lautum’st
901 1896 1027 1927 parum.
1052 1885 1192 1927 Adelph.

637 1929 682 1959 iii.
700 1930 730 1966 3,
748 1929 798 1960 70.

680 1970 824 2011 lectulus]
842 1972 983 2001 Lectulos
994 1971 1073 2010 jube
1091 1970 1193 2002 sterni

637 2014 738 2044 nobis.
762 2013 903 2054 Adelph.
920 2013 953 2043 ii.
967 2014 997 2050 4,
1015 2014 1065 2043 21.
1116 2014 1191 2044 Lec-

637 2059 714 2087 tulos
728 2056 763 2086 in
778 2056 846 2087 sole
861 2055 972 2096 ilignis
994 2055 1130 2096 pedibus
1145 2055 1192 2086 fa-

636 2099 771 2130 ciundos
794 2098 892 2129 dedit.
926 2097 1066 2139 Adelph.
1092 2098 1134 2129 iv.
1163 2100 1192 2136 2,

679 2183 791 2224 lectus]
808 2184 891 2214 Eam
903 2183 938 2214 in
954 2185 1062 2214 lectum
1083 2183 1192 2214 conio·

636 2233 760 2257 carunt.
785 2227 870 2257 Eun.
887 2225 934 2256 iii.
949 2227 979 2263 5,
996 2226 1048 2256 45.
1085 2226 1195 2256 Lectos

636 2275 791 2305 sternere,
846 2278 971 2299 coenam
1026 2277 1192 2309 apparare.

639 2312 758 2342 Heaut.
775 2311 795 2341 i.
817 2312 843 2348 l,
861 2312 912 2343 73.
953 2310 1028 2340 Huc
1044 2316 1093 2341 est
1107 2310 1194 2341 intro

636 2354 720 2385 latus
740 2355 856 2384 lectus:
883 2352 1087 2384 vestimentis
1109 2359 1191 2384 stra-

638 2404 690 2427 tus
712 2402 771 2427 est.
801 2396 922 2426 Heaut.
947 2406 975 2426 v.
1003 2396 1030 2432 1,
1056 2396 1107 2426 30.
1147 2395 1194 2426 Ut

638 2439 745 2470 triduo
760 2439 820 2469 hoc
836 2444 994 2480 perpetuo
1009 2447 1158 2479 prorsum
1175 2448 1193 2469 e

637 2484 712 2512 lecto
727 2487 867 2522 nequeat
885 2489 1027 2521 surgere.
1051 2479 1192 2522 Adelph.

638 2524 679 2555 iv.
700 2525 726 2560 l,
743 2525 773 2554 4.

680 2565 762 2607 lego]
785 2565 917 2606 Accipe,
930 2565 1004 2596 hem
1021 2566 1138 2596 lectum’
1141 2571 1192 2601 st;

635 2609 808 2640 conveniet
838 2618 1002 2644 numerus,
1037 2614 1193 2648 quantum

637 2651 744 2682 debui.
771 2651 900 2681 Pborm.
915 2650 936 2681 i.
955 2652 984 2687 2,
1001 2651 1031 2680 3.

681 2692 824 2734 Lemnos]
844 2693 911 2723 Iter
925 2692 973 2723 illi
992 2692 1026 2723 in
1049 2693 1194 2723 Lemnum

637 2742 674 2767 ut
695 2742 789 2767 esset.
814 2734 1029 2771 Phorm.i.2,
1049 2735 1098 2765 16.
1121 2735 1193 2769 Qua

637 2778 799 2820 profectus
805 2787 900 2808 causa
907 2777 983 2808 hinc
990 2787 1026 2808 es
1033 2778 1194 2808 Lemnum?

638 2821 768 2851 Phorm.
781 2831 810 2851 v.
821 2820 843 2851 i.
860 2821 887 2850 l.
921 2819 1086 2856 Fructum,
1098 2829 1194 2860 quem

640 2864 745 2894 Lemni
766 2862 877 2894 uxoris
899 2862 1042 2893 reddunt
1064 2861 1194 2912 praedia.

1747 111 1792 146 59

1232 184 1375 216 Uxorem
1406 186 1514 216 Lemni
1540 184 1654 217 habuit
1683 185 1790 217 aliam.

1232 227 1362 259 Phorm.
1390 237 1419 259 v.
1450 227 1479 265 7,
1504 228 1556 259 49.
1606 227 1646 260 In
1678 230 1792 261 Lemno

1231 270 1314 301 clam
1330 276 1362 302 te
1377 280 1513 302 uxorem
1529 270 1632 302 duxit.
1657 271 1789 303 Phorm.

1232 314 1310 350 v.8,
1330 314 1379 344 15.

1274 355 1369 397 lenio]
1387 355 1507 387 Sedulo
1528 339 1699 393 faciebant,
1725 365 1790 397 quo

1231 397 1321 430 illam
1350 398 1430 430 mihi
1457 399 1589 430 lenirent
1613 397 1788 430 miseriam.

1233 441 1380 472 Heaut.'
1371 451 1392 472 ι.
1413 442 1440 478 1,
1458 440 1511 474 75

1274 483 1367 524 lenis]
1383 483 1449 519 Qui
1465 494 1517 515 me
1537 489 1603 515 tam
1627 485 1689 514 leni
1712 493 1772 525 pas

1231 536 1286 558 sus
1298 526 1408 557 animo
1419 532 1468 558 est
1480 526 1594 558 facere.
1619 526 1706 557 And.
1722 526 1743 557 i.
1757 527 1788 564 5,

1231 569 1284 601 27.
1322 569 1356 600 Si
1373 571 1447 600 lenis
1468 574 1528 606 est,
1544 569 1586 600 ad
1606 568 1706 600 alium
1730 568 1788 600 de-

1230 611 1333 643 fertur
1364 621 1505 653 gregem.
1545 611 1666 642 Heaut.
1699 611 1788 643 Prol.

1230 655 1282 685 45.
1323 654 1461 695 Ingenio
1478 660 1509 685 te
1527 664 1598 685 esse
1616 654 1651 685 in
1668 653 1788 686 liberos

1231 698 1291 728 leni
1307 703 1395 739 puto.
1422 697 1542 728 Heaut.
1561 696 1582 728 i.
1609 698 1636 734 1,
1661 697 1712 728 99.
1752 695 1788 728 Si

1231 745 1262 770 te
1278 745 1344 770 tam
1361 742 1421 771 lem·
1437 745 1470 770 et
1485 739 1570 770 victo
1585 749 1656 770 esse
1678 738 1787 770 animo

1230 782 1419 813 ostenderis.
1454 782 1575 813 Heaut.
1604 781 1651 813 iii.
1682 783 1710 820 1,
1734 782 1786 813 29.

1229 824 1317 860 Quid
1332 824 1399 855 vini
1416 824 1618 866 absumpsit?
1643 824 1723 855 Sic
1715 834 1785 862 noc,

1229 866 1360 903 dicens3
1400 867 1575 908 Asperum,
1601 873 1703 908 pater,
1725 867 1787 898 hoo

1229 916 1295 945 est;
1334 909 1422 940 aliud
1450 912 1547 940 lenius
1577 910 1671 940 sodes
1701 909 1786 941 vide.

1232 952 1351 983 Heaut.
1365 952 1411 983 iii.
1425 953 1452 990 1,
1463 953 1513 982 50.
1537 952 1786 992 Quemquamne

1229 1000 1294 1025 tam
1321 995 1431 1025 animo
1456 994 1541 1025 comi
1568 1005 1639 1026 esse
1667 1003 1700 1026 et
1725 996 1787 1026 lem·

1228 1038 1346 1078 putas?
1373 1037 1540 1068 Heautv.
1564 1038 1591 1074 1,
1616 1038 1667 1068 39.
1713 1037 1787 1086 Ego

1228 1089 1300 1110 sum
1318 1079 1428 1110 animo
1444 1081 1504 1110 lem*
1518 1087 1624 1111 natus.
1650 1080 1733 1110 Hec.
1749 1079 1784 1110 ii.

1230 1123 1259 1159 2,
1292 1123 1342 1153 28.
1395 1123 1508 1152 Lenem
1536 1128 1662 1163 patrem
1693 1122 1786 1153 illum

1228 1164 1349 1195 factum
1382 1175 1435 1195 me
1472 1174 1543 1195 esse
1580 1164 1784 1196 acerrimum.

1230 1207 1360 1238 Phorm.
1377 1206 1410 1237 ii.
1431 1208 1458 1243 l,
1474 1209 1524 1238 32.

1272 1249 1398 1290 lenitas]
1425 1250 1509 1280 Heri
1531 1259 1660 1291 semper
1676 1251 1786 1281 lenitas

1229 1293 1364 1323 verebar
1370 1303 1522 1333 quorsum
1530 1293 1691 1323 evaderet.
1698 1293 1726 1323 A
1731 1293 1784 1324 nd.

1228 1334 1249 1365 i.
1275 1336 1304 1372 2,
1328 1336 1357 1365 4.
1401 1335 1519 1376 Inepta
1541 1337 1651 1366 lenitas
1672 1335 1784 1377 patris.

1229 1377 1369 1418 Adelph.
1386 1377 1432 1408 iii.
1451 1379 1480 1415 3,
1498 1377 1548 1408 36.

1272 1419 1354 1459 leno]
1386 1420 1516 1450 Avarus
1548 1421 1623 1451 leno.
1663 1419 1784 1452 Heaut.

1230 1462 1315 1492 Prol.
1333 1463 1384 1493 39.
1423 1462 1507 1500 Vah,
1524 1464 1590 1493 leno
1604 1472 1656 1493 me
1673 1462 1787 1503 iniqua

1229 1514 1294 1535 non
1316 1504 1384 1535 volt
1405 1504 1502 1545 loqui.
1523 1505 1581 1536 SA.
1600 1506 1684 1535 Leno
1703 1515 1786 1542 sum,

1228 1546 1338 1584 fateor,
1345 1547 1507 1588 pernicies
1515 1547 1695 1578 communis
1704 1547 1783 1578 adu-

1227 1589 1429 1627 lescentium,
1473 1591 1632 1631 perjurus,
1672 1589 1785 1631 pestis.

1229 1631 1367 1674 Adelph.
1396 1632 1430 1663 ii.
1457 1633 1486 1670 1,
1511 1633 1552 1663 33
1576 1638 1610 1662 et
1634 1633 1686 1662 34.
1736 1632 1787 1664 Ea

1228 1675 1390 1706 serviebat
1421 1677 1520 1706 lenoni
1550 1674 1782 1716 impurissimo.

1228 1717 1358 1748 Phorm.
1375 1717 1396 1748 i.
1415 1719 1445 1754 2,
1462 1718 1513 1747 33.
1554 1717 1651 1754 Heia,
1668 1727 1710 1748 ne
1725 1727 1783 1758 pa-

1229 1770 1300 1790 rum
1317 1761 1382 1790 leno
1393 1759 1465 1791 sies.
1484 1759 1614 1790 Phorm.
1627 1759 1673 1790 iii.
1687 1761 1717 1796 2,
1731 1761 1783 1791 23.

1271 1801 1486 1842 lentiginosus]
1509 1803 1710 1842 Lentiginosa
1735 1801 1783 1833 fa-

1227 1844 1286 1875 cie.
1313 1845 1395 1875 Hec.
1408 1844 1454 1875 iii.
1469 1846 1500 1880 4,
1513 1844 1564 1877 27.
1580 1844 1655 1875 vide
1669 1845 1783 1876 Notas.

1271 1886 1386 1927 lepide]
1410 1887 1538 1924 Facete,
1565 1888 1673 1927 lepide,
1697 1887 1785 1918 laute

1228 1929 1274 1959 nil
1290 1939 1397 1970 supra.
1422 1929 1507 1960 Eun.
1524 1929 1570 1960 iii.
1591 1930 1620 1967 1,
1636 1929 1688 1962 37.

1271 1970 1404 2012 lepidus]
1430 1972 1460 2003 Ο
1487 1973 1619 2011 lepidum
1644 1977 1782 2013 patrem.

1229 2014 1313 2045 And.
1327 2025 1357 2045 v.
1372 2015 1402 2052 4,
1419 2015 1470 2045 45.
1510 2015 1540 2044 Ο
1554 2014 1732 2055 capitulum
1741 2016 1785 2046 le-

1224 2058 1424 2096 pidissimum.
1449 2057 1534 2088 Eun.
1546 2056 1593 2087 iii.
1609 2058 1638 2094 3,
1652 2058 1703 2088 25.
1732 2057 1782 2088 Ῑιι’

1227 2098 1303 2130 hinc
1333 2109 1397 2139 quo
1426 2099 1556 2140 dignu’s
1585 2109 1658 2130 cum
1689 2099 1785 2131 donis

1228 2141 1292 2172 tuis
1309 2149 1373 2172 tam
1390 2143 1509 2181 lepidis.
1533 2141 1619 2173 Eun.
1631 2141 1674 2172 iv.
1688 2143 1719 2179 3,
1734 2143 1784 2173 10.

1228 2184 1299 2224 Ego
1309 2183 1363 2225 pol
1377 2184 1433 2215 tibi
1446 2184 1529 2215 dabo
1540 2183 1629 2215 illam
1641 2186 1784 2224 lepidam,

1227 2237 1322 2267 quam
1339 2232 1374 2257 tu
1389 2226 1483 2257 facile
1494 2236 1592 2258 ames.
1617 2226 1739 2259 Heaut.
1754 2236 1784 2259 v.

1227 2269 1394 2307 5‚16.o
1411 2270 1543 2309 lepidum
1557 2275 1664 2310 caput.
1687 2269 1783 2301 Adel.

1226 2322 1256 2343 v.
1274 2312 1303 2349 9,
1322 2312 1351 2343 9.

1269 2353 1370 2394 lepus]
1385 2355 1487 2394 Lepus
1502 2359 1572 2385 tute
1594 2364 1639 2391 es,
1655 2360 1690 2386 et
1693 2354 1783 2403 pul-

1226 2403 1373 2428 mentum
1393 2396 1533 2437 quaeris?
1568 2397 1654 2428 Eun.
1678 2396 1726 2428 ιιι.
1754 2398 1782 2435 1,

1227 2439 1277 2470 36.
1302 2439 1377 2470 vide
1393 2439 1507 2470 Notas.

1270 2481 1360 2522 levis]
1393 2482 1517 2513 Omnes
1545 2481 1628 2513 mihi
1657 2481 1784 2514 labores

1227 2524 1328 2573 fuere,
1344 2534 1425 2564 quos
1443 2523 1526 2565 cepi,
1549 2526 1636 2555 leves.
1661 2524 1784 2556 Heaut.

1226 2566 1260 2597 ii.
1283 2567 1314 2604 4,
1339 2567 1388 2598 19.
1426 2567 1523 2598 Levia
1545 2573 1631 2604 sunt,
1653 2577 1726 2608 quae
1747 2573 1784 2599 tu

1226 2609 1397 2650 pergravia
1413 2618 1485 2640 esse
1506 2609 1542 2639 in
1563 2609 1709 2641 animum
1731 2609 1783 2641 in·

1227 2651 1321 2682 duxti
1351 2657 1453 2682 tuum.
1504 2651 1603 2682 Pueri
1631 2651 1719 2684 inter
1747 2662 1784 2684 se

1226 2703 1306 2767 3335
1317 2695 1511 2767 ιρὶἳυιῖἒῗὲἔ
1521 2693 1785 2787 ἲὲῃῗῗεῗέἔξὲ

1227 2778 1330 2820 pueri,
1354 2780 1412 2809 lem·
1433 2778 1605 2810 sententia.
1630 2779 1713 2811 Hec.
1736 2779 1783 2811 iii.

1232 2822 1259 2859 l,
1279 2822 1327 2852 12.
1345 2821 1397 2858 30,
1413 2827 1447 2852 et
1462 2822 1514 2852 32.
1552 2821 1640 2852 Οιιιιι
1652 2821 1784 2862 quidem

1229 2870 1261 2894 te
1270 2874 1375 2894 causae
1384 2863 1584 2906 inpellebant
1593 2865 1680 2896 leves.
1699 2865 1782 2896 Hec.

640 2906 769 2937 Phorm.
793 2905 836 2936 iv.
862 2906 893 2942 3,
923 2904 973 2937 73.
1017 2905 1101 2936 Cum
1126 2906 1195 2944 ejus
1228 2905 1274 2936 iii.
1290 2907 1322 2943 4,
1340 2907 1389 2937 12.
1429 2905 1524 2944 Nolo,
1540 2907 1678 2938 leniorem
1692 2907 1784 2938 vobis

90 2950 184 2991 later]
209 2951 349 2990 Purgem
372 2950 447 2980 me?
481 2950 605 2980 laterem
637 2948 808 2979 consuevit
821 2947 898 2978 olim
914 2953 1017 2978 matre
1033 2946 1068 2978 ιιι
1084 2948 1196 2978 Lemno
1228 2948 1369 2980 viderier
1391 2947 1552 2981 inmerito.
1585 2948 1670 2980 Hec.
1697 2960 1726 2981 v.
1756 2951 1783 2987 1,

638 2990 830 3022 clanculum.
867 2989 998 3021 Phorm.
1029 2999 1058 3021 v.
1084 2989 1115 3027 6,
1142 2990 1193 3021 33.
1228 2991 1280 3022 33.
1321 2991 1360 3023 Id
1376 2991 1489 3023 ἀνίει.
1514 2991 1598 3023 Hec.
1615 2995 1645 3023 v.
1663 2993 1694 3029 2,
1713 2993 1762 3023 15.
