1852 3216
103 133 243 162 semu
266 118 334 174 11.]

695 118 1052 163 PHORMIO.

1554 119 1639 161 565

161 208 359 258 pellexit,
380 210 510 251 modo
527 224 615 252 non
633 211 789 252 montis
810 210 904 252 auri
922 209 1145 265 pollicens.

161 275 252 317 DA.
275 274 358 316 Cui
377 282 496 317 tanta
514 283 608 317 erat
627 291 712 327 res,
734 284 779 318 et
801 276 1054 331 supererat?
1105 273 1193 316 Gn.
1218 272 1429 315 Desinas:

103 350 145 380 20
160 341 233 383 Sic
253 349 319 383 est
338 342 568 396 ingenium.

620 342 709 384 DA.
732 342 807 384 Oh
825 344 834 383 !
867 356 1011 396 regem
1031 355 1098 381 me
1119 354 1217 382 esse
1238 340 1441 395 oportuit.

160 407 248 449 GE.
273 408 499 449 Abeuntes
520 408 645 450 ambo
665 407 735 450 hic
757 415 846 450 tum
868 422 991 449 senes
1012 421 1078 448 me
1100 404 1197 447 filiis

161 472 429 528 Relinquunt
449 474 572 528 quasi
592 474 854 530 magistrum.

908 472 997 514 DA.
1021 472 1063 513 O
1087 471 1218 522 Geta,
1239 471 1499 545 provinciam

161 538 327 594 Cepisti
346 539 522 580 duram!
574 538 662 580 GE.
688 538 801 580 Mihi
820 553 924 580 usus
945 538 1076 588 venit,
1097 537 1180 580 hoc
1201 537 1312 579 scio:

163 604 343 646 Memini
362 603 546 660 relinqui
567 619 633 646 me
655 604 755 646 Deo
775 605 884 646 irato
904 619 1013 646 meo.

103 678 143 708 25
161 669 287 725 Coepi
306 670 524 711 adversari
545 670 703 725 primo:
736 670 840 725 quid
860 670 1002 712 verbis
1024 683 1111 724 opu
1113 668 1164 710 'st
1180 669 1198 710 ’ζ

103 809 178 840 AEn.
196 809 242 841 iii.
260 811 309 841 82.
338 811 529 850 Veteremque
551 811 711 841 Anchisem
726 811 849 850 agnovit

102 856 238 884 amicum.
286 853 359 884 Hoc
390 860 497 884 autem
535 852 666 888 addidit,
698 859 734 883 ut
764 861 849 883 esset

101 896 217 927 idonea
232 906 328 927 causa
350 895 523 936 navigandi
545 895 624 927 seni.
670 897 774 926 Senem
793 906 848 935 per

101 941 244 979 epistolas
253 939 397 980 pellexit]
414 941 567 979 Epistulas
579 938 725 974 dicendo,
738 945 845 969 osten-

101 982 150 1013 dit
170 993 245 1014 eum
267 993 331 1014 non
353 982 453 1013 semel
476 982 652 1023 scripsisse.
698 980 846 1022 Pelles-ie]

102 1025 258 1057 Induxit:
283 1026 329 1057 sic
351 1025 466 1066 Virgil.
490 1025 566 1056 AEn.
583 1024 616 1055 ii.
641 1026 692 1056 90.
716 1026 848 1055 Pellaeis

107 1071 236 1110 Ulyssei.
278 1069 446 1100 D.—-·Tres
472 1078 514 1099 ex
538 1068 656 1099 nostris
682 1069 847 1108 epistolam,

100 1118 134 1143 et
155 1112 201 1143 sic
226 1111 409 1143 Priscianus
425 1122 456 1154 p.
482 1112 572 1143 1190.
597 1111 661 1142 Sed
683 1111 848 1152 vulgarem

101 1155 303 1187 retinendam
318 1163 479 1196 putamus.
512 1155 549 1186 B.

148 1200 196 1230 18.
214 1200 305 1230 Modo
315 1211 372 1230 non
383 1205 495 1230 montes
509 1200 579 1229 auri
590 1196 751 1246 pollicens]
766 1197 845 1228 Pro-

101 1241 252 1273 verbialis
268 1241 429 1282 ὑπερβολὴ
444 1242 527 1273 facta
541 1252 599 1282 per
613 1241 846 1282 exceptionem,

100 1293 156 1316 aut
177 1295 236 1326 per
257 1285 518 1326 superlationem,
535 1291 590 1315 aut
610 1295 733 1325 aequam
749 1283 846 1314 colla-

100 1329 230 1360 tionem.
278 1329 317 1368 Ej
321 1328 446 1359 asmodi
470 1335 519 1359 est
545 1327 625 1358 illud
656 1327 845 1358 Demosthe-

100 1372 162 1408 nis,
187 1371 356 1411 μονονουχὶ
384 1371 490 1411 φωνὴν
516 1369 626 1411 ἀφιείς.
672 1372 762 1401 Modo
791 1382 848 1400 non

99 1420 211 1446 montes
226 1414 311 1455 auri]
330 1414 458 1445 Sallust.
476 1414 545 1445 Cat.
563 1415 613 1444 23.
639 1415 745 1444 Maria
767 1425 847 1444 mon-

100 1464 202 1499 tesque
225 1459 363 1497 polliceri
389 1459 488 1497 coepit.
533 1459 625 1488 Modo
654 1468 710 1487 non
738 1462 849 1487 montes

97 1504 168 1532 auri
186 1500 346 1542 pollicens]
372 1501 465 1531 More
486 1507 650 1531 veterum:
674 1499 748 1540 quia
770 1500 843 1530 hos-

97 1545 183 1586 pites
211 1544 391 1585 hospitibus
417 1544 518 1574 multa
544 1543 714 1574 donabant.
758 1543 846 1574 D.-

99 1587 248 1628 Pellexit]
276 1587 423 1629 Decepit‚
449 1587 569 1618 fefellit.
594 1586 683 1627 Virg.
708 1586 784 1617 AEn.
809 1586 843 1617 ii.

98 1632 148 1662 90.
170 1633 288 1662 Invidia
301 1637 456 1671 postquam
469 1632 595 1670 pellacis
611 1631 640 1661 U
641 1631 729 1670 lyris.
762 1630 846 1660 E.—

100 1674 249 1714 Pellen't]
270 1674 423 1705 Priscian.
440 1674 494 1704 lib.
512 1683 542 1704 x.
562 1675 682 1704 Montes
696 1675 766 1703 auri
779 1674 845 1712 pol-

101 1717 210 1758 licens]
230 1717 382 1748 Menand.
399 1718 574 1748 Βασιλικῶς
589 1715 845 1756 ὑπισχνούμενος,

101 1760 140 1791 τὸ
156 1760 193 1798 δὴ
209 1759 384 1799 λεγόμενον
404 1761 514 1795 Τοῦτο,
529 1759 571 1790 τὰ
584 1761 643 1796 τῆς
656 1760 717 1798 γῆς
733 1759 844 1798 ἆγαθα.

102 1803 262 1845 Apuleius
288 1804 322 1834 in
348 1803 442 1845 Apol.
474 1803 663 1843 Hieronym.
694 1802 847 1833 adversus

102 1847 228 1878 Paulin.
255 1848 328 1877 Cum
340 1852 451 1877 montes
462 1857 567 1877 aureos
579 1844 848 1886 pollicitusfueris,

101 1901 138 1921 ne
160 1896 305 1921 scorteum
327 1892 446 1931 quidem
472 1901 620 1920 nummum
642 1891 679 1920 de
702 1891 850 1919 thesauris

102 1935 164 1964 tuis
177 1932 323 1973 proferas.
364 1933 491 1964 Plaut.'
482 1943 517 1963 ln
535 1932 662 1963 Milite
654 1943 695 1962 ιν.
710 1934 738 1962 2.
754 1933 850 1964 72.—

100 1982 214 2016 proeter
237 1979 408 2008 thesaurum
439 1978 513 2006 Tum
537 1978 657 2016 argenti
683 1980 794 2006 montes
819 1980 850 2006 et

101 2031 216 2051 massas
228 2022 327 2051 habet.
366 2019 519 2050 Prudent.
536 2019 577 2050 de
589 2019 739 2050 Laurent.
754 2020 844 2049 55.—

91 2062 226 2104 sulgidae
241 2070 354 2094 montes
369 2068 491 2094 moneta·
507 2064 648 2093 conditos.
682 2062 718 2092 1..

149 2108 197 2138 19.
217 2108 274 2138 Cui
297 2112 384 2137 tanta
399 2111 465 2136 erat
487 2104 551 2146 res]
572 2107 637 2140 Cui.
654 2104 781 2136 dativus
795 2115 847 2135 ca-

102 2160 157 2181 sus
173 2157 230 2181 est.
277 2150 419 2181 Domino
434 2159 475 2179 ne
497 2156 562 2186 tuo,
584 2148 699 2188 inquit,
715 2148 847 2189 pollice-

102 2194 197 2225 batur
218 2194 296 2230 haec,
312 2192 364 2224 cui
387 2200 476 2223 tanta
491 2203 542 2223 res
558 2193 647 2222 erat?
689 2193 746 2222 Cui
762 2196 849 2222 tanta

102 2242 170 2268 erat
180 2236 245 2277 res]
268 2237 367 2267 Deest
380 2247 444 2267 eum
456 2248 466 2266 .·
490 2243 526 2266 ut
537 2235 588 2272 sit,
605 2235 688 2266 Eum
705 2234 847 2275 pellexit,

102 2279 155 2311 cui
178 2286 266 2311 tanta
282 2290 333 2312 res
349 2281 442 2310 erat?
481 2280 524 2309 Et
545 2284 701 2317 supererat
713 2278 747 2319 ?]
771 2277 849 2309 Plus

103 2329 154 2354 est
167 2334 330 2363 superesse,
346 2333 441 2363 quam
457 2333 528 2353 esse.
563 2322 604 2353 D.

147 2367 198 2397 20.
213 2368 353 2403 Desinas,
367 2369 410 2396 sie
423 2371 468 2397 est
477 2364 645 2406 ingenium]
657 2364 849 2396 Necessaria

104 2415 153 2440 est
167 2409 208 2440 ad
223 2409 338 2440 fabuloe
353 2407 497 2440 ἐπίτασιν
511 2408 645 2439 avaritia
669 2408 847 2449 Demipho-

104 2452 174 2483 nis:
199 2458 235 2483 ut
250 2454 368 2492 majore
382 2452 527 2493 periculo
549 2452 604 2482 illo
619 2451 751 2483 absente
765 2451 847 2482 dux-

103 2496 166 2526 erit
182 2495 266 2526 filius
281 2495 466 2526 indotatam.
514 2496 597 2526 Nam
615 2505 689 2525 mox
705 2494 849 2526 dicturus

103 2545 162 2575 est,
179 2540 272 2569 Illene
294 2540 461 2569 indotatam
479 2541 634 2579 virginem,
651 2544 740 2578 atque
763 2540 846 2578 igno-

104 2584 193 2613 bilem
204 2583 293 2612 daret
307 2583 355 2611 illi
364 2584 381 2612 ?
411 2583 463 2612 Sic
478 2587 523 2613 est
532 2580 700 2622 ingenium]
719 2581 847 2622 Praepa-

103 2625 186 2656 ratio
208 2625 301 2661 bona,
317 2635 380 2664 qua
394 2631 426 2655 et
441 2624 532 2655 dives
545 2632 578 2655 et
593 2634 708 2655 avarus
728 2623 847 2654 descri-

105 2669 193 2699 bitur
217 2667 389 2709 Demiph0,
406 2674 441 2698 ut
463 2667 623 2698 indotatas
645 2666 774 2708 nuptias
790 2667 849 2697 filii

104 2712 188 2742 ferre
200 2722 264 2741 non
277 2710 386 2751 possit.
425 2712 476 2741 Sic
486 2716 532 2741 est
543 2710 712 2751 ingenium]
727 2709 847 2740 Recte:

103 2765 169 2786 non
193 2755 289 2790 enim,
306 2753 420 2793 inquit.
436 2753 565 2784 fortuna
581 2763 695 2783 avarus
717 2759 775 2790 est,
792 2753 850 2784 sed

103 2804 228 2829 natura.
274 2799 326 2827 Sic
347 2802 392 2828 est
413 2795 581 2837 ingenium]
606 2795 784 2826 Omnium?
807 2806 849 2827 an

104 2841 251 2872 domini?
277 2839 341 2871 Sed
363 2840 465 2880 magis
479 2838 611 2870 domini.
658 2840 724 2870 Oh!
751 2850 850 2880 regem

103 2896 149 2915 me
171 2896 233 2915 esse
255 2882 401 2923 oportuit]
426 2882 578 2913 Ostendit
601 2891 779 2923 pauperum
802 2882 848 2913 af-

104 2927 268 2963 fectiones,
299 2926 354 2967 qui
380 2936 415 2957 se
439 2926 523 2957 solos
548 2925 597 2956 uti
620 2924 742 2955 divitiis
766 2925 850 2956 scire

103 2971 206 3008 aiunt,
221 2970 249 3002 si
265 2980 319 3002 eas
334 2970 482 3001 habeant.
523 2970 568 3002 ΟΙι
580 2976 593 3000 .’
615 2979 660 2999 me
674 2979 773 3009 regem
787 2979 850 3000 esse

891 808 1039 849 oportuit]
1066 808 1157 838 Acue
1178 818 1232 838 me.
1272 807 1471 848 D.—Regem
1492 819 1538 840 me
1557 807 1638 849 esse]

891 851 1027 892 Antiqui
1044 851 1140 882 etiam
1156 850 1296 881 maxime
1313 850 1347 881 in
1363 851 1529 882 comoediis
1544 851 1637 883 ditis-

890 894 990 926 simos
1001 904 1143 935 quosque
1158 905 1244 934 reges
1256 893 1405 925 dicebant
1417 906 1424 924 :
1442 894 1490 925 uti
1505 894 1639 936 parasiti

891 948 945 969 eos
960 948 980 968 a
1001 938 1117 978 quibus
1138 938 1361 978 pascebantur,
1385 948 1470 978 reges
1491 937 1636 980 appella-

891 981 978 1012 bant.
1011 981 1049 1012 Ε.

935 1025 985 1054 21.
1002 1025 1156 1055 Abeuntes
1169 1025 1254 1054 ambo
1268 1025 1338 1054 hinc
1351 1022 1430 1064 tum]
1447 1025 1530 1055 Hinc
1543 1030 1576 1055 et
1590 1026 1640 1056 hie

890 1066 1010 1108 legitur
1023 1079 1030 1097 z
1055 1074 1088 1097 et
1102 1074 1151 1097 est
1167 1066 1254 1103 ordo,
1273 1066 1338 1097 Hic
1350 1066 1537 1107 relinquunt
1552 1067 1638 1099 filiis.

891 1109 1000 1151 Filiis]
1019 1110 1156 1151 Propter
1172 1109 1263 1147 filios.
1296 1110 1495 1141 D.—Lecti0
1511 1118 1638 1142 nostro-

890 1164 962 1184 rum
985 1153 1077 1184 codd.
1102 1155 1182 1190 hinc,
1204 1160 1243 1184 ut
1264 1153 1420 1184 referatur
1442 1154 1482 1184 ad
1504 1154 1639 1196 propius

889 1199 1042 1234 abeuntes,
1059 1196 1160 1237 magis
1176 1196 1291 1238 placet,
1304 1207 1398 1236 quam
1412 1199 1460 1227 hic
1477 1197 1637 1235 Bembini,

890 1240 975 1280 quod
1002 1239 1206 1271 referendum
1229 1246 1280 1271 est
1299 1239 1340 1270 ad
1366 1240 1520 1272 remotius
1542 1243 1636 1272 relin-

891 1288 994 1324 quunt.
1027 1284 1064 1314 B.

934 1328 984 1357 22.
1009 1325 1211 1366 Relinquunt]
1237 1326 1277 1357 Id
1293 1331 1351 1363 est,
1367 1336 1432 1357 non
1455 1336 1564 1358 secum
1580 1328 1637 1359 ab·

891 1369 1022 1400 ducunt.
1078 1371 1173 1403 Quasi
1195 1369 1389 1410 magistrum]
1414 1370 1504 1401 Bene
1526 1373 1637 1410 quasi:
1671 1370 1678 1372 ⁷

892 1413 945 1454 qui
971 1423 1035 1444 non
1060 1411 1232 1453 complevit
1258 1412 1316 1443 hoc
1342 1412 1459 1454 ipsum,
1484 1423 1543 1444 nec
1570 1413 1639 1445 vult

893 1466 972 1487 esse.
1003 1455 1204 1496 Magistrum]
1218 1455 1271 1486 Sic
1283 1455 1408 1487 Latini:
1426 1467 1521 1497 quem
1531 1457 1638 1488 Graeci

887 1498 1089 1538 παιδαγωγὸν
1114 1498 1287 1540 appellant.
1335 1501 1361 1530 O
1385 1501 1486 1531 Geta!
1513 1503 1619 1540 provin

888 1545 967 1573 ciam
982 1544 1090 1582 cepisti
1100 1541 1224 1583 duram]
1243 1542 1421 1582 Acquisitae
1436 1542 1520 1574 bello
1542 1543 1638 1584 longe

888 1587 928 1616 ab
946 1586 960 1616 1
966 1585 1041 1616 talia
1056 1585 1214 1626 regiones,
1229 1588 1393 1625 provinciae
1408 1585 1503 1617 dictae
1516 1594 1601 1624 sunt,
1618 1597 1639 1618 a

888 1639 984 1670 porro
997 1628 1046 1659 vel
1057 1628 1168 1670 procul
1180 1635 1212 1660 et
1220 1628 1397 1660 vincendo:
1424 1629 1464 1660 ad
1474 1640 1552 1670 quas
1562 1629 1639 1671 quia

888 1681 1042 1713 praetores
1069 1682 1142 1703 cum
1163 1671 1267 1703 officio
1289 1672 1508 1710 mittebantur,
1532 1673 1637 1704 officia

889 1726 1015 1756 quoque
1033 1717 1196 1755 provinciae
1219 1715 1436 1747 nominantur.
1485 1718 1511 1747 Ο
1534 1718 1639 1748 Geta!

886 1757 1089 1799 provinciam]
1105 1758 1280 1800 Splendide
1287 1762 1472 1799 provinciam
1479 1759 1570 1791 dixit.
1594 1760 1636 1791 D.

889 1802 1031 1836 ——Quasi
1052 1801 1247 1842 magistrum]
1264 1802 1365 1837 Quasi
1381 1802 1572 1834 monitorem
1587 1810 1636 1834 at-

892 1855 954 1885 que
966 1844 1141 1876 custodem.
1179 1844 1387 1886 Provinciam]
1404 1845 1564 1877 Officium.
1598 1846 1637 1878 E.

937 1889 987 1919 23.
1014 1889 1096 1919 Mihi
1123 1899 1193 1919 usus
1217 1887 1315 1929 venit]
1344 1889 1528 1929 Aliquando
1557 1889 1638 1921 mihi

891 1931 1036 1972 contigit.
1068 1931 1278 1963 E.—Omnes
1295 1931 1411 1963 Faerni
1423 1932 1548 1973 antiqui
1561 1932 1638 1964 libri

892 1975 1013 2006 habent
1034 1986 1106 2006 usus
1126 1986 1153 2005 υ.
1177 1974 1264 2006 solus
1287 1975 1400 2006 Bemb.
1422 1986 1494 2006 usus
1515 1978 1637 2007 evenit.-

892 2018 1003 2054 nostri,
1025 2030 1081 2048 usn
1103 2019 1193 2048 venit.
1242 2017 1422 2059 Utrumque
1443 2029 1532 2050 more
1554 2018 1635 2051 dici-

893 2068 955 2097 tur,
971 2071 1069 2092 sensu
1084 2060 1205 2092 eodem.
1240 2061 1277 2092 B.

936 2106 986 2135 24.
1010 2106 1137 2135 Memini
1150 2106 1280 2145 relinqui
1302 2115 1357 2141 me,
1374 2106 1439 2136 Deo
1458 2106 1539 2136 irato
1557 2105 1637 2147 meo]

893 2147 946 2178 Sic
964 2147 1053 2188 Virg.
1068 2147 1124 2178 xii.
1138 2148 1209 2178 539.
1226 2159 1279 2179 nec
1297 2149 1338 2178 Di
1349 2153 1448 2179 texere
1463 2149 1637 2189 Cupencum,

892 2192 992 2222 AEnea
1007 2193 1150 2228 veniente,
1165 2193 1223 2221 mi.
1263 2191 1336 2222 Hoc
1353 2192 1468 2233 Asper.
1485 2191 1543 2223 sed
1558 2192 1640 2224 mihi

891 2234 1019 2265 videtur
1045 2234 1085 2265 ad
1111 2234 1171 2265 hoc
1198 2234 1359 2265 addidisse
1384 2245 1456 2271 meo,
1482 2245 1524 2266 ne
1554 2242 1640 2267 esset

892 2276 1081 2317 ἀμφίβολον,
1105 2277 1157 2308 cui
1178 2277 1310 2315 diceret,
1334 2278 1418 2308 Irato
1439 2279 1514 2309 Deo.
1558 2278 1636 2311 Nae-

892 2320 964 2351 vius
986 2321 1019 2351 in
1044 2320 1215 2361 Stalagmo,
1231 2322 1297 2351 Deo
1314 2332 1376 2352 meo
1393 2323 1536 2361 propitia,
1557 2333 1639 2354 meus

891 2366 973 2394 homo
999 2369 1053 2395 est.
1098 2363 1226 2395 Memini
1247 2366 1378 2405 relinqui
1399 2375 1453 2401 me,
1472 2366 1536 2396 Deo
1557 2367 1638 2397 irato

890 2406 969 2447 meo]
996 2409 1124 2438 Domino
1147 2406 1250 2438 dixit:
1282 2417 1324 2437 an
1348 2417 1423 2438 vere
1449 2407 1545 2439 Deo?
1593 2409 1638 2441 Et

891 2450 974 2481 bene
1003 2461 1075 2487 meo,
1100 2460 1141 2481 ne
1168 2457 1253 2481 esset
1283 2449 1471 2491 ἀμφίβολον.
1518 2451 1562 2483 Et
1590 2452 1637 2485 sic

891 2493 984 2530 dixit,
1004 2495 1132 2524 Memini
1146 2495 1285 2534 relinqui,
1302 2500 1339 2524 ut
1359 2493 1394 2524 in
1410 2493 1544 2532 Andria,
1566 2496 1636 2528 Μι-

891 2539 965 2567 mini
980 2548 1025 2568 me
1040 2538 1150 2574 videre,
1167 2544 1209 2574 et,
1226 2538 1354 2568 Memini
1368 2548 1413 2567 me
1426 2539 1499 2576 fieri
1516 2549 1637 2578 pavum,

893 2580 1029 2611 Ennius.
1071 2580 1221 2611 D.-—-Deo
1250 2582 1330 2611 irato
1358 2579 1437 2621 meo]
1465 2580 1577 2613 Teneo
1602 2582 1637 2614 in

892 2623 1047 2654 memoria
1057 2622 1176 2654 dimitti
1189 2626 1268 2654 irato
1279 2624 1344 2654 Deo
1351 2635 1424 2661 meo,
1435 2623 1486 2654 vel
1497 2624 1638 2664 domino,

892 2666 944 2697 vel
966 2666 1072 2707 genio,
1095 2666 1146 2697 vel
1169 2673 1257 2697 certe
1281 2666 1362 2697 Deo.
1407 2666 1528 2699 Noster
1549 2668 1637 2700 enim

895 2710 985 2740 Deus
1007 2716 1066 2747 est,
1083 2709 1138 2749 qui
1161 2709 1249 2740 favet
1270 2709 1386 2740 nobis.
1409 2710 1465 2751 qui
1487 2710 1514 2741 si
1537 2710 1638 2744 iratus

892 2752 1008 2800 suerit,-
1015 2752 1150 2783 adversa
1165 2752 1273 2783 omnia
1290 2752 1440 2794 patimur.
1486 2754 1532 2785 Ut
1546 2754 1637 2797 Virg.

893 2795 969 2826 AEn.
1000 2795 1033 2826 ii.
1066 2796 1137 2826 396.
1178 2797 1321 2827 Vadimus
1351 2798 1480 2828 immixti
1507 2799 1637 2837 Danais,

892 2840 976 2869 haud
989 2841 1108 2870 numine
1122 2844 1230 2870 nostro.
1263 2839 1302 2870 E.

937 2883 987 2912 25.
1007 2881 1089 2916 Quid
1102 2884 1200 2914 verbis
1211 2893 1283 2922 opus
1293 2881 1356 2924 eet]
1364 2882 1521 2925 ,Repente
1536 2883 1635 2917 infer-

893 2933 955 2961 tur,
974 2924 1058 2999 (gia
1071 2936 1144 2966 opus
1157 2931 1203 2958 eet
1218 2927 1342 2958 verbis?
1363 2933 1396 2959 et
1410 2926 1489 2960 satu
1505 2929 1636 2961 morali-

893 2975 1027 3000 ter..
