1852 3216
223 122 278 162 liv
762 122 843 163 DE
879 122 1205 164 THEATRO.

223 208 452 262 prebebant
477 207 787 249 oblectationem.
843 209 1013 251 Theatra
1038 208 1167 251 autem
1194 218 1305 251 eraut
1330 210 1509 258 edificia,
1536 210 1599 251 vel
1625 223 1649 250 a
1726 230 1748 239 ·

224 271 333 303 ratus
350 262 390 302 in
406 260 541 315 populi
557 262 720 315 gratiam
738 264 930 311 instructi,
949 264 997 304 ad
1016 264 1218 317 hemicycli
1244 278 1263 303 s
1337 265 1424 311 iem,
1443 264 1493 304 ad
1511 274 1670 327 spectan

228 315 367 357 ludos:
399 316 613 368 spectacula
641 315 779 357 Latine
810 331 1015 371 possumus
1044 318 1185 358 dicere.
1276 332 1341 358 um
1371 319 1497 358 forum
1529 319 1747 358 institutum

227 371 356 417 suerit,
388 370 531 422 (inquit
563 369 800 422 Vitruvius,)
828 383 909 411 tum
945 372 1108 412 deorum
1144 372 1418 412 immortalium
1454 373 1590 412 diebus
1625 372 1747 418 sestis,

228 424 407 464 ludorum
436 424 747 476 spectationibus,
767 425 969 478 eligendus
999 436 1059 465 est
1089 425 1196 466 locus
1225 427 1375 466 theatro
1401 440 1515 478 quam
1541 426 1748 466 saluberri-

229 492 330 518 mus.
370 478 540 517 Fuerunt
557 488 684 518 autem
706 479 853 519 theatra
866 479 1030 519 duorum
1047 493 1255 532 generum:
1283 480 1358 519 alia
1377 480 1503 532 lignea
1517 490 1557 519 et
1572 480 1748 532 pluribus

232 532 542 572 tabellationibus
558 541 749 579 extructa,
764 533 891 584 qualia
909 533 1010 572 ludis
1030 533 1193 585 publicis
1212 534 1414 584 quotannis
1434 534 1579 573 fiebant
1598 533 1748 579 Romae,

230 596 347 638 atque
370 599 416 625 ea
443 586 625 638 perennia
649 599 724 626 non
754 587 932 626 suerunt:
961 587 1035 626 alia
1062 596 1260 626 sumtuosa
1287 596 1326 626 et
1354 587 1510 632 nobilia,
1537 601 1588 626 ex
1615 587 1749 626 solidis

231 642 359 685 rebus,
380 639 420 678 id
444 648 515 686 eat,
534 653 586 679 ex
613 649 806 680 structura
834 650 1120 686 caementorum,
1141 639 1269 692 lapide
1295 649 1363 679 aut
1389 654 1580 680 marmore
1606 642 1752 681 consti-

233 703 328 741 tuta,
357 693 470 785 qpale
499 702 559 733 est
588 693 693 746 quod
722 694 939 733 construxit
973 693 1033 733 M.
1065 693 1231 733 Scaurus
1263 694 1300 732 in
1328 694 1513 734 aedilitate
1543 708 1625 738 sua,
1657 695 1750 733 item

231 749 347 787 etiam
401 748 588 800 ompeius,
602 757 642 787 et
659 747 723 786 alii
742 747 936 799 permulti.
994 747 1053 786 Ita
1071 757 1200 786 autem
1220 748 1475 799 compositum
1495 749 1567 787 fuit
1586 748 1751 800 antiquis

233 802 438 847 theatrum,
461 811 506 841 ut
533 815 580 841 eo
610 802 855 847 conveniens,
875 811 915 840 et
941 801 1143 841 commode
1169 802 1309 840 sedens
1338 803 1464 846 turba,
1492 815 1514 841 e
1541 801 1752 854 longinquo

233 855 346 895 facile
376 864 552 908 spectare
580 865 723 908 posset,
753 869 924 895 concavo
953 854 1168 907 aequalique
1198 855 1386 907 parietum
1413 856 1678 907 circumjectu,
1710 865 1754 895 ut

233 909 296 949 vel
324 909 399 950 leni
427 923 521 949 sono
543 909 647 948 dicta
666 910 796 956 verba,
815 909 865 948 ad
891 909 1053 949 alterum
1081 910 1220 948 theatri
1239 919 1355 961 caput
1379 909 1529 948 facilius
1549 910 1752 949 ferrentur.

233 963 376 1004 Postea
390 977 482 1003 vero
493 964 755 1015 excogitatum
770 972 829 1002 est
845 963 1035 1003 theatrum
1051 964 1089 1002 in
1103 962 1307 1002 rotundam
1321 963 1484 1002 formam
1498 973 1581 1003 exst
1587 974 1753 1009 ructum,

233 1017 310 1058 alio
337 1017 459 1057 multo
485 1017 738 1056 excellentius
765 1027 882 1069 atque
905 1018 1096 1070 capacius,
1125 1018 1326 1069 magisque
1352 1027 1618 1056 sumtuosum:
1649 1018 1755 1070 quod

233 1072 327 1124 quia
353 1070 472 1111 veluti
499 1084 551 1110 ex
577 1070 730 1110 duobus
757 1080 951 1110 constaret
978 1072 1150 1117 theatris,
1173 1071 1455 1123 rotundamque
1483 1071 1659 1122 figuram,
1679 1084 1756 1111 non

232 1125 315 1178 jam
342 1124 506 1177 amplius
533 1124 787 1176 hemicyclum
815 1126 988 1171 referret,
1018 1127 1069 1164 ob
1095 1125 1136 1164 id
1164 1125 1477 1178 amphitheatrum
1507 1126 1653 1165 dictum
1682 1135 1754 1172 est,

235 1178 350 1231 quale
381 1188 452 1223 est,
486 1179 590 1230 quod
627 1179 741 1218 hodie
778 1179 914 1218 Romae
948 1179 1113 1226 videtur,
1150 1179 1356 1230 aliquando
1389 1180 1438 1218 ab
1475 1179 1647 1218 Antonio
1684 1179 1756 1219 Pio

236 1233 483 1279 aedificatum,
510 1242 551 1271 et
576 1247 599 1272 a
626 1233 767 1272 Gothis
794 1233 1037 1272 devastatum
1060 1233 1300 1284 (Collisaeum
1327 1232 1466 1286 vulgus
1494 1234 1626 1283 vocat)
1651 1233 1757 1284 quod

236 1287 481 1340 potissimum
504 1287 554 1326 ad
576 1286 650 1326 alia
673 1287 894 1339 spectacula
910 1286 1028 1339 vulgo
1054 1287 1305 1339 proponenda
1323 1287 1468 1326 sactum
1486 1297 1603 1339 atque
1622 1287 1757 1326 inven-

237 1353 319 1380 tum
339 1341 434 1380 fuit:
463 1354 550 1380 nam
577 1340 627 1379 ad
654 1341 825 1380 scenicos
852 1340 965 1380 ludos
992 1341 1294 1394 prospiciendos,
1314 1341 1437 1392 magis
1464 1341 1646 1380 idoneum
1674 1350 1758 1380 erat

238 1395 456 1434 theatrum:
485 1396 536 1434 ob
565 1408 662 1446 quos
688 1395 884 1447 praecipue
916 1395 1113 1434 inventurn
1146 1396 1266 1434 fuisse
1293 1395 1477 1434 credibile
1503 1404 1576 1434 est.
1644 1394 1758 1434 Unde

237 1449 349 1489 facile
376 1448 617 1501 conjecerim,
647 1448 886 1494 Terentium,
914 1462 992 1501 quo
1023 1458 1196 1501 tempore
1224 1449 1392 1501 primum
1422 1449 1625 1501 proposuit
1651 1463 1760 1488 suam

237 1503 441 1555 Hecyram,
461 1503 587 1555 egisse
609 1502 646 1541 in
664 1502 937 1555 amphitheatro
950 1517 962 1541 :
992 1517 1106 1542 scena
1123 1517 1192 1555 per
1211 1503 1378 1542 medium
1406 1503 1526 1555 ipsius
1543 1513 1758 1550 exstructa,

239 1566 280 1596 et
306 1556 356 1596 ad
379 1570 498 1596 unum
523 1567 671 1596 tantum
699 1556 954 1608 hemicyclum
981 1566 1204 1609 spectante:
1233 1571 1321 1596 nam
1349 1558 1398 1596 ab
1422 1567 1587 1607 utroque
1610 1558 1760 1608 amphi-

240 1611 381 1650 theatri
408 1609 650 1649 semicirculo
677 1611 843 1662 spectari
870 1623 947 1649 non
974 1620 1151 1662 poterant
1170 1610 1398 1649 comoediaex
1427 1625 1506 1662 quo
1529 1611 1686 1656 sactum,
1717 1621 1761 1650 ut

240 1664 335 1704 dum
363 1666 402 1704 in
428 1664 533 1704 aliud
560 1663 660 1703 latus
681 1677 859 1710 vacuum,
878 1664 953 1703 alia
971 1664 1191 1717 spectacula
1210 1665 1411 1703 confestim
1468 1676 1760 1717 roponerentur,

241 1718 363 1758 veluti
389 1718 554 1771 pugiles,
574 1717 801 1763 funambuli,
829 1728 869 1757 et
896 1717 1117 1770 hujusmodi
1145 1729 1309 1758 caetera:
1339 1732 1442 1771 popu
1461 1733 1505 1757 us
1532 1728 1620 1758 ante
1646 1720 1761 1758 abso-

239 1771 361 1812 lutam
388 1772 619 1812 comoediam
647 1771 737 1811 illuc
764 1773 1015 1819 concurrerit,
1041 1772 1090 1811 ad
1122 1772 1208 1812 loca
1236 1773 1499 1812 commodiora
1525 1773 1761 1825 occupanda,

239 1826 563 1877 quemadmodum
591 1826 674 1877 ipse
701 1835 816 1878 poeta
842 1827 1103 1878 conqueritur,
1132 1840 1256 1877 neque
1287 1836 1447 1878 propter
1474 1827 1693 1879 strepitum,
1721 1837 1763 1866 et

240 1880 444 1920 mulierum
468 1879 517 1919 de
539 1879 626 1918 loco
650 1879 903 1931 pugnantium
923 1879 1142 1926 clamorem,
1162 1880 1310 1919 absolvi
1335 1881 1518 1932 potuerit.
1575 1881 1695 1925 Quod
1713 1895 1761 1920 ne

239 1934 433 1973 accideret
479 1933 517 1972 in
561 1933 727 1985 publicis
763 1933 877 1979 ludis,
915 1934 1097 1973 existimo
1134 1935 1377 1986 potissimum
1413 1935 1582 1973 movisse
1622 1934 1760 1974 Caium

241 1986 464 2034 Curionem,
484 1988 550 2038 qui
570 1987 672 2026 bello
691 1987 794 2026 civili
825 1988 862 2026 in
881 1986 1112 2027 Caesarianis
1139 1989 1313 2041 partibus
1332 1989 1442 2033 obiit,
1461 1998 1505 2027 ut
1524 1989 1671 2027 theatra
1689 1989 1763 2028 duo

245 2041 384 2095 lignea,
413 2056 535 2093 eaque
565 2041 802 2094 amplissima
833 2042 1086 2094 excogitaret,
1118 2042 1156 2081 in
1185 2042 1327 2094 quibus
1360 2042 1475 2082 etiam
1510 2042 1599 2082 duae
1633 2053 1763 2082 essent

242 2109 380 2141 scenae,
417 2105 575 2148 propter
618 2104 878 2147 spectatorum
915 2096 1239 2135 commoditatem.
1314 2096 1437 2135 Erant
1471 2107 1600 2136 autem
1636 2098 1760 2148 (quod

242 2150 381 2189 mirum
402 2149 493 2200 fuit)
511 2149 709 2189 cardinum
724 2149 963 2201 singulorum
983 2150 1153 2189 versatili
1172 2164 1357 2203 suspensa
1374 2150 1615 2195 libramento,
1637 2150 1761 2202 inquit

242 2203 403 2249 Plinius,
423 2218 444 2243 e
474 2204 614 2255 quibus
643 2204 843 2255 utriusque
872 2204 1172 2243 antemeridiano
1200 2204 1381 2244 ludorum
1409 2204 1631 2257 spectaculo
1654 2205 1761 2245 edito

242 2257 341 2297 inter
368 2271 410 2297 se
437 2258 582 2297 aversis
600 2257 665 2309 (ne
693 2258 857 2297 invicem
885 2259 1154 2320 obstreperent
1181 2260 1328 2309 scenae)
1346 2267 1387 2298 et
1413 2268 1569 2310 repente
1597 2260 1761 2298 circum-

242 2312 352 2354 actis.
371 2321 414 2351 ut
433 2321 570 2351 contra
598 2321 770 2358 starent3
801 2321 996 2364 postremo
1016 2326 1098 2364 Jam
1127 2312 1190 2352 die
1208 2312 1530 2352 descendentibus
1550 2312 1703 2358 tabulis,
1722 2323 1762 2352 et

243 2366 422 2405 omnibus
447 2366 545 2405 inter
572 2379 613 2404 se
631 2366 871 2411 coeuntibus,
893 2366 1058 2405 faciebat
1084 2367 1421 2419 amphitheatrum,
1439 2377 1479 2406 et
1505 2366 1762 2418 gladiatorum

243 2419 463 2472 spectacula
501 2419 653 2465 edebat,
692 2420 817 2471 ipsum
862 2421 984 2471 magis
1029 2430 1270 2460 auctoratum
1315 2420 1502 2473 populum
1546 2421 1761 2460 Romanum

244 2474 533 2513 circumferens.
589 2473 726 2524 Itaque
758 2473 880 2519 vides,
909 2474 1232 2524 quemadmodum
1261 2475 1403 2515 scenici
1437 2474 1518 2513 ludi
1549 2474 1641 2513 dum
1670 2489 1762 2527 age-

243 2538 388 2573 rentur,
407 2528 553 2567 aversis
582 2527 743 2567 theatris
770 2528 994 2579 agebantur,
1015 2542 1063 2568 ne
1091 2530 1204 2568 turha
1232 2528 1367 2568 fierett
1391 2528 1484 2568 dum
1511 2538 1641 2568 autem
1671 2543 1762 2582 pro-

243 2583 501 2634 ponebantur,
529 2591 596 2621 aut
623 2580 934 2633 producebantur
961 2581 1208 2633 gladiatores.
1237 2583 1276 2623 in
1303 2582 1573 2635 amphitheatri
1602 2583 1763 2623 reduce-

243 2635 384 2675 bantur
403 2635 579 2682 sormam,
598 2644 638 2675 et
655 2635 694 2674 in
713 2648 830 2674 unum
849 2634 928 2674 duo
948 2636 1097 2676 theatra
1111 2637 1279 2677 coibant.
1317 2636 1394 2676 Sed
1413 2647 1453 2676 et
1471 2637 1680 2676 novissimo
1698 2637 1762 2676 die

242 2687 314 2739 (ait
342 2689 462 2740 idem)
488 2689 623 2728 divisis
650 2688 801 2728 duabus
829 2702 898 2741 per
925 2689 1093 2729 medium
1122 2691 1259 2738 scenis,
1286 2689 1450 2731 athletas
1478 2690 1599 2730 edidit
1627 2689 1762 2737 Curio,

244 2743 441 2794 raptisque
468 2753 624 2796 repente
651 2756 673 2782 e
697 2743 892 2783 contrario
918 2742 1089 2795 pulpitis,
1110 2744 1246 2784 eodem
1273 2744 1349 2790 die,
1373 2745 1540 2784 victores
1566 2757 1588 2783 e
1614 2744 1762 2797 gladia-

247 2796 396 2835 toribus
419 2796 499 2835 suis
523 2797 721 2849 produxit.
768 2796 891 2836 Vides
913 2797 1237 2849 quemadmodum
1263 2798 1450 2852 pulpitum
1468 2799 1584 2838 etiam
1610 2799 1763 2837 aufere-

244 2850 370 2893 batur.
390 2850 482 2889 dum
509 2850 740 2902 gladiatores
767 2850 989 2904 prodirent:
1018 2865 1106 2891 nam
1127 2852 1247 2904 ipsam
1274 2866 1404 2892 aream
1421 2853 1660 2906 occupabat:
1689 2852 1763 2892 hoc

242 2913 373 2944 autem
390 2904 533 2944 sactum
549 2904 633 2950 suit,
649 2905 760 2945 fessis
774 2905 1016 2959 turbatisque
1028 2905 1255 2946 volubilium
1269 2907 1508 2947 theatrorum
1526 2905 1762 2946 cardinibus.

243 2955 345 3001 Nam
362 2966 451 3000 aute
465 2970 541 2999 uon
559 2967 643 2999 erat
660 2972 759 3012 opus
776 2959 948 3001 eximere
970 2958 1178 3014 pulpitum,
1197 2973 1286 3001 cum
1303 2969 1438 3001 contra
1455 2969 1602 3001 starent
1619 2973 1761 3007 scenae,
