<?xml version="1.0" encoding="UTF-8"?>
<!DOCTYPE html PUBLIC "-//W3C//DTD XHTML 1.0 Transitional//EN"
    "http://www.w3.org/TR/xhtml1/DTD/xhtml1-transitional.dtd">
<html xmlns="http://www.w3.org/1999/xhtml" xml:lang="en" lang="en">
 <head>
  <title>
</title>
<meta http-equiv="Content-Type" content="text/html;charset=utf-8" />
  <meta name='ocr-system' content='tesseract 3.04.00' />
  <meta name='ocr-capabilities' content='ocr_page ocr_carea ocr_par ocr_line ocrx_word'/>
</head>
<body>
  <div class='ocr_page' id='page_1' title='image "./comoediaesex00tereuoft_0385.png"; bbox 0 0 1852 3216; ppageno 0'>
   <div class='ocr_carea' id='block_1_1' title="bbox 87 125 1312 183">
    <p class='ocr_par' dir='ltr' id='par_1_1' title="bbox 87 125 1312 183">
     <span class='ocr_line' id='line_1_1' title="bbox 87 125 1312 183; baseline -0.002 -13"><span class='ocrx_word' id='word_1_1' title='bbox 87 141 225 170; x_wconf 71' lang='lat' dir='ltr'><strong>scENA</strong></span> <span class='ocrx_word' id='word_1_2' title='bbox 246 126 334 183; x_wconf 65' lang='grc' dir='ltr'><strong>ιιι]</strong></span> <span class='ocrx_word' id='word_1_3' title='bbox 375 125 1312 170; x_wconf 89' lang='lat' dir='ltr'><strong>HEAUTONTIMORUMENOS.</strong></span> 
     </span>
    </p>
   </div>
   <div class='ocr_carea' id='block_1_2' title="bbox 1514 126 1599 168">
    <p class='ocr_par' dir='ltr' id='par_1_2' title="bbox 1514 126 1599 168">
     <span class='ocr_line' id='line_1_2' title="bbox 1514 126 1599 168; baseline 0.012 -1"><span class='ocrx_word' id='word_1_4' title='bbox 1514 126 1599 168; x_wconf 77' lang='lat'><strong>283</strong></span> 
     </span>
    </p>
   </div>
   <div class='ocr_carea' id='block_1_3' title="bbox 142 214 1597 273">
    <p class='ocr_par' dir='ltr' id='par_1_3' title="bbox 142 214 1597 273">
     <span class='ocr_line' id='line_1_3' title="bbox 142 214 1597 273; baseline -0.003 -13"><span class='ocrx_word' id='word_1_5' title='bbox 142 218 356 273; x_wconf 77' lang='lat' dir='ltr'>Properat</span> <span class='ocrx_word' id='word_1_6' title='bbox 387 216 491 273; x_wconf 90' lang='lat' dir='ltr'><strong>quid</strong></span> <span class='ocrx_word' id='word_1_7' title='bbox 511 218 630 259; x_wconf 70' lang='lat' dir='ltr'><strong>stas?</strong></span> <span class='ocrx_word' id='word_1_8' title='bbox 679 215 809 259; x_wconf 72' lang='grc' dir='ltr'><strong>ΟΜΝ.</strong></span> <span class='ocrx_word' id='word_1_9' title='bbox 836 215 918 259; x_wconf 86' lang='lat' dir='ltr'><strong>Vae</strong></span> <span class='ocrx_word' id='word_1_10' title='bbox 937 216 1091 259; x_wconf 88' lang='lat' dir='ltr'><strong>misero</strong></span> <span class='ocrx_word' id='word_1_11' title='bbox 1119 216 1235 267; x_wconf 91' lang='lat' dir='ltr'><strong>mihi,</strong></span> <span class='ocrx_word' id='word_1_12' title='bbox 1256 220 1415 272; x_wconf 86' lang='lat' dir='ltr'><strong>quanta</strong></span> <span class='ocrx_word' id='word_1_13' title='bbox 1436 214 1489 257; x_wconf 89' lang='lat' dir='ltr'><strong>de</strong></span> <span class='ocrx_word' id='word_1_14' title='bbox 1520 229 1597 270; x_wconf 89' lang='lat' dir='ltr'><strong>spe</strong></span> 
     </span>
    </p>
   </div>
   <div class='ocr_carea' id='block_1_4' title="bbox 226 282 392 325">
    <p class='ocr_par' dir='ltr' id='par_1_4' title="bbox 226 282 392 325">
     <span class='ocr_line' id='line_1_4' title="bbox 226 282 392 325; baseline 0 -1"><span class='ocrx_word' id='word_1_15' title='bbox 226 282 368 325; x_wconf 91' lang='lat' dir='ltr'><strong>decidi</strong></span> <span class='ocrx_word' id='word_1_16' title='bbox 382 283 392 324; x_wconf 88' lang='lat'>!</span> 
     </span>
    </p>
   </div>
   <div class='ocr_carea' id='block_1_5' title="bbox 89 345 1599 403">
    <p class='ocr_par' dir='ltr' id='par_1_5' title="bbox 89 345 1599 403">
     <span class='ocr_line' id='line_1_5' title="bbox 89 345 1599 403; baseline 0 -16"><span class='ocrx_word' id='word_1_17' title='bbox 89 357 127 387; x_wconf 92' lang='lat'><strong>10</strong></span> <span class='ocrx_word' id='word_1_18' title='bbox 143 348 268 391; x_wconf 76' lang='lat' dir='ltr'><strong>Cm&#39;r.</strong></span> <span class='ocrx_word' id='word_1_19' title='bbox 289 347 407 396; x_wconf 84' lang='lat' dir='ltr'>Quid</span> <span class='ocrx_word' id='word_1_20' title='bbox 431 348 575 390; x_wconf 71' lang='lat' dir='ltr'><strong>istuc?</strong></span> <span class='ocrx_word' id='word_1_21' title='bbox 606 363 703 403; x_wconf 87' lang='lat' dir='ltr'><strong>quae</strong></span> <span class='ocrx_word' id='word_1_22' title='bbox 722 362 791 391; x_wconf 89' lang='lat' dir='ltr'><strong>res</strong></span> <span class='ocrx_word' id='word_1_23' title='bbox 812 354 854 390; x_wconf 89' lang='lat' dir='ltr'><strong>te</strong></span> <span class='ocrx_word' id='word_1_24' title='bbox 876 346 1072 390; x_wconf 84' lang='lat' dir='ltr'><strong>sollicitat</strong></span> <span class='ocrx_word' id='word_1_25' title='bbox 1091 348 1261 390; x_wconf 71' lang='lat' dir='ltr'><strong>autem?</strong></span> <span class='ocrx_word' id='word_1_26' title='bbox 1310 346 1440 389; x_wconf 66' lang='lat' dir='ltr'><strong>cnm.</strong></span> <span class='ocrx_word' id='word_1_27' title='bbox 1463 345 1599 401; x_wconf 88' lang='lat' dir='ltr'><strong>Rogi-</strong></span> 
     </span>
    </p>
   </div>
   <div class='ocr_carea' id='block_1_6' title="bbox 225 413 546 469">
    <p class='ocr_par' dir='ltr' id='par_1_6' title="bbox 225 413 546 469">
     <span class='ocr_line' id='line_1_6' title="bbox 225 413 546 469; baseline -0.003 -14"><span class='ocrx_word' id='word_1_28' title='bbox 225 420 290 455; x_wconf 84' lang='lat' dir='ltr'><strong>tas</strong></span> <span class='ocrx_word' id='word_1_29' title='bbox 311 413 415 469; x_wconf 86' lang='lat' dir='ltr'><strong>quid</strong></span> <span class='ocrx_word' id='word_1_30' title='bbox 436 413 546 455; x_wconf 70' lang='lat' dir='ltr'><strong>siet?</strong></span> 
     </span>
    </p>
   </div>
   <div class='ocr_carea' id='block_1_7' title="bbox 137 477 1598 534">
    <p class='ocr_par' dir='ltr' id='par_1_7' title="bbox 137 477 1598 534">
     <span class='ocr_line' id='line_1_7' title="bbox 137 477 1598 534; baseline -0.001 -13"><span class='ocrx_word' id='word_1_31' title='bbox 137 478 292 522; x_wconf 85' lang='lat' dir='ltr'><strong>Viden&#39;</strong></span> <span class='ocrx_word' id='word_1_32' title='bbox 313 481 392 520; x_wconf 70' lang='lat' dir='ltr'><strong>tu?</strong></span> <span class='ocrx_word' id='word_1_33' title='bbox 422 477 609 529; x_wconf 83' lang='lat' dir='ltr'><strong>ancillas,</strong></span> <span class='ocrx_word' id='word_1_34' title='bbox 631 493 794 529; x_wconf 89' lang='lat' dir='ltr'><strong>aurum,</strong></span> <span class='ocrx_word' id='word_1_35' title='bbox 815 486 975 521; x_wconf 87' lang='lat' dir='ltr'><strong>vestem</strong></span> <span class='ocrx_word' id='word_1_36' title='bbox 994 481 1010 521; x_wconf 69' lang='lat'><em>2</em></span> <span class='ocrx_word' id='word_1_37' title='bbox 1042 493 1169 534; x_wconf 91' lang='lat' dir='ltr'><strong>quam</strong></span> <span class='ocrx_word' id='word_1_38' title='bbox 1193 492 1274 534; x_wconf 89' lang='lat' dir='ltr'><strong>ego</strong></span> <span class='ocrx_word' id='word_1_39' title='bbox 1293 493 1389 521; x_wconf 91' lang='lat' dir='ltr'><strong>cum</strong></span> <span class='ocrx_word' id='word_1_40' title='bbox 1418 492 1504 520; x_wconf 90' lang='lat' dir='ltr'><strong>una</strong></span> <span class='ocrx_word' id='word_1_41' title='bbox 1523 492 1598 523; x_wconf 88' lang='lat' dir='ltr'><strong>an-</strong></span> 
     </span>
    </p>
   </div>
   <div class='ocr_carea' id='block_1_8' title="bbox 226 542 367 586">
    <p class='ocr_par' dir='ltr' id='par_1_8' title="bbox 226 542 367 586">
     <span class='ocr_line' id='line_1_8' title="bbox 226 542 367 586; baseline -0.007 0"><span class='ocrx_word' id='word_1_42' title='bbox 226 542 367 586; x_wconf 83' lang='lat' dir='ltr'><strong>cillula</strong></span> 
     </span>
    </p>
   </div>
   <div class='ocr_carea' id='block_1_9' title="bbox 140 608 910 664">
    <p class='ocr_par' dir='ltr' id='par_1_9' title="bbox 140 608 910 664">
     <span class='ocr_line' id='line_1_9' title="bbox 140 608 910 664; baseline 0 -12"><span class='ocrx_word' id='word_1_43' title='bbox 140 609 228 652; x_wconf 86' lang='lat' dir='ltr'><strong>Hic</strong></span> <span class='ocrx_word' id='word_1_44' title='bbox 258 608 430 664; x_wconf 82' lang='lat' dir='ltr'>reliqui:</span> <span class='ocrx_word' id='word_1_45' title='bbox 462 609 577 651; x_wconf 89' lang='lat' dir='ltr'><strong>unde</strong></span> <span class='ocrx_word' id='word_1_46' title='bbox 606 624 703 652; x_wconf 89' lang='lat' dir='ltr'><strong>esse</strong></span> <span class='ocrx_word' id='word_1_47' title='bbox 732 611 910 652; x_wconf 71' lang='lat' dir='ltr'><strong>censes?</strong></span> 
     </span>
    </p>
   </div>
   <div class='ocr_carea' id='block_1_10' title="bbox 224 674 439 730">
    <p class='ocr_par' dir='ltr' id='par_1_10' title="bbox 224 674 439 730">
     <span class='ocr_line' id='line_1_10' title="bbox 224 674 439 730; baseline 0 -14"><span class='ocrx_word' id='word_1_48' title='bbox 224 674 439 730; x_wconf 88' lang='lat' dir='ltr'><strong>intellego.</strong></span> 
     </span>
    </p>
   </div>
   <div class='ocr_carea' id='block_1_11' title="bbox 969 609 1598 652">
    <p class='ocr_par' dir='ltr' id='par_1_11' title="bbox 969 609 1598 652">
     <span class='ocr_line' id='line_1_11' title="bbox 969 609 1598 652; baseline -0.002 -1"><span class='ocrx_word' id='word_1_49' title='bbox 969 609 1095 651; x_wconf 71' lang='lat' dir='ltr'><strong>Cur.</strong></span> <span class='ocrx_word' id='word_1_50' title='bbox 1127 609 1255 652; x_wconf 92' lang='lat' dir='ltr'><strong>Vah!</strong></span> <span class='ocrx_word' id='word_1_51' title='bbox 1286 624 1399 652; x_wconf 91' lang='lat' dir='ltr'><strong>nunc</strong></span> <span class='ocrx_word' id='word_1_52' title='bbox 1429 609 1598 651; x_wconf 91' lang='lat' dir='ltr'><strong>demum</strong></span> 
     </span>
    </p>
   </div>
   <div class='ocr_carea' id='block_1_12' title="bbox 86 740 1599 929">
    <p class='ocr_par' dir='ltr' id='par_1_12' title="bbox 86 740 1599 929">
     <span class='ocr_line' id='line_1_12' title="bbox 140 740 1539 797; baseline 0 -15"><span class='ocrx_word' id='word_1_53' title='bbox 140 741 218 783; x_wconf 73' lang='grc' dir='ltr'><strong>ΞΥ.</strong></span> <span class='ocrx_word' id='word_1_54' title='bbox 241 741 302 783; x_wconf 94' lang='lat' dir='ltr'><strong>Di</strong></span> <span class='ocrx_word' id='word_1_55' title='bbox 322 741 437 791; x_wconf 93' lang='lat' dir='ltr'><strong>boni,</strong></span> <span class='ocrx_word' id='word_1_56' title='bbox 457 740 562 796; x_wconf 88' lang='lat' dir='ltr'><strong>quid</strong></span> <span class='ocrx_word' id='word_1_57' title='bbox 581 740 801 782; x_wconf 73' lang='lat' dir='ltr'><strong>turbae&#39;st?</strong></span> <span class='ocrx_word' id='word_1_58' title='bbox 831 741 946 784; x_wconf 85' lang='lat' dir='ltr'><strong>aedes</strong></span> <span class='ocrx_word' id='word_1_59' title='bbox 968 749 1125 785; x_wconf 87' lang='lat' dir='ltr'><strong>nostrae</strong></span> <span class='ocrx_word' id='word_1_60' title='bbox 1143 742 1215 783; x_wconf 83' lang='lat' dir='ltr'><strong>vix</strong></span> <span class='ocrx_word' id='word_1_61' title='bbox 1233 742 1416 797; x_wconf 89' lang='lat' dir='ltr'><strong>capient,</strong></span> <span class='ocrx_word' id='word_1_62' title='bbox 1439 740 1539 783; x_wconf 91' lang='lat' dir='ltr'><strong>scio.</strong></span> 
     </span>
     <span class='ocr_line' id='line_1_13' title="bbox 141 806 1598 863; baseline -0.001 -15"><span class='ocrx_word' id='word_1_63' title='bbox 141 806 260 854; x_wconf 85' lang='lat' dir='ltr'><strong>Quid</strong></span> <span class='ocrx_word' id='word_1_64' title='bbox 273 806 524 848; x_wconf 76' lang='lat' dir='ltr'><strong>comedent?</strong></span> <span class='ocrx_word' id='word_1_65' title='bbox 553 806 657 861; x_wconf 90' lang='lat' dir='ltr'><strong>quid</strong></span> <span class='ocrx_word' id='word_1_66' title='bbox 671 806 873 849; x_wconf 71' lang='lat' dir='ltr'><strong>ebibent?</strong></span> <span class='ocrx_word' id='word_1_67' title='bbox 895 809 998 863; x_wconf 89' lang='lat' dir='ltr'><strong>quid</strong></span> <span class='ocrx_word' id='word_1_68' title='bbox 1011 823 1112 851; x_wconf 85' lang='lat' dir='ltr'><strong>sene</strong></span> <span class='ocrx_word' id='word_1_69' title='bbox 1124 819 1270 850; x_wconf 90' lang='lat' dir='ltr'><strong>nostro</strong></span> <span class='ocrx_word' id='word_1_70' title='bbox 1283 808 1364 850; x_wconf 89' lang='lat' dir='ltr'><strong>erit</strong></span> <span class='ocrx_word' id='word_1_71' title='bbox 1375 806 1568 849; x_wconf 87' lang='lat' dir='ltr'><strong>miserius</strong></span> <span class='ocrx_word' id='word_1_72' title='bbox 1581 807 1598 847; x_wconf 69' lang='grc' dir='ltr'><strong>’ξ</strong></span> 
     </span>
     <span class='ocr_line' id='line_1_14' title="bbox 86 870 1599 929; baseline -0.001 -15"><span class='ocrx_word' id='word_1_73' title='bbox 86 880 124 910; x_wconf 85' lang='grc'><strong>15</strong></span> <span class='ocrx_word' id='word_1_74' title='bbox 142 871 230 914; x_wconf 88' lang='lat' dir='ltr'><strong>Sed</strong></span> <span class='ocrx_word' id='word_1_75' title='bbox 250 872 373 913; x_wconf 93' lang='lat' dir='ltr'><strong>video</strong></span> <span class='ocrx_word' id='word_1_76' title='bbox 399 886 537 922; x_wconf 89' lang='lat' dir='ltr'><strong>eccos,</strong></span> <span class='ocrx_word' id='word_1_77' title='bbox 558 886 666 927; x_wconf 90' lang='lat' dir='ltr'><strong>quos</strong></span> <span class='ocrx_word' id='word_1_78' title='bbox 685 870 891 914; x_wconf 86' lang='lat' dir='ltr'><strong>volebam.</strong></span> <span class='ocrx_word' id='word_1_79' title='bbox 943 873 1073 916; x_wconf 71' lang='grc' dir='ltr'><strong>ΟΜΝ.</strong></span> <span class='ocrx_word' id='word_1_80' title='bbox 1097 873 1139 916; x_wconf 91' lang='grc' dir='ltr'>Ο</span> <span class='ocrx_word' id='word_1_81' title='bbox 1170 873 1396 929; x_wconf 85' lang='lat' dir='ltr'><strong>Juppiter!</strong></span> <span class='ocrx_word' id='word_1_82' title='bbox 1428 873 1599 915; x_wconf 89' lang='lat' dir='ltr'><strong>ubinam</strong></span> 
     </span>
    </p>
   </div>
   <div class='ocr_carea' id='block_1_13' title="bbox 226 937 453 980">
    <p class='ocr_par' dir='ltr' id='par_1_13' title="bbox 226 937 453 980">
     <span class='ocr_line' id='line_1_15' title="bbox 226 937 453 980; baseline 0 -1"><span class='ocrx_word' id='word_1_83' title='bbox 226 944 294 979; x_wconf 89' lang='lat' dir='ltr'><strong>est</strong></span> <span class='ocrx_word' id='word_1_84' title='bbox 313 937 453 980; x_wconf 68' lang='lat' dir='ltr'><strong>fides?</strong></span> 
     </span>
    </p>
   </div>
   <div class='ocr_carea' id='block_1_14' title="bbox 141 1002 1601 1123">
    <p class='ocr_par' dir='ltr' id='par_1_14' title="bbox 141 1002 1601 1123">
     <span class='ocr_line' id='line_1_16' title="bbox 141 1002 1601 1058; baseline 0 -14"><span class='ocrx_word' id='word_1_85' title='bbox 141 1002 260 1044; x_wconf 92' lang='lat' dir='ltr'><strong>Dum</strong></span> <span class='ocrx_word' id='word_1_86' title='bbox 272 1017 353 1058; x_wconf 88' lang='lat' dir='ltr'><strong>ego</strong></span> <span class='ocrx_word' id='word_1_87' title='bbox 372 1008 550 1058; x_wconf 85' lang='lat' dir='ltr'><strong>propter</strong></span> <span class='ocrx_word' id='word_1_88' title='bbox 566 1008 608 1044; x_wconf 89' lang='lat' dir='ltr'><strong>te</strong></span> <span class='ocrx_word' id='word_1_89' title='bbox 624 1016 771 1044; x_wconf 91' lang='lat' dir='ltr'><strong>errans</strong></span> <span class='ocrx_word' id='word_1_90' title='bbox 787 1003 926 1058; x_wconf 81' lang='lat' dir='ltr'><strong>patria</strong></span> <span class='ocrx_word' id='word_1_91' title='bbox 938 1018 1062 1045; x_wconf 89' lang='lat' dir='ltr'><strong>careo</strong></span> <span class='ocrx_word' id='word_1_92' title='bbox 1076 1004 1266 1054; x_wconf 85' lang='lat' dir='ltr'><strong>demens,</strong></span> <span class='ocrx_word' id='word_1_93' title='bbox 1282 1010 1329 1045; x_wconf 88' lang='lat' dir='ltr'><strong>tu</strong></span> <span class='ocrx_word' id='word_1_94' title='bbox 1345 1004 1508 1046; x_wconf 86' lang='lat' dir='ltr'><strong>interea</strong></span> <span class='ocrx_word' id='word_1_95' title='bbox 1518 1002 1601 1045; x_wconf 91' lang='lat' dir='ltr'><strong>loci</strong></span> 
     </span>
     <span class='ocr_line' id='line_1_17' title="bbox 142 1066 1533 1123; baseline 0 -13"><span class='ocrx_word' id='word_1_96' title='bbox 142 1066 489 1123; x_wconf 85' lang='lat' dir='ltr'><strong>Collocupletasti</strong></span> <span class='ocrx_word' id='word_1_97' title='bbox 509 1074 566 1118; x_wconf 89' lang='lat' dir='ltr'><strong>te,</strong></span> <span class='ocrx_word' id='word_1_98' title='bbox 588 1066 825 1123; x_wconf 85' lang='lat' dir='ltr'><strong>Antiphila,</strong></span> <span class='ocrx_word' id='word_1_99' title='bbox 847 1076 891 1111; x_wconf 91' lang='lat' dir='ltr'><strong>et</strong></span> <span class='ocrx_word' id='word_1_100' title='bbox 909 1084 975 1111; x_wconf 91' lang='lat' dir='ltr'><strong>me</strong></span> <span class='ocrx_word' id='word_1_101' title='bbox 995 1069 1038 1110; x_wconf 90' lang='lat' dir='ltr'><strong>in</strong></span> <span class='ocrx_word' id='word_1_102' title='bbox 1058 1069 1124 1110; x_wconf 92' lang='lat' dir='ltr'><strong>his</strong></span> <span class='ocrx_word' id='word_1_103' title='bbox 1145 1069 1372 1111; x_wconf 88' lang='lat' dir='ltr'><strong>deseruisti</strong></span> <span class='ocrx_word' id='word_1_104' title='bbox 1390 1068 1533 1110; x_wconf 89' lang='lat' dir='ltr'><strong>malis:</strong></span> 
     </span>
    </p>
   </div>
   <div class='ocr_carea' id='block_1_15' title="bbox 142 1133 1602 1191">
    <p class='ocr_par' dir='ltr' id='par_1_15' title="bbox 142 1133 1602 1191">
     <span class='ocr_line' id='line_1_18' title="bbox 142 1133 1602 1191; baseline -0.001 -14"><span class='ocrx_word' id='word_1_105' title='bbox 142 1134 328 1190; x_wconf 89' lang='lat' dir='ltr'><strong>Propter</strong></span> <span class='ocrx_word' id='word_1_106' title='bbox 346 1149 473 1189; x_wconf 89' lang='lat' dir='ltr'><strong>quam</strong></span> <span class='ocrx_word' id='word_1_107' title='bbox 492 1134 536 1175; x_wconf 93' lang='lat' dir='ltr'><strong>in</strong></span> <span class='ocrx_word' id='word_1_108' title='bbox 557 1149 717 1176; x_wconf 86' lang='lat' dir='ltr'><strong>summa</strong></span> <span class='ocrx_word' id='word_1_109' title='bbox 736 1133 905 1176; x_wconf 85' lang='lat' dir='ltr'><strong>infamia</strong></span> <span class='ocrx_word' id='word_1_110' title='bbox 924 1150 1031 1187; x_wconf 88' lang='lat' dir='ltr'><strong>sum,</strong></span> <span class='ocrx_word' id='word_1_111' title='bbox 1046 1143 1090 1177; x_wconf 85' lang='lat' dir='ltr'><strong>et</strong></span> <span class='ocrx_word' id='word_1_112' title='bbox 1108 1150 1203 1178; x_wconf 92' lang='lat' dir='ltr'><strong>meo</strong></span> <span class='ocrx_word' id='word_1_113' title='bbox 1223 1135 1336 1191; x_wconf 90' lang='lat' dir='ltr'><strong>patri</strong></span> <span class='ocrx_word' id='word_1_114' title='bbox 1350 1136 1487 1177; x_wconf 88' lang='lat' dir='ltr'><strong>minus</strong></span> <span class='ocrx_word' id='word_1_115' title='bbox 1508 1149 1602 1176; x_wconf 89' lang='lat' dir='ltr'><strong>sum</strong></span> 
     </span>
    </p>
   </div>
   <div class='ocr_carea' id='block_1_16' title="bbox 226 1200 494 1255">
    <p class='ocr_par' dir='ltr' id='par_1_16' title="bbox 226 1200 494 1255">
     <span class='ocr_line' id='line_1_19' title="bbox 226 1200 494 1255; baseline 0.004 -14"><span class='ocrx_word' id='word_1_116' title='bbox 226 1200 467 1255; x_wconf 88' lang='lat' dir='ltr'><strong>obsequens</strong></span> <span class='ocrx_word' id='word_1_117' title='bbox 484 1216 494 1242; x_wconf 90' lang='lat'><strong>:</strong></span> 
     </span>
    </p>
   </div>
   <div class='ocr_carea' id='block_1_17' title="bbox 142 1263 1600 1322">
    <p class='ocr_par' dir='ltr' id='par_1_17' title="bbox 142 1263 1600 1322">
     <span class='ocr_line' id='line_1_20' title="bbox 142 1263 1600 1322; baseline -0.001 -15"><span class='ocrx_word' id='word_1_118' title='bbox 142 1265 276 1322; x_wconf 87' lang='lat' dir='ltr'><strong>Cujus</strong></span> <span class='ocrx_word' id='word_1_119' title='bbox 296 1280 408 1307; x_wconf 93' lang='lat' dir='ltr'><strong>nunc</strong></span> <span class='ocrx_word' id='word_1_120' title='bbox 438 1265 574 1320; x_wconf 89' lang='lat' dir='ltr'><strong>pudet</strong></span> <span class='ocrx_word' id='word_1_121' title='bbox 591 1280 658 1308; x_wconf 92' lang='lat' dir='ltr'><strong>me</strong></span> <span class='ocrx_word' id='word_1_122' title='bbox 679 1273 724 1308; x_wconf 86' lang='lat' dir='ltr'><strong>et</strong></span> <span class='ocrx_word' id='word_1_123' title='bbox 752 1266 938 1315; x_wconf 86' lang='lat' dir='ltr'><strong>miseret,</strong></span> <span class='ocrx_word' id='word_1_124' title='bbox 959 1265 1032 1320; x_wconf 93' lang='lat' dir='ltr'><strong>qui</strong></span> <span class='ocrx_word' id='word_1_125' title='bbox 1060 1263 1211 1306; x_wconf 88' lang='lat' dir='ltr'><strong>harum</strong></span> <span class='ocrx_word' id='word_1_126' title='bbox 1230 1279 1368 1308; x_wconf 88' lang='lat' dir='ltr'><strong>mores</strong></span> <span class='ocrx_word' id='word_1_127' title='bbox 1399 1264 1600 1306; x_wconf 87' lang='lat' dir='ltr'><strong>cantabat</strong></span> 
     </span>
    </p>
   </div>
   <div class='ocr_carea' id='block_1_18' title="bbox 226 1330 342 1381">
    <p class='ocr_par' dir='ltr' id='par_1_18' title="bbox 226 1330 342 1381">
     <span class='ocr_line' id='line_1_21' title="bbox 226 1330 342 1381; baseline -0.009 -9"><span class='ocrx_word' id='word_1_128' title='bbox 226 1330 342 1381; x_wconf 90' lang='lat' dir='ltr'><strong>mihi,</strong></span> 
     </span>
    </p>
   </div>
   <div class='ocr_carea' id='block_1_19' title="bbox 87 1394 1603 1453">
    <p class='ocr_par' dir='ltr' id='par_1_19' title="bbox 87 1394 1603 1453">
     <span class='ocr_line' id='line_1_22' title="bbox 87 1394 1603 1453; baseline 0.001 -18"><span class='ocrx_word' id='word_1_129' title='bbox 87 1404 129 1435; x_wconf 85' lang='lat'><strong>20</strong></span> <span class='ocrx_word' id='word_1_130' title='bbox 145 1395 369 1438; x_wconf 87' lang='lat' dir='ltr'><strong>Monuisse</strong></span> <span class='ocrx_word' id='word_1_131' title='bbox 398 1395 580 1438; x_wconf 84' lang='lat' dir='ltr'><strong>frustra:</strong></span> <span class='ocrx_word' id='word_1_132' title='bbox 611 1411 751 1453; x_wconf 92' lang='lat' dir='ltr'><strong>neque</strong></span> <span class='ocrx_word' id='word_1_133' title='bbox 779 1396 972 1453; x_wconf 89' lang='lat' dir='ltr'><strong>potuisse</strong></span> <span class='ocrx_word' id='word_1_134' title='bbox 1001 1410 1098 1437; x_wconf 92' lang='lat' dir='ltr'><strong>eum</strong></span> <span class='ocrx_word' id='word_1_135' title='bbox 1126 1410 1313 1451; x_wconf 90' lang='lat' dir='ltr'><strong>unquam</strong></span> <span class='ocrx_word' id='word_1_136' title='bbox 1341 1395 1397 1437; x_wconf 84' lang='lat' dir='ltr'><strong>ab</strong></span> <span class='ocrx_word' id='word_1_137' title='bbox 1426 1394 1507 1437; x_wconf 86' lang='lat' dir='ltr'><strong>hac</strong></span> <span class='ocrx_word' id='word_1_138' title='bbox 1536 1408 1603 1436; x_wconf 89' lang='lat' dir='ltr'><strong>me</strong></span> 
     </span>
    </p>
   </div>
   <div class='ocr_carea' id='block_1_20' title="bbox 228 1460 467 1517">
    <p class='ocr_par' dir='ltr' id='par_1_20' title="bbox 228 1460 467 1517">
     <span class='ocr_line' id='line_1_23' title="bbox 228 1460 467 1517; baseline -0.004 -14"><span class='ocrx_word' id='word_1_139' title='bbox 228 1460 444 1517; x_wconf 84' lang='lat' dir='ltr'><strong>expellere</strong></span> <span class='ocrx_word' id='word_1_140' title='bbox 458 1476 467 1502; x_wconf 90' lang='lat'>:</span> 
     </span>
    </p>
   </div>
   <div class='ocr_carea' id='block_1_21' title="bbox 87 1544 826 1758">
    <p class='ocr_par' dir='ltr' id='par_1_21' title="bbox 87 1544 826 1758">
     <span class='ocr_line' id='line_1_24' title="bbox 131 1544 825 1588; baseline 0.001 -12"><span class='ocrx_word' id='word_1_141' title='bbox 131 1547 159 1577; x_wconf 88' lang='lat'><strong>9.</strong></span> <span class='ocrx_word' id='word_1_142' title='bbox 197 1547 248 1576; x_wconf 86' lang='lat' dir='ltr'><strong>Vae</strong></span> <span class='ocrx_word' id='word_1_143' title='bbox 274 1548 380 1577; x_wconf 77' lang='lat' dir='ltr'><strong>misero</strong></span> <span class='ocrx_word' id='word_1_144' title='bbox 402 1544 490 1586; x_wconf 80' lang='lat' dir='ltr'><strong>mihi]</strong></span> <span class='ocrx_word' id='word_1_145' title='bbox 515 1545 620 1587; x_wconf 84' lang='lat' dir='ltr'><strong>Magis</strong></span> <span class='ocrx_word' id='word_1_146' title='bbox 643 1546 825 1588; x_wconf 86' lang='lat' dir='ltr'><strong>suspicatur</strong></span> 
     </span>
     <span class='ocr_line' id='line_1_25' title="bbox 87 1588 823 1630; baseline 0.001 -10"><span class='ocrx_word' id='word_1_147' title='bbox 87 1588 194 1620; x_wconf 90' lang='lat' dir='ltr'><strong>Clinia</strong></span> <span class='ocrx_word' id='word_1_148' title='bbox 209 1589 293 1630; x_wconf 90' lang='lat' dir='ltr'><strong>quod</strong></span> <span class='ocrx_word' id='word_1_149' title='bbox 308 1599 327 1620; x_wconf 89' lang='lat' dir='ltr'><strong>a</strong></span> <span class='ocrx_word' id='word_1_150' title='bbox 350 1589 429 1630; x_wconf 91' lang='lat' dir='ltr'><strong>Syro</strong></span> <span class='ocrx_word' id='word_1_151' title='bbox 444 1599 557 1620; x_wconf 83' lang='lat' dir='ltr'><strong>aurum</strong></span> <span class='ocrx_word' id='word_1_152' title='bbox 580 1596 612 1620; x_wconf 89' lang='lat' dir='ltr'><strong>et</strong></span> <span class='ocrx_word' id='word_1_153' title='bbox 629 1596 750 1621; x_wconf 87' lang='lat' dir='ltr'><strong>vestem</strong></span> <span class='ocrx_word' id='word_1_154' title='bbox 766 1600 823 1621; x_wconf 91' lang='lat' dir='ltr'><strong>au·</strong></span> 
     </span>
     <span class='ocr_line' id='line_1_26' title="bbox 88 1631 826 1673; baseline 0.001 -10"><span class='ocrx_word' id='word_1_155' title='bbox 88 1631 192 1663; x_wconf 83' lang='lat' dir='ltr'><strong>dierit.</strong></span> <span class='ocrx_word' id='word_1_156' title='bbox 238 1632 432 1663; x_wconf 88' lang='lat' dir='ltr'><strong>C.—Nostri</strong></span> <span class='ocrx_word' id='word_1_157' title='bbox 467 1632 612 1673; x_wconf 85' lang='lat' dir='ltr'><strong>plerique</strong></span> <span class='ocrx_word' id='word_1_158' title='bbox 641 1643 761 1670; x_wconf 89' lang='lat' dir='ltr'><strong>omnes,</strong></span> <span class='ocrx_word' id='word_1_159' title='bbox 792 1639 826 1664; x_wconf 91' lang='lat' dir='ltr'><strong>et</strong></span> 
     </span>
     <span class='ocr_line' id='line_1_27' title="bbox 90 1675 826 1716; baseline 0.001 -10"><span class='ocrx_word' id='word_1_160' title='bbox 90 1675 211 1706; x_wconf 83' lang='lat' dir='ltr'><strong>Victor.</strong></span> <span class='ocrx_word' id='word_1_161' title='bbox 240 1681 273 1706; x_wconf 88' lang='lat' dir='ltr'><strong>et</strong></span> <span class='ocrx_word' id='word_1_162' title='bbox 303 1675 420 1706; x_wconf 86' lang='lat' dir='ltr'><strong>Faerni</strong></span> <span class='ocrx_word' id='word_1_163' title='bbox 445 1675 566 1716; x_wconf 80' lang='lat' dir='ltr'><strong>aliquot</strong></span> <span class='ocrx_word' id='word_1_164' title='bbox 591 1685 677 1707; x_wconf 87' lang='lat' dir='ltr'><strong>recte</strong></span> <span class='ocrx_word' id='word_1_165' title='bbox 706 1677 826 1707; x_wconf 88' lang='lat' dir='ltr'><strong>habent</strong></span> 
     </span>
     <span class='ocr_line' id='line_1_28' title="bbox 89 1719 302 1758; baseline -0.005 -8"><span class='ocrx_word' id='word_1_166' title='bbox 89 1720 231 1758; x_wconf 80' lang='lat' dir='ltr'><strong>Propere.</strong></span> <span class='ocrx_word' id='word_1_167' title='bbox 265 1719 302 1749; x_wconf 90' lang='lat' dir='ltr'><strong>B.</strong></span> 
     </span>
    </p>
   </div>
   <div class='ocr_carea' id='block_1_22' title="bbox 92 1760 825 1836">
    <p class='ocr_par' dir='ltr' id='par_1_22' title="bbox 92 1760 825 1836">
     <span class='ocr_line' id='line_1_29' title="bbox 136 1760 825 1802; baseline 0.003 -10"><span class='ocrx_word' id='word_1_168' title='bbox 136 1762 184 1792; x_wconf 92' lang='grc'><strong>10.</strong></span> <span class='ocrx_word' id='word_1_169' title='bbox 209 1762 295 1802; x_wconf 84' lang='lat' dir='ltr'><strong>Lege</strong></span> <span class='ocrx_word' id='word_1_170' title='bbox 319 1760 379 1795; x_wconf 75' lang='lat' dir='ltr'><strong>Qui</strong></span> <span class='ocrx_word' id='word_1_171' title='bbox 401 1763 503 1792; x_wconf 75' lang='lat' dir='ltr'><strong>istuc?</strong></span> <span class='ocrx_word' id='word_1_172' title='bbox 525 1767 562 1793; x_wconf 91' lang='lat' dir='ltr'><strong>ut</strong></span> <span class='ocrx_word' id='word_1_173' title='bbox 582 1761 666 1793; x_wconf 87' lang='lat' dir='ltr'><strong>Eun.</strong></span> <span class='ocrx_word' id='word_1_174' title='bbox 689 1761 732 1794; x_wconf 90' lang='lat' dir='ltr'><strong>iv.</strong></span> <span class='ocrx_word' id='word_1_175' title='bbox 750 1763 778 1793; x_wconf 89' lang='lat'><strong>6.</strong></span> <span class='ocrx_word' id='word_1_176' title='bbox 796 1762 825 1795; x_wconf 89' lang='grc'><strong>7.</strong></span> 
     </span>
     <span class='ocr_line' id='line_1_30' title="bbox 92 1803 295 1836; baseline 0.005 -1"><span class='ocrx_word' id='word_1_177' title='bbox 92 1811 126 1835; x_wconf 89' lang='lat' dir='ltr'><strong>et</strong></span> <span class='ocrx_word' id='word_1_178' title='bbox 140 1803 225 1835; x_wconf 86' lang='lat' dir='ltr'><strong>alibi.</strong></span> <span class='ocrx_word' id='word_1_179' title='bbox 258 1804 295 1836; x_wconf 89' lang='lat' dir='ltr'><strong>B.</strong></span> 
     </span>
    </p>
   </div>
   <div class='ocr_carea' id='block_1_23' title="bbox 61 1846 838 3008">
    <p class='ocr_par' dir='ltr' id='par_1_23' title="bbox 91 1846 828 1965">
     <span class='ocr_line' id='line_1_31' title="bbox 138 1846 828 1888; baseline 0.001 -10"><span class='ocrx_word' id='word_1_180' title='bbox 138 1848 187 1879; x_wconf 85' lang='lat'><strong>12.</strong></span> <span class='ocrx_word' id='word_1_181' title='bbox 216 1849 299 1879; x_wconf 80' lang='lat' dir='ltr'><strong>Unde</strong></span> <span class='ocrx_word' id='word_1_182' title='bbox 314 1859 350 1878; x_wconf 85' lang='lat' dir='ltr'><strong>ea</strong></span> <span class='ocrx_word' id='word_1_183' title='bbox 365 1858 427 1878; x_wconf 76' lang='lat' dir='ltr'><strong>esse</strong></span> <span class='ocrx_word' id='word_1_184' title='bbox 446 1858 545 1878; x_wconf 74' lang='lat' dir='ltr'><strong>censes</strong></span> <span class='ocrx_word' id='word_1_185' title='bbox 554 1846 587 1888; x_wconf 81' lang='lat'><strong>?]</strong></span> <span class='ocrx_word' id='word_1_186' title='bbox 611 1847 706 1879; x_wconf 90' lang='lat' dir='ltr'><strong>Unde</strong></span> <span class='ocrx_word' id='word_1_187' title='bbox 721 1854 828 1879; x_wconf 84' lang='lat' dir='ltr'><strong>essent</strong></span> 
     </span>
     <span class='ocr_line' id='line_1_32' title="bbox 91 1890 826 1932; baseline 0.001 -11"><span class='ocrx_word' id='word_1_188' title='bbox 91 1890 163 1928; x_wconf 78' lang='lat' dir='ltr'><strong>ista,</strong></span> <span class='ocrx_word' id='word_1_189' title='bbox 191 1897 342 1931; x_wconf 86' lang='lat' dir='ltr'><strong>tanquam</strong></span> <span class='ocrx_word' id='word_1_190' title='bbox 367 1898 478 1922; x_wconf 88' lang='lat' dir='ltr'><strong>notum</strong></span> <span class='ocrx_word' id='word_1_191' title='bbox 508 1897 601 1929; x_wconf 86' lang='lat' dir='ltr'><strong>esset,</strong></span> <span class='ocrx_word' id='word_1_192' title='bbox 632 1901 697 1922; x_wconf 87' lang='lat' dir='ltr'><strong>non</strong></span> <span class='ocrx_word' id='word_1_193' title='bbox 724 1891 826 1932; x_wconf 81' lang='lat' dir='ltr'><strong>expli-</strong></span> 
     </span>
     <span class='ocr_line' id='line_1_33' title="bbox 92 1933 234 1965; baseline -0.007 0"><span class='ocrx_word' id='word_1_194' title='bbox 92 1933 168 1965; x_wconf 89' lang='lat' dir='ltr'><strong>cuit.</strong></span> <span class='ocrx_word' id='word_1_195' title='bbox 199 1934 234 1965; x_wconf 90' lang='lat' dir='ltr'><strong>C.</strong></span> 
     </span>
    </p>

    <p class='ocr_par' dir='ltr' id='par_1_24' title="bbox 92 1975 831 2320">
     <span class='ocr_line' id='line_1_34' title="bbox 139 1975 827 2017; baseline 0 -10"><span class='ocrx_word' id='word_1_196' title='bbox 139 1978 187 2007; x_wconf 87' lang='lat'><strong>13.</strong></span> <span class='ocrx_word' id='word_1_197' title='bbox 213 1976 295 2011; x_wconf 75' lang='lat' dir='ltr'><strong>Quid</strong></span> <span class='ocrx_word' id='word_1_198' title='bbox 309 1979 405 2008; x_wconf 84' lang='lat' dir='ltr'><strong>turbae</strong></span> <span class='ocrx_word' id='word_1_199' title='bbox 419 1982 464 2008; x_wconf 80' lang='lat' dir='ltr'><strong>est</strong></span> <span class='ocrx_word' id='word_1_200' title='bbox 476 1975 509 2017; x_wconf 82' lang='lat'><strong>?]</strong></span> <span class='ocrx_word' id='word_1_201' title='bbox 534 1977 675 2008; x_wconf 85' lang='lat' dir='ltr'><strong>Persona</strong></span> <span class='ocrx_word' id='word_1_202' title='bbox 693 1976 827 2013; x_wconf 83' lang='lat' dir='ltr'><strong>servilis,</strong></span> 
     </span>
     <span class='ocr_line' id='line_1_35' title="bbox 92 2019 830 2062; baseline 0.001 -12"><span class='ocrx_word' id='word_1_203' title='bbox 92 2026 204 2062; x_wconf 85' lang='lat' dir='ltr'><strong>utpote</strong></span> <span class='ocrx_word' id='word_1_204' title='bbox 219 2020 323 2051; x_wconf 83' lang='lat' dir='ltr'><strong>fidelis</strong></span> <span class='ocrx_word' id='word_1_205' title='bbox 345 2019 414 2051; x_wconf 85' lang='lat' dir='ltr'><strong>heri</strong></span> <span class='ocrx_word' id='word_1_206' title='bbox 430 2020 584 2061; x_wconf 87' lang='lat' dir='ltr'><strong>impensis</strong></span> <span class='ocrx_word' id='word_1_207' title='bbox 600 2020 700 2051; x_wconf 87' lang='lat' dir='ltr'><strong>timet.</strong></span> <span class='ocrx_word' id='word_1_208' title='bbox 748 2019 830 2055; x_wconf 85' lang='lat' dir='ltr'><strong>Quid</strong></span> 
     </span>
     <span class='ocr_line' id='line_1_36' title="bbox 94 2063 830 2105; baseline 0 -11"><span class='ocrx_word' id='word_1_209' title='bbox 94 2065 190 2095; x_wconf 79' lang='lat' dir='ltr'><strong>turbae</strong></span> <span class='ocrx_word' id='word_1_210' title='bbox 214 2069 259 2094; x_wconf 76' lang='lat' dir='ltr'><strong>est</strong></span> <span class='ocrx_word' id='word_1_211' title='bbox 268 2063 301 2104; x_wconf 83' lang='lat'><strong>?]</strong></span> <span class='ocrx_word' id='word_1_212' title='bbox 330 2065 432 2094; x_wconf 84' lang='lat' dir='ltr'><strong>Turba</strong></span> <span class='ocrx_word' id='word_1_213' title='bbox 453 2063 593 2104; x_wconf 87' lang='lat' dir='ltr'><strong>primum</strong></span> <span class='ocrx_word' id='word_1_214' title='bbox 616 2063 830 2105; x_wconf 83' lang='lat' dir='ltr'><strong>perturbatio-</strong></span> 
     </span>
     <span class='ocr_line' id='line_1_37' title="bbox 94 2106 831 2148; baseline 0 -11"><span class='ocrx_word' id='word_1_215' title='bbox 94 2116 168 2138; x_wconf 87' lang='lat' dir='ltr'><strong>nem</strong></span> <span class='ocrx_word' id='word_1_216' title='bbox 177 2106 336 2148; x_wconf 84' lang='lat' dir='ltr'><strong>significat</strong></span> <span class='ocrx_word' id='word_1_217' title='bbox 346 2119 353 2141; x_wconf 85' lang='lat'>:</span> <span class='ocrx_word' id='word_1_218' title='bbox 377 2106 453 2137; x_wconf 87' lang='lat' dir='ltr'><strong>inde</strong></span> <span class='ocrx_word' id='word_1_219' title='bbox 463 2108 549 2137; x_wconf 80' lang='lat' dir='ltr'><strong>turbo</strong></span> <span class='ocrx_word' id='word_1_220' title='bbox 558 2108 671 2144; x_wconf 72' lang='lat' dir='ltr'><strong>turbas,</strong></span> <span class='ocrx_word' id='word_1_221' title='bbox 678 2108 831 2146; x_wconf 85' lang='lat' dir='ltr'><strong>perturbo,</strong></span> 
     </span>
     <span class='ocr_line' id='line_1_38' title="bbox 93 2149 831 2190; baseline -0.001 -9"><span class='ocrx_word' id='word_1_222' title='bbox 93 2151 226 2181; x_wconf 78' lang='lat' dir='ltr'><strong>deturba.</strong></span> <span class='ocrx_word' id='word_1_223' title='bbox 272 2150 399 2181; x_wconf 88' lang='lat' dir='ltr'><strong>Dehinc</strong></span> <span class='ocrx_word' id='word_1_224' title='bbox 415 2149 663 2187; x_wconf 86' lang='lat' dir='ltr'><strong>multitudinem,</strong></span> <span class='ocrx_word' id='word_1_225' title='bbox 680 2160 750 2190; x_wconf 90' lang='lat' dir='ltr'><strong>quae</strong></span> <span class='ocrx_word' id='word_1_226' title='bbox 766 2150 831 2180; x_wconf 88' lang='lat' dir='ltr'><strong>fere</strong></span> 
     </span>
     <span class='ocr_line' id='line_1_39' title="bbox 94 2192 830 2234; baseline -0.001 -10"><span class='ocrx_word' id='word_1_227' title='bbox 94 2192 275 2224; x_wconf 80' lang='lat' dir='ltr'><strong>turbatione</strong></span> <span class='ocrx_word' id='word_1_228' title='bbox 285 2203 349 2224; x_wconf 92' lang='lat' dir='ltr'><strong>non</strong></span> <span class='ocrx_word' id='word_1_229' title='bbox 359 2199 458 2224; x_wconf 82' lang='lat' dir='ltr'><strong>vacat.</strong></span> <span class='ocrx_word' id='word_1_230' title='bbox 495 2192 639 2234; x_wconf 80' lang='lat' dir='ltr'><strong>capient]</strong></span> <span class='ocrx_word' id='word_1_231' title='bbox 651 2193 740 2224; x_wconf 84' lang='lat' dir='ltr'><strong>Alias</strong></span> <span class='ocrx_word' id='word_1_232' title='bbox 750 2193 830 2224; x_wconf 91' lang='lat' dir='ltr'><strong>deli-</strong></span> 
     </span>
     <span class='ocr_line' id='line_1_40' title="bbox 94 2236 831 2277; baseline 0.001 -10"><span class='ocrx_word' id='word_1_233' title='bbox 94 2241 172 2277; x_wconf 79' lang='lat' dir='ltr'><strong>gent</strong></span> <span class='ocrx_word' id='word_1_234' title='bbox 180 2236 347 2277; x_wconf 84' lang='lat' dir='ltr'><strong>significat.</strong></span> <span class='ocrx_word' id='word_1_235' title='bbox 357 2236 446 2277; x_wconf 88' lang='lat' dir='ltr'><strong>Virg.</strong></span> <span class='ocrx_word' id='word_1_236' title='bbox 455 2236 530 2267; x_wconf 87' lang='lat' dir='ltr'><strong>AEn.</strong></span> <span class='ocrx_word' id='word_1_237' title='bbox 538 2236 558 2267; x_wconf 90' lang='lat' dir='ltr'><strong>i.</strong></span> <span class='ocrx_word' id='word_1_238' title='bbox 566 2236 637 2267; x_wconf 88' lang='lat'><strong>396.</strong></span> <span class='ocrx_word' id='word_1_239' title='bbox 645 2238 710 2267; x_wconf 82' lang='lat' dir='ltr'><strong>Aut</strong></span> <span class='ocrx_word' id='word_1_240' title='bbox 716 2247 831 2276; x_wconf 86' lang='lat' dir='ltr'><strong>capere,</strong></span> 
     </span>
     <span class='ocr_line' id='line_1_41' title="bbox 95 2279 764 2320; baseline 0 -10"><span class='ocrx_word' id='word_1_241' title='bbox 95 2284 150 2310; x_wconf 71' lang='lat' dir='ltr'><strong>ant</strong></span> <span class='ocrx_word' id='word_1_242' title='bbox 164 2285 269 2320; x_wconf 73' lang='lat' dir='ltr'><strong>captae</strong></span> <span class='ocrx_word' id='word_1_243' title='bbox 275 2279 345 2320; x_wconf 87' lang='lat' dir='ltr'><strong>jam</strong></span> <span class='ocrx_word' id='word_1_244' title='bbox 359 2281 532 2319; x_wconf 81' lang='lat' dir='ltr'><strong>despectare</strong></span> <span class='ocrx_word' id='word_1_245' title='bbox 547 2281 694 2310; x_wconf 85' lang='lat' dir='ltr'><strong>videntur.</strong></span> <span class='ocrx_word' id='word_1_246' title='bbox 727 2280 764 2310; x_wconf 92' lang='lat' dir='ltr'><strong>C.</strong></span> 
     </span>
    </p>

    <p class='ocr_par' dir='ltr' id='par_1_25' title="bbox 96 2322 833 2440">
     <span class='ocr_line' id='line_1_42' title="bbox 141 2322 833 2359; baseline 0 -6"><span class='ocrx_word' id='word_1_247' title='bbox 141 2323 189 2353; x_wconf 80' lang='lat'><strong>14.</strong></span> <span class='ocrx_word' id='word_1_248' title='bbox 222 2323 285 2354; x_wconf 86' lang='lat' dir='ltr'><strong>Pro</strong></span> <span class='ocrx_word' id='word_1_249' title='bbox 306 2325 379 2359; x_wconf 74' lang='lat' dir='ltr'><strong>seni,</strong></span> <span class='ocrx_word' id='word_1_250' title='bbox 402 2333 514 2353; x_wconf 88' lang='lat' dir='ltr'><strong>omnes</strong></span> <span class='ocrx_word' id='word_1_251' title='bbox 536 2322 638 2354; x_wconf 85' lang='lat' dir='ltr'><strong>nostri</strong></span> <span class='ocrx_word' id='word_1_252' title='bbox 660 2329 694 2353; x_wconf 92' lang='lat' dir='ltr'><strong>et</strong></span> <span class='ocrx_word' id='word_1_253' title='bbox 715 2322 833 2354; x_wconf 89' lang='lat' dir='ltr'><strong>Faerni</strong></span> 
     </span>
     <span class='ocr_line' id='line_1_43' title="bbox 96 2364 832 2400; baseline 0.001 -4"><span class='ocrx_word' id='word_1_254' title='bbox 96 2364 215 2397; x_wconf 82' lang='lat' dir='ltr'><strong>habent</strong></span> <span class='ocrx_word' id='word_1_255' title='bbox 229 2377 305 2397; x_wconf 74' lang='lat' dir='ltr'><strong>sene.</strong></span> <span class='ocrx_word' id='word_1_256' title='bbox 349 2365 479 2397; x_wconf 84' lang='lat' dir='ltr'><strong>Colloca</strong></span> <span class='ocrx_word' id='word_1_257' title='bbox 497 2367 579 2400; x_wconf 80' lang='lat' dir='ltr'><strong>Quid</strong></span> <span class='ocrx_word' id='word_1_258' title='bbox 597 2367 665 2397; x_wconf 66' lang='lat' dir='ltr'><strong>stine</strong></span> <span class='ocrx_word' id='word_1_259' title='bbox 685 2368 745 2397; x_wconf 84' lang='lat' dir='ltr'><strong>erit</strong></span> <span class='ocrx_word' id='word_1_260' title='bbox 766 2377 832 2397; x_wconf 74' lang='lat' dir='ltr'><strong>nos-</strong></span> 
     </span>
     <span class='ocr_line' id='line_1_44' title="bbox 98 2409 387 2440; baseline 0.007 -2"><span class='ocrx_word' id='word_1_261' title='bbox 98 2412 145 2439; x_wconf 79' lang='lat' dir='ltr'><strong>tro</strong></span> <span class='ocrx_word' id='word_1_262' title='bbox 158 2411 318 2440; x_wconf 72' lang='lat' dir='ltr'><strong>miserius?</strong></span> <span class='ocrx_word' id='word_1_263' title='bbox 350 2409 387 2440; x_wconf 85' lang='lat' dir='ltr'><strong>B.</strong></span> 
     </span>
    </p>

    <p class='ocr_par' dir='ltr' id='par_1_26' title="bbox 61 2450 838 3008">
     <span class='ocr_line' id='line_1_45' title="bbox 144 2450 832 2493; baseline 0.003 -12"><span class='ocrx_word' id='word_1_264' title='bbox 144 2451 191 2482; x_wconf 83' lang='lat'><strong>15.</strong></span> <span class='ocrx_word' id='word_1_265' title='bbox 209 2453 302 2483; x_wconf 67' lang='lat' dir='ltr'><strong>Eccos</strong></span> <span class='ocrx_word' id='word_1_266' title='bbox 316 2463 387 2493; x_wconf 76' lang='lat' dir='ltr'><strong>quos</strong></span> <span class='ocrx_word' id='word_1_267' title='bbox 401 2450 548 2493; x_wconf 82' lang='lat' dir='ltr'><strong>volebam]</strong></span> <span class='ocrx_word' id='word_1_268' title='bbox 574 2452 695 2483; x_wconf 89' lang='lat' dir='ltr'><strong>Eccum</strong></span> <span class='ocrx_word' id='word_1_269' title='bbox 715 2462 832 2490; x_wconf 86' lang='lat' dir='ltr'><strong>eccam,</strong></span> 
     </span>
     <span class='ocr_line' id='line_1_46' title="bbox 99 2495 833 2533; baseline 0.003 -8"><span class='ocrx_word' id='word_1_270' title='bbox 99 2503 189 2525; x_wconf 73' lang='lat' dir='ltr'><strong>eccos</strong></span> <span class='ocrx_word' id='word_1_271' title='bbox 215 2504 314 2532; x_wconf 81' lang='lat' dir='ltr'><strong>eccas,</strong></span> <span class='ocrx_word' id='word_1_272' title='bbox 336 2495 433 2526; x_wconf 88' lang='lat' dir='ltr'><strong>ellum</strong></span> <span class='ocrx_word' id='word_1_273' title='bbox 455 2495 559 2533; x_wconf 84' lang='lat' dir='ltr'><strong>ellam,</strong></span> <span class='ocrx_word' id='word_1_274' title='bbox 583 2495 661 2526; x_wconf 86' lang='lat' dir='ltr'><strong>ellos</strong></span> <span class='ocrx_word' id='word_1_275' title='bbox 683 2495 770 2532; x_wconf 88' lang='lat' dir='ltr'><strong>ellas,</strong></span> <span class='ocrx_word' id='word_1_276' title='bbox 794 2497 833 2527; x_wconf 91' lang='lat' dir='ltr'><strong>ab</strong></span> 
     </span>
     <span class='ocr_line' id='line_1_47' title="bbox 99 2537 832 2580; baseline 0.004 -13"><span class='ocrx_word' id='word_1_277' title='bbox 99 2546 173 2567; x_wconf 87' lang='lat' dir='ltr'><strong>ecce</strong></span> <span class='ocrx_word' id='word_1_278' title='bbox 188 2537 363 2578; x_wconf 81' lang='lat' dir='ltr'><strong>composita</strong></span> <span class='ocrx_word' id='word_1_279' title='bbox 376 2544 468 2569; x_wconf 84' lang='lat' dir='ltr'><strong>sunt.</strong></span> <span class='ocrx_word' id='word_1_280' title='bbox 493 2544 526 2569; x_wconf 90' lang='lat' dir='ltr'><strong>et</strong></span> <span class='ocrx_word' id='word_1_281' title='bbox 541 2548 600 2580; x_wconf 91' lang='lat' dir='ltr'><strong>per</strong></span> <span class='ocrx_word' id='word_1_282' title='bbox 616 2539 767 2570; x_wconf 88' lang='lat' dir='ltr'><strong>adverbia</strong></span> <span class='ocrx_word' id='word_1_283' title='bbox 781 2549 832 2570; x_wconf 89' lang='lat' dir='ltr'><strong>re-</strong></span> 
     </span>
     <span class='ocr_line' id='line_1_48' title="bbox 99 2579 834 2622; baseline 0.004 -12"><span class='ocrx_word' id='word_1_284' title='bbox 99 2579 276 2616; x_wconf 86' lang='lat' dir='ltr'><strong>solvuntur,</strong></span> <span class='ocrx_word' id='word_1_285' title='bbox 293 2590 356 2611; x_wconf 89' lang='lat' dir='ltr'><strong>non</strong></span> <span class='ocrx_word' id='word_1_286' title='bbox 372 2591 431 2622; x_wconf 85' lang='lat' dir='ltr'><strong>per</strong></span> <span class='ocrx_word' id='word_1_287' title='bbox 445 2581 583 2612; x_wconf 78' lang='lat' dir='ltr'><strong>nomina.</strong></span> <span class='ocrx_word' id='word_1_288' title='bbox 622 2583 743 2619; x_wconf 83' lang='lat' dir='ltr'><strong>Eccum,</strong></span> <span class='ocrx_word' id='word_1_289' title='bbox 760 2592 834 2613; x_wconf 89' lang='lat' dir='ltr'><strong>ecce</strong></span> 
     </span>
     <span class='ocr_line' id='line_1_49' title="bbox 99 2622 833 2666; baseline 0.004 -13"><span class='ocrx_word' id='word_1_290' title='bbox 99 2622 174 2653; x_wconf 88' lang='lat' dir='ltr'><strong>hic·</strong></span> <span class='ocrx_word' id='word_1_291' title='bbox 198 2622 401 2663; x_wconf 76' lang='lat' dir='ltr'><strong>subintellige</strong></span> <span class='ocrx_word' id='word_1_292' title='bbox 414 2626 510 2654; x_wconf 75' lang='lat' dir='ltr'><strong>viram</strong></span> <span class='ocrx_word' id='word_1_293' title='bbox 524 2624 564 2655; x_wconf 92' lang='lat' dir='ltr'><strong>de</strong></span> <span class='ocrx_word' id='word_1_294' title='bbox 579 2634 642 2665; x_wconf 91' lang='lat' dir='ltr'><strong>quo</strong></span> <span class='ocrx_word' id='word_1_295' title='bbox 653 2626 833 2666; x_wconf 84' lang='lat' dir='ltr'><strong>agebamus.</strong></span> 
     </span>
     <span class='ocr_line' id='line_1_50' title="bbox 99 2665 833 2708; baseline 0.006 -13"><span class='ocrx_word' id='word_1_296' title='bbox 99 2667 220 2702; x_wconf 72' lang='lat' dir='ltr'><strong>Eccum,</strong></span> <span class='ocrx_word' id='word_1_297' title='bbox 246 2675 319 2697; x_wconf 90' lang='lat' dir='ltr'><strong>ecce</strong></span> <span class='ocrx_word' id='word_1_298' title='bbox 342 2665 415 2696; x_wconf 86' lang='lat' dir='ltr'><strong>hic.</strong></span> <span class='ocrx_word' id='word_1_299' title='bbox 448 2666 650 2708; x_wconf 85' lang='lat' dir='ltr'><strong>subintellige</strong></span> <span class='ocrx_word' id='word_1_300' title='bbox 673 2668 833 2700; x_wconf 86' lang='lat' dir='ltr'><strong>feminam.</strong></span> 
     </span>
     <span class='ocr_line' id='line_1_51' title="bbox 102 2707 834 2750; baseline 0.006 -11"><span class='ocrx_word' id='word_1_301' title='bbox 102 2709 154 2739; x_wconf 79' lang='lat' dir='ltr'><strong>ltu</strong></span> <span class='ocrx_word' id='word_1_302' title='bbox 170 2708 277 2746; x_wconf 90' lang='lat' dir='ltr'><strong>ellum,</strong></span> <span class='ocrx_word' id='word_1_303' title='bbox 299 2707 451 2750; x_wconf 81' lang='lat' dir='ltr'><strong>intellige,</strong></span> <span class='ocrx_word' id='word_1_304' title='bbox 468 2719 540 2740; x_wconf 87' lang='lat' dir='ltr'><strong>ecee</strong></span> <span class='ocrx_word' id='word_1_305' title='bbox 562 2709 627 2741; x_wconf 88' lang='lat' dir='ltr'><strong>illic</strong></span> <span class='ocrx_word' id='word_1_306' title='bbox 645 2710 758 2748; x_wconf 89' lang='lat' dir='ltr'><strong>virum,</strong></span> <span class='ocrx_word' id='word_1_307' title='bbox 775 2718 834 2742; x_wconf 89' lang='lat' dir='ltr'><strong>etc.</strong></span> 
     </span>
     <span class='ocr_line' id='line_1_52' title="bbox 61 2750 838 2795; baseline 0.005 -13"><span class='ocrx_word' id='word_1_308' title='bbox 61 2758 65 2760; x_wconf 74' lang='grc'>’</span> <span class='ocrx_word' id='word_1_309' title='bbox 103 2753 130 2783; x_wconf 90' lang='grc'><strong>0</strong></span> <span class='ocrx_word' id='word_1_310' title='bbox 150 2753 272 2791; x_wconf 78' lang='lat' dir='ltr'><strong>Jupiter</strong></span> <span class='ocrx_word' id='word_1_311' title='bbox 282 2750 311 2792; x_wconf 69' lang='lat' dir='ltr'><strong>l]</strong></span> <span class='ocrx_word' id='word_1_312' title='bbox 336 2751 388 2782; x_wconf 95' lang='lat' dir='ltr'><strong>Sic</strong></span> <span class='ocrx_word' id='word_1_313' title='bbox 411 2751 576 2789; x_wconf 76' lang='lat' dir='ltr'><strong>exclamat,</strong></span> <span class='ocrx_word' id='word_1_314' title='bbox 594 2752 670 2784; x_wconf 87' lang='lat' dir='ltr'><strong>dum</strong></span> <span class='ocrx_word' id='word_1_315' title='bbox 693 2760 784 2795; x_wconf 82' lang='lat' dir='ltr'><strong>putat</strong></span> <span class='ocrx_word' id='word_1_316' title='bbox 799 2755 838 2786; x_wconf 88' lang='lat' dir='ltr'><strong>ab</strong></span> 
     </span>
     <span class='ocr_line' id='line_1_53' title="bbox 101 2794 838 2836; baseline 0.005 -11"><span class='ocrx_word' id='word_1_317' title='bbox 101 2794 204 2826; x_wconf 85' lang='lat' dir='ltr'><strong>amica</strong></span> <span class='ocrx_word' id='word_1_318' title='bbox 218 2804 288 2826; x_wconf 86' lang='lat' dir='ltr'><strong>esse</strong></span> <span class='ocrx_word' id='word_1_319' title='bbox 304 2804 339 2825; x_wconf 83' lang='lat' dir='ltr'><strong>se</strong></span> <span class='ocrx_word' id='word_1_320' title='bbox 354 2794 532 2836; x_wconf 82' lang='lat' dir='ltr'><strong>deceptum.</strong></span> <span class='ocrx_word' id='word_1_321' title='bbox 570 2795 680 2827; x_wconf 91' lang='lat' dir='ltr'><strong>C.—O</strong></span> <span class='ocrx_word' id='word_1_322' title='bbox 695 2798 838 2836; x_wconf 77' lang='lat' dir='ltr'><strong>Jupiter!</strong></span> 
     </span>
     <span class='ocr_line' id='line_1_54' title="bbox 101 2836 837 2878; baseline 0.003 -9"><span class='ocrx_word' id='word_1_323' title='bbox 101 2839 222 2869; x_wconf 75' lang='lat' dir='ltr'><strong>ubinam</strong></span> <span class='ocrx_word' id='word_1_324' title='bbox 242 2843 287 2869; x_wconf 78' lang='lat' dir='ltr'><strong>est</strong></span> <span class='ocrx_word' id='word_1_325' title='bbox 305 2839 384 2877; x_wconf 79' lang='lat' dir='ltr'><strong>fides</strong></span> <span class='ocrx_word' id='word_1_326' title='bbox 396 2836 429 2878; x_wconf 82' lang='lat'><strong>?]</strong></span> <span class='ocrx_word' id='word_1_327' title='bbox 455 2837 525 2868; x_wconf 85' lang='lat' dir='ltr'><strong>Nec</strong></span> <span class='ocrx_word' id='word_1_328' title='bbox 549 2838 626 2869; x_wconf 89' lang='lat' dir='ltr'><strong>dum</strong></span> <span class='ocrx_word' id='word_1_329' title='bbox 649 2839 752 2870; x_wconf 89' lang='lat' dir='ltr'><strong>soluta</strong></span> <span class='ocrx_word' id='word_1_330' title='bbox 776 2840 837 2871; x_wconf 82' lang='lat' dir='ltr'><strong>sibi</strong></span> 
     </span>
     <span class='ocr_line' id='line_1_55' title="bbox 102 2880 836 2923; baseline 0.003 -11"><span class='ocrx_word' id='word_1_331' title='bbox 102 2881 292 2923; x_wconf 70' lang='lat' dir='ltr'><strong>suspicione,</strong></span> <span class='ocrx_word' id='word_1_332' title='bbox 322 2880 436 2921; x_wconf 83' lang='lat' dir='ltr'><strong>quaerit</strong></span> <span class='ocrx_word' id='word_1_333' title='bbox 459 2880 610 2922; x_wconf 80' lang='lat' dir='ltr'><strong>(queritur</strong></span> <span class='ocrx_word' id='word_1_334' title='bbox 633 2882 686 2921; x_wconf 88' lang='grc' dir='ltr'><strong>Ζ.)</strong></span> <span class='ocrx_word' id='word_1_335' title='bbox 713 2882 836 2915; x_wconf 80' lang='lat' dir='ltr'><strong>adoles-</strong></span> 
     </span>
     <span class='ocr_line' id='line_1_56' title="bbox 103 2924 838 2964; baseline 0.004 -9"><span class='ocrx_word' id='word_1_336' title='bbox 103 2934 188 2960; x_wconf 85' lang='lat' dir='ltr'><strong>cens,</strong></span> <span class='ocrx_word' id='word_1_337' title='bbox 210 2934 245 2956; x_wconf 84' lang='lat' dir='ltr'><strong>se</strong></span> <span class='ocrx_word' id='word_1_338' title='bbox 267 2934 336 2955; x_wconf 85' lang='lat' dir='ltr'><strong>esse</strong></span> <span class='ocrx_word' id='word_1_339' title='bbox 359 2924 529 2962; x_wconf 84' lang='lat' dir='ltr'><strong>desertum,</strong></span> <span class='ocrx_word' id='word_1_340' title='bbox 552 2947 561 2955; x_wconf 89' lang='lat'><strong>.</strong></span> <span class='ocrx_word' id='word_1_341' title='bbox 584 2947 592 2955; x_wconf 92' lang='lat'><strong>.</strong></span> <span class='ocrx_word' id='word_1_342' title='bbox 616 2947 624 2955; x_wconf 90' lang='lat'><strong>.</strong></span> <span class='ocrx_word' id='word_1_343' title='bbox 642 2924 786 2964; x_wconf 87' lang='lat' dir='ltr'><strong>(excidit,</strong></span> <span class='ocrx_word' id='word_1_344' title='bbox 807 2932 838 2958; x_wconf 80' lang='lat' dir='ltr'><strong>et</strong></span> 
     </span>
     <span class='ocr_line' id='line_1_57' title="bbox 103 2967 836 3008; baseline 0.004 -10"><span class='ocrx_word' id='word_1_345' title='bbox 103 2968 307 3008; x_wconf 76' lang='lat' dir='ltr'><strong>Antiphilam)</strong></span> <span class='ocrx_word' id='word_1_346' title='bbox 324 2967 440 2999; x_wconf 89' lang='lat' dir='ltr'><strong>omisso</strong></span> <span class='ocrx_word' id='word_1_347' title='bbox 455 2978 562 2999; x_wconf 86' lang='lat' dir='ltr'><strong>amore</strong></span> <span class='ocrx_word' id='word_1_348' title='bbox 576 2968 725 3000; x_wconf 86' lang='lat' dir='ltr'><strong>amatoris</strong></span> <span class='ocrx_word' id='word_1_349' title='bbox 738 2969 787 3001; x_wconf 85' lang='lat' dir='ltr'><strong>sui</strong></span> <span class='ocrx_word' id='word_1_350' title='bbox 802 2969 836 3001; x_wconf 85' lang='lat' dir='ltr'><strong>in</strong></span> 
     </span>
    </p>
   </div>
   <div class='ocr_carea' id='block_1_24' title="bbox 867 1545 1616 3011">
    <p class='ocr_par' dir='ltr' id='par_1_27' title="bbox 867 1545 1607 1664">
     <span class='ocr_line' id='line_1_58' title="bbox 867 1545 1607 1587; baseline -0.004 -9"><span class='ocrx_word' id='word_1_351' title='bbox 867 1545 1064 1578; x_wconf 81' lang='lat' dir='ltr'><strong>meretricios</strong></span> <span class='ocrx_word' id='word_1_352' title='bbox 1086 1556 1191 1577; x_wconf 85' lang='lat' dir='ltr'><strong>mores</strong></span> <span class='ocrx_word' id='word_1_353' title='bbox 1216 1555 1286 1577; x_wconf 88' lang='lat' dir='ltr'><strong>esse</strong></span> <span class='ocrx_word' id='word_1_354' title='bbox 1309 1545 1481 1587; x_wconf 84' lang='lat' dir='ltr'><strong>delapsam.</strong></span> <span class='ocrx_word' id='word_1_355' title='bbox 1522 1545 1607 1576; x_wconf 83' lang='lat' dir='ltr'><strong>E.—</strong></span> 
     </span>
     <span class='ocr_line' id='line_1_59' title="bbox 867 1589 1606 1631; baseline -0.003 -10"><span class='ocrx_word' id='word_1_356' title='bbox 867 1590 956 1631; x_wconf 88' lang='lat' dir='ltr'><strong>Lege</strong></span> <span class='ocrx_word' id='word_1_357' title='bbox 971 1589 1082 1620; x_wconf 90' lang='lat' dir='ltr'><strong>ordine</strong></span> <span class='ocrx_word' id='word_1_358' title='bbox 1103 1589 1241 1626; x_wconf 88' lang='lat' dir='ltr'><strong>inverso,</strong></span> <span class='ocrx_word' id='word_1_359' title='bbox 1264 1591 1325 1620; x_wconf 85' lang='lat' dir='ltr'><strong>Sed</strong></span> <span class='ocrx_word' id='word_1_360' title='bbox 1337 1600 1419 1620; x_wconf 64' lang='lat' dir='ltr'><strong>eccos</strong></span> <span class='ocrx_word' id='word_1_361' title='bbox 1437 1590 1521 1620; x_wconf 84' lang='lat' dir='ltr'><strong>video</strong></span> <span class='ocrx_word' id='word_1_362' title='bbox 1535 1599 1606 1629; x_wconf 76' lang='lat' dir='ltr'><strong>quos</strong></span> 
     </span>
     <span class='ocr_line' id='line_1_60' title="bbox 867 1631 1497 1664; baseline -0.003 0"><span class='ocrx_word' id='word_1_363' title='bbox 867 1635 921 1664; x_wconf 82' lang='lat' dir='ltr'><strong>vol.</strong></span> <span class='ocrx_word' id='word_1_364' title='bbox 938 1633 979 1664; x_wconf 91' lang='lat' dir='ltr'><strong>ob</strong></span> <span class='ocrx_word' id='word_1_365' title='bbox 993 1632 1258 1664; x_wconf 85' lang='lat' dir='ltr'><strong>consuetudinem</strong></span> <span class='ocrx_word' id='word_1_366' title='bbox 1273 1631 1427 1663; x_wconf 85' lang='lat' dir='ltr'><strong>Terentii.</strong></span> <span class='ocrx_word' id='word_1_367' title='bbox 1459 1631 1497 1662; x_wconf 94' lang='lat' dir='ltr'><strong>B.</strong></span> 
     </span>
    </p>

    <p class='ocr_par' dir='ltr' id='par_1_28' title="bbox 867 1674 1609 1975">
     <span class='ocr_line' id='line_1_61' title="bbox 913 1674 1606 1716; baseline -0.003 -9"><span class='ocrx_word' id='word_1_368' title='bbox 913 1677 961 1707; x_wconf 90' lang='lat'><strong>16.</strong></span> <span class='ocrx_word' id='word_1_369' title='bbox 984 1677 1113 1716; x_wconf 72' lang='lat' dir='ltr'><strong>Propter</strong></span> <span class='ocrx_word' id='word_1_370' title='bbox 1128 1674 1173 1716; x_wconf 88' lang='lat' dir='ltr'><strong>te]</strong></span> <span class='ocrx_word' id='word_1_371' title='bbox 1190 1674 1274 1711; x_wconf 86' lang='lat' dir='ltr'><strong>Quia</strong></span> <span class='ocrx_word' id='word_1_372' title='bbox 1294 1681 1350 1707; x_wconf 89' lang='lat' dir='ltr'><strong>tua</strong></span> <span class='ocrx_word' id='word_1_373' title='bbox 1363 1685 1459 1706; x_wconf 91' lang='lat' dir='ltr'><strong>causa</strong></span> <span class='ocrx_word' id='word_1_374' title='bbox 1475 1685 1494 1706; x_wconf 89' lang='lat' dir='ltr'><strong>a</strong></span> <span class='ocrx_word' id='word_1_375' title='bbox 1514 1683 1606 1716; x_wconf 86' lang='lat' dir='ltr'><strong>patre</strong></span> 
     </span>
     <span class='ocr_line' id='line_1_62' title="bbox 869 1717 1606 1760; baseline -0.001 -10"><span class='ocrx_word' id='word_1_376' title='bbox 869 1730 940 1750; x_wconf 90' lang='lat' dir='ltr'><strong>sum</strong></span> <span class='ocrx_word' id='word_1_377' title='bbox 963 1719 1110 1750; x_wconf 87' lang='lat' dir='ltr'><strong>exclusus</strong></span> <span class='ocrx_word' id='word_1_378' title='bbox 1133 1719 1301 1750; x_wconf 88' lang='lat' dir='ltr'><strong>verborum</strong></span> <span class='ocrx_word' id='word_1_379' title='bbox 1324 1717 1606 1760; x_wconf 83' lang='lat' dir='ltr'><strong>increpationibus.</strong></span> 
     </span>
     <span class='ocr_line' id='line_1_63' title="bbox 869 1761 1608 1803; baseline -0.001 -10"><span class='ocrx_word' id='word_1_380' title='bbox 869 1762 1004 1803; x_wconf 75' lang='lat' dir='ltr'><strong>Errans]</strong></span> <span class='ocrx_word' id='word_1_381' title='bbox 1030 1762 1117 1793; x_wconf 88' lang='lat' dir='ltr'><strong>Hinc</strong></span> <span class='ocrx_word' id='word_1_382' title='bbox 1135 1773 1253 1793; x_wconf 77' lang='lat' dir='ltr'><strong>errones</strong></span> <span class='ocrx_word' id='word_1_383' title='bbox 1273 1761 1432 1793; x_wconf 90' lang='lat' dir='ltr'><strong>dicuntur.</strong></span> <span class='ocrx_word' id='word_1_384' title='bbox 1470 1762 1506 1793; x_wconf 92' lang='lat' dir='ltr'><strong>C.</strong></span> <span class='ocrx_word' id='word_1_385' title='bbox 1508 1762 1608 1792; x_wconf 84' lang='lat' dir='ltr'><strong>—In-</strong></span> 
     </span>
     <span class='ocr_line' id='line_1_64' title="bbox 870 1804 1606 1856; baseline -0.003 -20"><span class='ocrx_word' id='word_1_386' title='bbox 870 1811 953 1836; x_wconf 80' lang='lat' dir='ltr'><strong>terea</strong></span> <span class='ocrx_word' id='word_1_387' title='bbox 967 1807 1023 1836; x_wconf 81' lang='lat' dir='ltr'><strong>loci</strong></span> <span class='ocrx_word' id='word_1_388' title='bbox 1057 1805 1096 1836; x_wconf 88' lang='lat' dir='ltr'><strong>In</strong></span> <span class='ocrx_word' id='word_1_389' title='bbox 1111 1805 1193 1836; x_wconf 89' lang='lat' dir='ltr'><strong>libro</strong></span> <span class='ocrx_word' id='word_1_390' title='bbox 1209 1805 1319 1836; x_wconf 88' lang='lat' dir='ltr'><strong>Bemb.</strong></span> <span class='ocrx_word' id='word_1_391' title='bbox 1332 1804 1528 1856; x_wconf 68' lang='lat' dir='ltr'><strong>adscriptum</strong></span> <span class='ocrx_word' id='word_1_392' title='bbox 1540 1811 1606 1835; x_wconf 85' lang='lat' dir='ltr'><strong>est:</strong></span> 
     </span>
     <span class='ocr_line' id='line_1_65' title="bbox 870 1847 1610 1889; baseline -0.003 -10"><span class='ocrx_word' id='word_1_393' title='bbox 870 1849 945 1879; x_wconf 83' lang='lat' dir='ltr'><strong>Loci</strong></span> <span class='ocrx_word' id='word_1_394' title='bbox 958 1854 1132 1889; x_wconf 74' lang='grc' dir='ltr'>παρελκονε</span> <span class='ocrx_word' id='word_1_395' title='bbox 1156 1859 1225 1880; x_wconf 83' lang='lat' dir='ltr'><strong>nam</strong></span> <span class='ocrx_word' id='word_1_396' title='bbox 1236 1847 1298 1879; x_wconf 83' lang='lat' dir='ltr'><strong>loci</strong></span> <span class='ocrx_word' id='word_1_397' title='bbox 1309 1849 1387 1879; x_wconf 83' lang='lat' dir='ltr'><strong>omni</strong></span> <span class='ocrx_word' id='word_1_398' title='bbox 1397 1848 1610 1888; x_wconf 70' lang='lat' dir='ltr'><strong>significationi</strong></span> 
     </span>
     <span class='ocr_line' id='line_1_66' title="bbox 867 1889 1608 1932; baseline -0.003 -10"><span class='ocrx_word' id='word_1_399' title='bbox 867 1893 943 1922; x_wconf 84' lang='lat' dir='ltr'><strong>addi</strong></span> <span class='ocrx_word' id='word_1_400' title='bbox 965 1893 1048 1922; x_wconf 74' lang='lat' dir='ltr'><strong>solet.</strong></span> <span class='ocrx_word' id='word_1_401' title='bbox 1092 1893 1234 1922; x_wconf 80' lang='lat' dir='ltr'><strong>Ennius.-</strong></span> <span class='ocrx_word' id='word_1_402' title='bbox 1267 1890 1411 1921; x_wconf 89' lang='lat' dir='ltr'><strong>Flamma</strong></span> <span class='ocrx_word' id='word_1_403' title='bbox 1433 1889 1496 1921; x_wconf 85' lang='lat' dir='ltr'><strong>loci</strong></span> <span class='ocrx_word' id='word_1_404' title='bbox 1519 1896 1608 1932; x_wconf 85' lang='lat' dir='ltr'><strong>post-</strong></span> 
     </span>
     <span class='ocr_line' id='line_1_67' title="bbox 870 1933 1588 1975; baseline -0.003 -10"><span class='ocrx_word' id='word_1_405' title='bbox 870 1944 965 1975; x_wconf 91' lang='lat' dir='ltr'><strong>quam</strong></span> <span class='ocrx_word' id='word_1_406' title='bbox 980 1934 1137 1965; x_wconf 85' lang='lat' dir='ltr'><strong>conclusa’</strong></span> <span class='ocrx_word' id='word_1_407' title='bbox 1140 1940 1171 1964; x_wconf 85' lang='lat' dir='ltr'><strong>st</strong></span> <span class='ocrx_word' id='word_1_408' title='bbox 1186 1933 1312 1964; x_wconf 91' lang='lat' dir='ltr'><strong>turbine</strong></span> <span class='ocrx_word' id='word_1_409' title='bbox 1326 1943 1420 1964; x_wconf 86' lang='lat' dir='ltr'><strong>saevo.</strong></span> <span class='ocrx_word' id='word_1_410' title='bbox 1452 1933 1588 1965; x_wconf 68' lang='lat' dir='ltr'><strong>Paean.</strong></span> 
     </span>
    </p>

    <p class='ocr_par' dir='ltr' id='par_1_29' title="bbox 869 1975 1610 2147">
     <span class='ocr_line' id='line_1_68' title="bbox 916 1975 1608 2017; baseline -0.003 -9"><span class='ocrx_word' id='word_1_411' title='bbox 916 1978 964 2010; x_wconf 91' lang='grc'><strong>17.</strong></span> <span class='ocrx_word' id='word_1_412' title='bbox 990 1975 1246 2017; x_wconf 73' lang='lat' dir='ltr'><strong>Colloeupletasti]</strong></span> <span class='ocrx_word' id='word_1_413' title='bbox 1264 1976 1408 2008; x_wconf 88' lang='lat' dir='ltr'><strong>Divitem</strong></span> <span class='ocrx_word' id='word_1_414' title='bbox 1424 1975 1537 2007; x_wconf 81' lang='lat' dir='ltr'><strong>fecisti.</strong></span> <span class='ocrx_word' id='word_1_415' title='bbox 1570 1976 1608 2007; x_wconf 90' lang='lat' dir='ltr'><strong>E.</strong></span> 
     </span>
     <span class='ocr_line' id='line_1_69' title="bbox 872 2019 1610 2061; baseline -0.001 -10"><span class='ocrx_word' id='word_1_416' title='bbox 872 2020 961 2051; x_wconf 88' lang='lat' dir='ltr'><strong>Male</strong></span> <span class='ocrx_word' id='word_1_417' title='bbox 976 2019 1010 2051; x_wconf 90' lang='lat' dir='ltr'><strong>in</strong></span> <span class='ocrx_word' id='word_1_418' title='bbox 1032 2020 1137 2061; x_wconf 90' lang='lat' dir='ltr'><strong>prima</strong></span> <span class='ocrx_word' id='word_1_419' title='bbox 1158 2019 1279 2061; x_wconf 81' lang='lat' dir='ltr'><strong>syllaba</strong></span> <span class='ocrx_word' id='word_1_420' title='bbox 1293 2019 1418 2051; x_wconf 82' lang='lat' dir='ltr'><strong>acuitur</strong></span> <span class='ocrx_word' id='word_1_421' title='bbox 1438 2021 1610 2060; x_wconf 77' lang='lat' dir='ltr'><strong>Antiphila.</strong></span> 
     </span>
     <span class='ocr_line' id='line_1_70' title="bbox 874 2062 1610 2104; baseline 0 -10"><span class='ocrx_word' id='word_1_422' title='bbox 874 2063 961 2104; x_wconf 88' lang='lat' dir='ltr'><strong>Ergo</strong></span> <span class='ocrx_word' id='word_1_423' title='bbox 974 2074 1015 2094; x_wconf 89' lang='lat' dir='ltr'><strong>ex</strong></span> <span class='ocrx_word' id='word_1_424' title='bbox 1028 2063 1175 2094; x_wconf 88' lang='lat' dir='ltr'><strong>omnibus</strong></span> <span class='ocrx_word' id='word_1_425' title='bbox 1186 2062 1252 2094; x_wconf 85' lang='lat' dir='ltr'><strong>fere</strong></span> <span class='ocrx_word' id='word_1_426' title='bbox 1264 2063 1382 2094; x_wconf 86' lang='lat' dir='ltr'><strong>nostris</strong></span> <span class='ocrx_word' id='word_1_427' title='bbox 1396 2062 1457 2104; x_wconf 85' lang='lat' dir='ltr'><strong>leg.</strong></span> <span class='ocrx_word' id='word_1_428' title='bbox 1476 2064 1610 2094; x_wconf 81' lang='lat' dir='ltr'><strong>Collocu-</strong></span> 
     </span>
     <span class='ocr_line' id='line_1_71' title="bbox 869 2106 1422 2147; baseline -0.002 -9"><span class='ocrx_word' id='word_1_429' title='bbox 869 2108 1005 2147; x_wconf 64' lang='lat' dir='ltr'><strong>plna-eti,</strong></span> <span class='ocrx_word' id='word_1_430' title='bbox 1021 2108 1191 2146; x_wconf 78' lang='lat' dir='ltr'><strong>Antiphila,</strong></span> <span class='ocrx_word' id='word_1_431' title='bbox 1210 2114 1239 2137; x_wconf 79' lang='lat' dir='ltr'><strong>te</strong></span> <span class='ocrx_word' id='word_1_432' title='bbox 1253 2111 1283 2137; x_wconf 87' lang='lat' dir='ltr'><strong>et</strong></span> <span class='ocrx_word' id='word_1_433' title='bbox 1298 2117 1351 2137; x_wconf 89' lang='lat' dir='ltr'><strong>me.</strong></span> <span class='ocrx_word' id='word_1_434' title='bbox 1384 2106 1422 2137; x_wconf 88' lang='lat' dir='ltr'><strong>B.</strong></span> 
     </span>
    </p>

    <p class='ocr_par' dir='ltr' id='par_1_30' title="bbox 874 2148 1613 2363">
     <span class='ocr_line' id='line_1_72' title="bbox 922 2148 1613 2190; baseline 0 -10"><span class='ocrx_word' id='word_1_435' title='bbox 922 2151 968 2181; x_wconf 89' lang='lat'><strong>18.</strong></span> <span class='ocrx_word' id='word_1_436' title='bbox 1006 2151 1044 2181; x_wconf 84' lang='lat' dir='ltr'><strong>In</strong></span> <span class='ocrx_word' id='word_1_437' title='bbox 1071 2148 1201 2190; x_wconf 69' lang='lat' dir='ltr'><strong>summa]</strong></span> <span class='ocrx_word' id='word_1_438' title='bbox 1235 2149 1275 2180; x_wconf 90' lang='lat' dir='ltr'><strong>In</strong></span> <span class='ocrx_word' id='word_1_439' title='bbox 1303 2149 1431 2190; x_wconf 82' lang='lat' dir='ltr'><strong>querela</strong></span> <span class='ocrx_word' id='word_1_440' title='bbox 1458 2149 1613 2180; x_wconf 85' lang='lat' dir='ltr'><strong>amatoria</strong></span> 
     </span>
     <span class='ocr_line' id='line_1_73' title="bbox 874 2191 1612 2234; baseline -0.001 -10"><span class='ocrx_word' id='word_1_441' title='bbox 874 2199 1109 2224; x_wconf 86' lang='lat' dir='ltr'><strong>consueverunt</strong></span> <span class='ocrx_word' id='word_1_442' title='bbox 1129 2199 1287 2224; x_wconf 86' lang='lat' dir='ltr'><strong>amatores</strong></span> <span class='ocrx_word' id='word_1_443' title='bbox 1302 2193 1342 2224; x_wconf 87' lang='lat' dir='ltr'><strong>ab</strong></span> <span class='ocrx_word' id='word_1_444' title='bbox 1361 2192 1463 2224; x_wconf 86' lang='lat' dir='ltr'><strong>amica</strong></span> <span class='ocrx_word' id='word_1_445' title='bbox 1485 2191 1612 2234; x_wconf 87' lang='lat' dir='ltr'><strong>decepti</strong></span> 
     </span>
     <span class='ocr_line' id='line_1_74' title="bbox 875 2235 1613 2276; baseline -0.001 -9"><span class='ocrx_word' id='word_1_446' title='bbox 875 2246 1133 2273; x_wconf 86' lang='lat' dir='ltr'><strong>commemorare,</strong></span> <span class='ocrx_word' id='word_1_447' title='bbox 1160 2246 1230 2276; x_wconf 89' lang='lat' dir='ltr'><strong>quae</strong></span> <span class='ocrx_word' id='word_1_448' title='bbox 1253 2235 1387 2267; x_wconf 83' lang='lat' dir='ltr'><strong>adversa</strong></span> <span class='ocrx_word' id='word_1_449' title='bbox 1409 2245 1505 2266; x_wconf 86' lang='lat' dir='ltr'><strong>causa</strong></span> <span class='ocrx_word' id='word_1_450' title='bbox 1526 2235 1613 2266; x_wconf 86' lang='lat' dir='ltr'><strong>illius</strong></span> 
     </span>
     <span class='ocr_line' id='line_1_75' title="bbox 875 2278 1612 2317; baseline -0.001 -7"><span class='ocrx_word' id='word_1_451' title='bbox 875 2279 1059 2310; x_wconf 87' lang='lat' dir='ltr'><strong>acciderint.</strong></span> <span class='ocrx_word' id='word_1_452' title='bbox 1087 2279 1290 2310; x_wconf 87' lang='lat' dir='ltr'><strong>c.-0mnes</strong></span> <span class='ocrx_word' id='word_1_453' title='bbox 1301 2278 1412 2316; x_wconf 84' lang='lat' dir='ltr'><strong>nostri,</strong></span> <span class='ocrx_word' id='word_1_454' title='bbox 1426 2278 1530 2310; x_wconf 85' lang='lat' dir='ltr'><strong>deleto</strong></span> <span class='ocrx_word' id='word_1_455' title='bbox 1538 2290 1612 2317; x_wconf 77' lang='lat' dir='ltr'><strong>sum,</strong></span> 
     </span>
     <span class='ocr_line' id='line_1_76' title="bbox 875 2321 1494 2363; baseline -0.003 -9"><span class='ocrx_word' id='word_1_456' title='bbox 875 2323 994 2354; x_wconf 90' lang='lat' dir='ltr'><strong>habent</strong></span> <span class='ocrx_word' id='word_1_457' title='bbox 1009 2324 1106 2354; x_wconf 79' lang='lat' dir='ltr'><strong>minus</strong></span> <span class='ocrx_word' id='word_1_458' title='bbox 1120 2324 1287 2363; x_wconf 76' lang='lat' dir='ltr'><strong>obsequens.</strong></span> <span class='ocrx_word' id='word_1_459' title='bbox 1327 2321 1423 2352; x_wconf 84' lang='lat' dir='ltr'><strong>Male.</strong></span> <span class='ocrx_word' id='word_1_460' title='bbox 1459 2322 1494 2353; x_wconf 91' lang='lat' dir='ltr'><strong>B.</strong></span> 
     </span>
    </p>

    <p class='ocr_par' dir='ltr' id='par_1_31' title="bbox 874 2364 1616 2966">
     <span class='ocr_line' id='line_1_77' title="bbox 922 2364 1614 2405; baseline -0.001 -8"><span class='ocrx_word' id='word_1_461' title='bbox 922 2367 970 2397; x_wconf 90' lang='lat'><strong>19.</strong></span> <span class='ocrx_word' id='word_1_462' title='bbox 994 2367 1094 2397; x_wconf 80' lang='lat' dir='ltr'><strong>Pudet</strong></span> <span class='ocrx_word' id='word_1_463' title='bbox 1114 2376 1168 2402; x_wconf 85' lang='lat' dir='ltr'><strong>me,</strong></span> <span class='ocrx_word' id='word_1_464' title='bbox 1184 2371 1215 2396; x_wconf 87' lang='lat' dir='ltr'><strong>et</strong></span> <span class='ocrx_word' id='word_1_465' title='bbox 1235 2364 1372 2405; x_wconf 76' lang='lat' dir='ltr'><strong>miseret]</strong></span> <span class='ocrx_word' id='word_1_466' title='bbox 1396 2365 1516 2396; x_wconf 86' lang='lat' dir='ltr'><strong>Recte.</strong></span> <span class='ocrx_word' id='word_1_467' title='bbox 1539 2364 1614 2405; x_wconf 88' lang='lat' dir='ltr'><strong>quia</strong></span> 
     </span>
     <span class='ocr_line' id='line_1_78' title="bbox 875 2408 1613 2451; baseline -0.001 -11"><span class='ocrx_word' id='word_1_468' title='bbox 875 2416 950 2451; x_wconf 89' lang='lat' dir='ltr'><strong>post</strong></span> <span class='ocrx_word' id='word_1_469' title='bbox 964 2409 1118 2451; x_wconf 89' lang='lat' dir='ltr'><strong>pudorem</strong></span> <span class='ocrx_word' id='word_1_470' title='bbox 1131 2408 1213 2440; x_wconf 85' lang='lat' dir='ltr'><strong>solet</strong></span> <span class='ocrx_word' id='word_1_471' title='bbox 1224 2408 1375 2449; x_wconf 88' lang='lat' dir='ltr'><strong>consequi</strong></span> <span class='ocrx_word' id='word_1_472' title='bbox 1387 2408 1613 2439; x_wconf 85' lang='lat' dir='ltr'><strong>misericordia.</strong></span> 
     </span>
     <span class='ocr_line' id='line_1_79' title="bbox 876 2450 1614 2492; baseline -0.003 -8"><span class='ocrx_word' id='word_1_473' title='bbox 876 2454 985 2490; x_wconf 81' lang='lat' dir='ltr'><strong>Pudet,</strong></span> <span class='ocrx_word' id='word_1_474' title='bbox 1009 2451 1209 2483; x_wconf 84' lang='lat' dir='ltr'><strong>verecundiae</strong></span> <span class='ocrx_word' id='word_1_475' title='bbox 1227 2457 1286 2483; x_wconf 83' lang='lat' dir='ltr'><strong>est.</strong></span> <span class='ocrx_word' id='word_1_476' title='bbox 1330 2453 1430 2492; x_wconf 84' lang='lat' dir='ltr'><strong>Piget,</strong></span> <span class='ocrx_word' id='word_1_477' title='bbox 1453 2450 1614 2492; x_wconf 86' lang='lat' dir='ltr'><strong>poeniten-</strong></span> 
     </span>
     <span class='ocr_line' id='line_1_80' title="bbox 877 2493 1615 2535; baseline -0.001 -8"><span class='ocrx_word' id='word_1_478' title='bbox 877 2495 939 2527; x_wconf 90' lang='lat' dir='ltr'><strong>tiae.</strong></span> <span class='ocrx_word' id='word_1_479' title='bbox 998 2495 1127 2526; x_wconf 88' lang='lat' dir='ltr'><strong>Terent.</strong></span> <span class='ocrx_word' id='word_1_480' title='bbox 1158 2495 1192 2525; x_wconf 91' lang='lat' dir='ltr'><strong>in</strong></span> <span class='ocrx_word' id='word_1_481' title='bbox 1222 2494 1389 2535; x_wconf 87' lang='lat' dir='ltr'><strong>Adelphis,</strong></span> <span class='ocrx_word' id='word_1_482' title='bbox 1417 2493 1535 2534; x_wconf 74' lang='lat' dir='ltr'><strong>fratris</strong></span> <span class='ocrx_word' id='word_1_483' title='bbox 1569 2505 1615 2526; x_wconf 81' lang='lat' dir='ltr'><strong>me</strong></span> 
     </span>
     <span class='ocr_line' id='line_1_81' title="bbox 876 2537 1615 2580; baseline -0.001 -11"><span class='ocrx_word' id='word_1_484' title='bbox 876 2541 994 2580; x_wconf 83' lang='lat' dir='ltr'><strong>quidem</strong></span> <span class='ocrx_word' id='word_1_485' title='bbox 1006 2541 1110 2579; x_wconf 85' lang='lat' dir='ltr'><strong>pudet,</strong></span> <span class='ocrx_word' id='word_1_486' title='bbox 1123 2540 1273 2579; x_wconf 80' lang='lat' dir='ltr'><strong>pigetque.</strong></span> <span class='ocrx_word' id='word_1_487' title='bbox 1312 2537 1356 2568; x_wconf 90' lang='lat' dir='ltr'><strong>Et</strong></span> <span class='ocrx_word' id='word_1_488' title='bbox 1373 2538 1452 2569; x_wconf 90' lang='lat' dir='ltr'><strong>bene</strong></span> <span class='ocrx_word' id='word_1_489' title='bbox 1459 2540 1564 2577; x_wconf 77' lang='lat' dir='ltr'><strong>pudet,</strong></span> <span class='ocrx_word' id='word_1_490' title='bbox 1574 2537 1615 2569; x_wconf 88' lang='lat' dir='ltr'><strong>de</strong></span> 
     </span>
     <span class='ocr_line' id='line_1_82' title="bbox 877 2580 1616 2623; baseline -0.003 -10"><span class='ocrx_word' id='word_1_491' title='bbox 877 2582 944 2613; x_wconf 84' lang='lat' dir='ltr'><strong>filio</strong></span> <span class='ocrx_word' id='word_1_492' title='bbox 965 2582 1000 2613; x_wconf 90' lang='lat' dir='ltr'><strong>in</strong></span> <span class='ocrx_word' id='word_1_493' title='bbox 1030 2590 1163 2623; x_wconf 85' lang='lat' dir='ltr'><strong>patrem.</strong></span> <span class='ocrx_word' id='word_1_494' title='bbox 1210 2581 1249 2612; x_wconf 92' lang='lat' dir='ltr'><strong>In</strong></span> <span class='ocrx_word' id='word_1_495' title='bbox 1270 2580 1404 2618; x_wconf 86' lang='lat' dir='ltr'><strong>Andria,</strong></span> <span class='ocrx_word' id='word_1_496' title='bbox 1428 2585 1490 2611; x_wconf 83' lang='lat' dir='ltr'><strong>tum</strong></span> <span class='ocrx_word' id='word_1_497' title='bbox 1514 2583 1616 2621; x_wconf 74' lang='lat' dir='ltr'><strong>patris</strong></span> 
     </span>
     <span class='ocr_line' id='line_1_83' title="bbox 874 2623 1615 2666; baseline -0.001 -10"><span class='ocrx_word' id='word_1_498' title='bbox 874 2628 980 2666; x_wconf 83' lang='lat' dir='ltr'><strong>pudor.</strong></span> <span class='ocrx_word' id='word_1_499' title='bbox 1021 2623 1188 2665; x_wconf 82' lang='lat' dir='ltr'><strong>Cantabat]</strong></span> <span class='ocrx_word' id='word_1_500' title='bbox 1207 2624 1279 2655; x_wconf 88' lang='lat' dir='ltr'><strong>Hoc</strong></span> <span class='ocrx_word' id='word_1_501' title='bbox 1296 2631 1354 2660; x_wconf 88' lang='lat' dir='ltr'><strong>est,</strong></span> <span class='ocrx_word' id='word_1_502' title='bbox 1367 2623 1550 2664; x_wconf 83' lang='lat' dir='ltr'><strong>frequenter</strong></span> <span class='ocrx_word' id='word_1_503' title='bbox 1565 2624 1615 2655; x_wconf 88' lang='lat' dir='ltr'><strong>di-</strong></span> 
     </span>
     <span class='ocr_line' id='line_1_84' title="bbox 878 2666 1614 2708; baseline -0.001 -8"><span class='ocrx_word' id='word_1_504' title='bbox 878 2669 979 2700; x_wconf 86' lang='lat' dir='ltr'><strong>cebat.</strong></span> <span class='ocrx_word' id='word_1_505' title='bbox 1034 2668 1079 2699; x_wconf 90' lang='lat' dir='ltr'><strong>Et</strong></span> <span class='ocrx_word' id='word_1_506' title='bbox 1101 2666 1334 2708; x_wconf 86' lang='lat' dir='ltr'><strong>significantius</strong></span> <span class='ocrx_word' id='word_1_507' title='bbox 1358 2666 1440 2698; x_wconf 82' lang='lat' dir='ltr'><strong>dixit</strong></span> <span class='ocrx_word' id='word_1_508' title='bbox 1462 2669 1614 2699; x_wconf 81' lang='lat' dir='ltr'><strong>cantabat.</strong></span> 
     </span>
     <span class='ocr_line' id='line_1_85' title="bbox 879 2709 1614 2751; baseline -0.001 -8"><span class='ocrx_word' id='word_1_509' title='bbox 879 2711 924 2743; x_wconf 90' lang='lat' dir='ltr'><strong>Et</strong></span> <span class='ocrx_word' id='word_1_510' title='bbox 938 2710 1062 2751; x_wconf 85' lang='lat' dir='ltr'><strong>antiqui</strong></span> <span class='ocrx_word' id='word_1_511' title='bbox 1078 2721 1182 2742; x_wconf 82' lang='lat' dir='ltr'><strong>canere</strong></span> <span class='ocrx_word' id='word_1_512' title='bbox 1197 2720 1256 2751; x_wconf 90' lang='lat' dir='ltr'><strong>pro</strong></span> <span class='ocrx_word' id='word_1_513' title='bbox 1271 2712 1367 2750; x_wconf 77' lang='lat' dir='ltr'><strong>eloqui</strong></span> <span class='ocrx_word' id='word_1_514' title='bbox 1381 2709 1539 2742; x_wconf 83' lang='lat' dir='ltr'><strong>dixerunt.</strong></span> <span class='ocrx_word' id='word_1_515' title='bbox 1577 2710 1614 2742; x_wconf 87' lang='lat' dir='ltr'><strong>C.</strong></span> 
     </span>
     <span class='ocr_line' id='line_1_86' title="bbox 879 2752 1616 2795; baseline -0.003 -9"><span class='ocrx_word' id='word_1_516' title='bbox 879 2755 1018 2795; x_wconf 79' lang='lat' dir='ltr'><strong>——Cujus</strong></span> <span class='ocrx_word' id='word_1_517' title='bbox 1033 2765 1110 2784; x_wconf 83' lang='lat' dir='ltr'><strong>nunc</strong></span> <span class='ocrx_word' id='word_1_518' title='bbox 1127 2764 1172 2784; x_wconf 88' lang='lat' dir='ltr'><strong>me</strong></span> <span class='ocrx_word' id='word_1_519' title='bbox 1191 2752 1301 2794; x_wconf 80' lang='lat' dir='ltr'><strong>pudet]</strong></span> <span class='ocrx_word' id='word_1_520' title='bbox 1326 2752 1429 2784; x_wconf 81' lang='lat' dir='ltr'><strong>Patris</strong></span> <span class='ocrx_word' id='word_1_521' title='bbox 1444 2763 1496 2784; x_wconf 90' lang='lat' dir='ltr'><strong>me</strong></span> <span class='ocrx_word' id='word_1_522' title='bbox 1516 2753 1616 2795; x_wconf 85' lang='lat' dir='ltr'><strong>pudet</strong></span> 
     </span>
     <span class='ocr_line' id='line_1_87' title="bbox 881 2796 1615 2837; baseline 0 -9"><span class='ocrx_word' id='word_1_523' title='bbox 881 2805 914 2829; x_wconf 85' lang='lat' dir='ltr'><strong>et</strong></span> <span class='ocrx_word' id='word_1_524' title='bbox 935 2798 1074 2834; x_wconf 90' lang='lat' dir='ltr'><strong>miseret,</strong></span> <span class='ocrx_word' id='word_1_525' title='bbox 1098 2796 1152 2837; x_wconf 91' lang='lat' dir='ltr'><strong>qui</strong></span> <span class='ocrx_word' id='word_1_526' title='bbox 1173 2796 1356 2837; x_wconf 84' lang='lat' dir='ltr'><strong>frequenter</strong></span> <span class='ocrx_word' id='word_1_527' title='bbox 1377 2796 1489 2828; x_wconf 88' lang='lat' dir='ltr'><strong>harum</strong></span> <span class='ocrx_word' id='word_1_528' title='bbox 1511 2807 1615 2828; x_wconf 85' lang='lat' dir='ltr'><strong>mores</strong></span> 
     </span>
     <span class='ocr_line' id='line_1_88' title="bbox 879 2839 1616 2876; baseline -0.001 -4"><span class='ocrx_word' id='word_1_529' title='bbox 879 2841 962 2872; x_wconf 87' lang='lat' dir='ltr'><strong>dixit</strong></span> <span class='ocrx_word' id='word_1_530' title='bbox 975 2840 1066 2876; x_wconf 89' lang='lat' dir='ltr'><strong>mihi,</strong></span> <span class='ocrx_word' id='word_1_531' title='bbox 1083 2847 1115 2870; x_wconf 90' lang='lat' dir='ltr'><strong>et</strong></span> <span class='ocrx_word' id='word_1_532' title='bbox 1129 2839 1246 2870; x_wconf 81' lang='lat' dir='ltr'><strong>frustra</strong></span> <span class='ocrx_word' id='word_1_533' title='bbox 1261 2839 1393 2870; x_wconf 88' lang='lat' dir='ltr'><strong>monuit.</strong></span> <span class='ocrx_word' id='word_1_534' title='bbox 1430 2839 1616 2872; x_wconf 57' lang='lat' dir='ltr'><strong>Ple—Mores</strong></span> 
     </span>
     <span class='ocr_line' id='line_1_89' title="bbox 879 2881 1613 2923; baseline -0.001 -8"><span class='ocrx_word' id='word_1_535' title='bbox 879 2886 1023 2915; x_wconf 79' lang='lat' dir='ltr'><strong>cantabat</strong></span> <span class='ocrx_word' id='word_1_536' title='bbox 1051 2881 1142 2923; x_wconf 82' lang='lat' dir='ltr'><strong>mihi]</strong></span> <span class='ocrx_word' id='word_1_537' title='bbox 1175 2882 1308 2914; x_wconf 88' lang='lat' dir='ltr'><strong>Plautus</strong></span> <span class='ocrx_word' id='word_1_538' title='bbox 1331 2881 1420 2914; x_wconf 89' lang='lat' dir='ltr'><strong>Trin.</strong></span> <span class='ocrx_word' id='word_1_539' title='bbox 1447 2882 1479 2914; x_wconf 84' lang='lat' dir='ltr'><strong>ii.</strong></span> <span class='ocrx_word' id='word_1_540' title='bbox 1508 2884 1536 2914; x_wconf 88' lang='grc'><strong>2.</strong></span> <span class='ocrx_word' id='word_1_541' title='bbox 1564 2884 1613 2914; x_wconf 91' lang='grc'><strong>10.</strong></span> 
     </span>
     <span class='ocr_line' id='line_1_90' title="bbox 879 2926 1510 2966; baseline -0.003 -7"><span class='ocrx_word' id='word_1_542' title='bbox 879 2929 946 2959; x_wconf 87' lang='lat' dir='ltr'><strong>Hoc</strong></span> <span class='ocrx_word' id='word_1_543' title='bbox 963 2928 1020 2958; x_wconf 81' lang='lat' dir='ltr'><strong>tibi</strong></span> <span class='ocrx_word' id='word_1_544' title='bbox 1035 2928 1166 2966; x_wconf 83' lang='lat' dir='ltr'><strong>quotidie</strong></span> <span class='ocrx_word' id='word_1_545' title='bbox 1180 2931 1267 2957; x_wconf 81' lang='lat' dir='ltr'><strong>canto</strong></span> <span class='ocrx_word' id='word_1_546' title='bbox 1279 2931 1315 2957; x_wconf 74' lang='lat' dir='ltr'><strong>at</strong></span> <span class='ocrx_word' id='word_1_547' title='bbox 1329 2937 1441 2958; x_wconf 75' lang='lat' dir='ltr'><strong>caveas.</strong></span> <span class='ocrx_word' id='word_1_548' title='bbox 1472 2926 1510 2957; x_wconf 89' lang='lat' dir='ltr'><strong>L.</strong></span> 
     </span>
    </p>

    <p class='ocr_par' dir='ltr' id='par_1_32' title="bbox 923 2968 1616 3011">
     <span class='ocr_line' id='line_1_91' title="bbox 923 2968 1616 3011; baseline 0 -10"><span class='ocrx_word' id='word_1_549' title='bbox 923 2971 974 3001; x_wconf 91' lang='grc'><strong>20.</strong></span> <span class='ocrx_word' id='word_1_550' title='bbox 1006 2971 1056 3001; x_wconf 83' lang='lat' dir='ltr'><strong>Ab</strong></span> <span class='ocrx_word' id='word_1_551' title='bbox 1082 2968 1155 3010; x_wconf 79' lang='lat' dir='ltr'><strong>hae]</strong></span> <span class='ocrx_word' id='word_1_552' title='bbox 1181 2968 1233 3001; x_wconf 89' lang='lat' dir='ltr'><strong>Sic</strong></span> <span class='ocrx_word' id='word_1_553' title='bbox 1258 2968 1350 3008; x_wconf 81' lang='lat' dir='ltr'><strong>dixit,</strong></span> <span class='ocrx_word' id='word_1_554' title='bbox 1375 2969 1449 3011; x_wconf 85' lang='lat' dir='ltr'><strong>quia</strong></span> <span class='ocrx_word' id='word_1_555' title='bbox 1473 2969 1616 3002; x_wconf 88' lang='lat' dir='ltr'><strong>nondum</strong></span> 
     </span>
    </p>
   </div>
  </div>
 </body>
</html>
