1852 3216
418 662 475 710 C.
507 661 859 710 SULPITII
903 661 1268 711 APOLLIN.

79 805 482 855 PERIOCHA
531 806 614 854 IN
661 806 997 855 TERENT.
1041 805 1611 855 PHORMIONEM.

247 1003 530 1057 CHREMETIS
550 1015 684 1057 frater
703 1016 855 1057 aberat
870 1028 1053 1071 peregre
1074 1013 1310 1069 Demipho,

247 1080 421 1123 Relicto
440 1080 628 1123 Athenis
649 1079 901 1136 Antiphone
922 1079 1024 1122 filio.

245 1146 453 1189 Chremes
476 1146 583 1189 elam
602 1147 794 1189 habebat
815 1147 969 1190 Lemni
988 1160 1183 1197 uxorem,
1205 1152 1249 1188 et
1268 1144 1419 1197 filiam3

245 1211 432 1254 Athenis
452 1212 574 1254 aliam
595 1214 836 1269 conjugem,
858 1220 902 1255 et
921 1219 1132 1254 amantem
1153 1211 1277 1253 unice

246 1277 441 1320 Gnatum
459 1278 703 1321 fidicinam:
734 1287 870 1321 mater
890 1293 914 1320 e
936 1278 1101 1320 Lemno
1122 1277 1294 1318 advenit

247 1342 472 1385 Athenas:
495 1345 694 1386 moritur:
718 1345 838 1399 virgo
860 1343 949 1386 sola
969 1343 1135 1397 (aberat
1155 1341 1381 1396 Chremes)

245 1407 395 1450 Funus
415 1417 644 1464 procurat:
676 1410 737 1452 ibi
756 1425 850 1452 eam
869 1410 1001 1450 visam
1021 1406 1218 1463 Antipho

247 1475 396 1522 Quum
417 1483 593 1526 amaret,
615 1491 747 1532 opera
767 1475 944 1532 parasiti
963 1488 1143 1515 uxorem
1162 1472 1332 1527 accipit.

249 1541 380 1583 Pater
400 1549 444 1583 et
465 1541 672 1584 Chremes
693 1542 855 1584 reversi
874 1540 1079 1582 fremere:
1111 1538 1214 1580 dein
1232 1537 1367 1579 minas

248 1606 451 1662 Triginta
471 1608 576 1649 dant
597 1609 801 1663 parasito,
823 1613 872 1649 ut
891 1605 1003 1647 illam
1023 1604 1251 1660 conjugem

247 1672 448 1715 Haberet
468 1674 585 1729 ipse:
617 1678 797 1729 argento
816 1672 899 1715 hoc
919 1672 1073 1714 emitur
1090 1671 1278 1714 fidicina.

248 1741 442 1783 Uxorem
461 1742 618 1784 retinet
638 1740 835 1797 Antipho
855 1756 880 1782 a
897 1747 1054 1796 patruo
1074 1740 1274 1795 agnitam.

186 2097 315 2137 AELII
352 2097 586 2144 DONATI,
624 2097 676 2137 V.
710 2097 757 2136 C.
795 2096 1079 2136 ORATORIS
1113 2094 1275 2135 URBIS
1313 2094 1505 2143 ROMAE,

286 2174 582 2214 PRAEFATIO
612 2174 672 2212 IN
702 2171 1095 2212 PHORMIONEM
1124 2170 1409 2210 TERENTII.

123 2292 230 2324 Hanc
247 2293 447 2331 comoediam,
463 2293 668 2325 manifestum
685 2298 743 2330 est,
759 2291 850 2334 prius
873 2291 914 2322 ab
937 2289 1135 2332 Apollodoro
1156 2290 1216 2321 sub
1235 2288 1298 2320 alio
1319 2288 1460 2326 nomine,
1476 2289 1537 2321 hoc
1553 2295 1613 2328 est,

76 2346 357 2387 Ἐπιδικαζόμενον,
373 2349 486 2379 (ἔτεκε
501 2348 654 2389 scriptam
670 2357 751 2384 esse,
767 2357 862 2387 quam
879 2345 995 2376 Latine
1018 2355 1038 2376 a
1059 2343 1215 2375 Terentio
1230 2345 1445 2375 Phormionem.
1490 2344 1613 2380 Quam-

79 2401 189 2432 obrem
211 2401 301 2433 nulla
322 2402 481 2433 dubitatio
497 2409 554 2439 est,
571 2402 654 2433 hanc
676 2401 776 2432 solam
799 2410 869 2431 esse
892 2399 944 2431 cui
968 2408 1089 2430 nomen
1113 2404 1209 2440 poeta
1234 2397 1423 2429 mutaverit:
1449 2403 1482 2428 et
1506 2408 1614 2430 errare

80 2465 145 2491 eos,
173 2455 228 2495 qui
253 2455 287 2486 in
313 2456 373 2487 hac
401 2456 629 2488 Phormionem
658 2455 836 2498 parasitum
863 2459 980 2495 putant
1007 2463 1026 2484 a
1049 2451 1186 2483 formula
1205 2450 1282 2489 litis,
1307 2461 1403 2491 quam
1426 2450 1615 2491 intenderit,

80 2508 299 2540 nominatum:
331 2520 430 2550 quum
452 2511 566 2541 Graeca
587 2509 698 2551 lingua
720 2509 817 2540 fiscus
839 2514 986 2549 sparteus
1002 2505 1124 2548 (Gloss.
1148 2507 1267 2536 Formio
1290 2503 1438 2545 Κόφινος·
1459 2506 1616 2546 παρῆκται

80 2561 114 2593 δὲ
130 2561 192 2593 ἀπὸ
205 2563 264 2593 τοῦ
278 2562 474 2601 Ἑλληνικοῦ,
491 2564 531 2595 ὡς
547 2565 564 2595 ό
578 2562 731 2595 Ἡσίοδος.
777 2562 885 2593 Verba
909 2559 1047 2592 Hesiodi
1070 2559 1243 2590 laudantur
1258 2558 1293 2589 in
1310 2558 1450 2600 Etymol.
1468 2559 1591 2601 Magno
1601 2571 1611 2591 ε

81 2616 188 2647 Οἵσεις
212 2614 245 2647 δὲ
271 2617 306 2647 ἐν
328 2618 453 2657 φορμίρε
477 2617 512 2647 in
536 2627 614 2648 voce
638 2615 815 2657 φορμίσκοι.
841 2614 939 2646 Basil.
962 2614 1051 2655 Mag.
1074 2613 1109 2644 in
1131 2611 1322 2644 Exercitatt.
1346 2611 1465 2653 φορμὸς
1479 2613 1497 2644 ὁ
1511 2619 1612 2646 xma-

80 2669 196 2702 θίσκος.
236 2669 366 2712 Ulpian.
383 2670 404 2701 L
423 2671 473 2701 12.
489 2671 516 2709 ᾗ.
535 2671 584 2701 18.
606 2669 637 2701 ff.
660 2670 700 2700 de
721 2669 815 2700 instr.
838 2675 871 2700 et
890 2667 982 2699 iustr.
999 2666 1175 2707 sormiones‚
1200 2671 1232 2697 et
1254 2667 1405 2706 spongias,
1419 2670 1451 2697 et
1473 2677 1567 2705 amas,
1583 2672 1614 2699 et

79 2735 183 2764 scopas
207 2723 262 2765 L.)
278 2730 311 2755 et
325 2730 469 2755 stramen
491 2723 656 2755 nauticum
679 2723 725 2754 sic
748 2723 874 2754 dicatur
885 2734 894 2752 z
918 2732 937 2752 a
952 2722 1044 2762 cujus
1059 2720 1107 2751 rei
1122 2719 1173 2751 vel
1189 2718 1377 2761 capacitate,
1394 2718 1445 2751 vel
1460 2719 1611 2760 utilitate,

79 2778 177 2810 etiam
193 2779 233 2809 ab
250 2778 446 2820 Apollodoro
466 2777 626 2820 parasitus
642 2776 848 2808 Phormionis
862 2774 994 2807 nomine
1009 2780 1224 2816 nuncupatur.
1270 2773 1351 2805 Haec
1366 2773 1466 2815 igitur
1479 2775 1611 2817 proprie

79 2838 148 2864 tota
172 2835 299 2863 motoria
322 2838 380 2869 est,
405 2838 438 2863 et
463 2831 497 2862 in
524 2830 690 2862 affectibus
714 2829 889 2861 constituta
914 2839 999 2871 pene
1025 2828 1209 2869 majoribus,
1235 2838 1331 2869 quam
1354 2827 1496 2860 comicus
1519 2828 1614 2862 stilus

79 2893 243 2928 posceret:
268 2886 331 2918 nisi
354 2886 439 2927 quod
461 2891 529 2917 arte
551 2891 655 2927 poetae
670 2883 780 2916 omnia
799 2883 964 2915 moderata
984 2888 1067 2914 sunt.
1114 2881 1239 2913 Primas
1255 2881 1289 2912 in
1305 2891 1343 2913 ea
1357 2887 1476 2924 partes,
1492 2888 1528 2914 ut
1542 2882 1614 2925 ipse

80 2948 176 2982 poeta
199 2940 363 2983 professus
378 2947 436 2978 est,
454 2946 543 2972 tenet
558 2941 707 2976 Phormio,
728 2937 887 2970 secundas
909 2938 998 2975 Geta,
1021 2935 1131 2968 tertias
1146 2938 1315 2977 Demipho.-
1338 2935 1474 2969 subinde
1493 2937 1613 2976 caeteri,
