1852 3216
656 153 731 196 IN
770 152 1075 195 ANDRIA.
1324 190 1330 198 .
1613 157 1640 197 7

246 243 414 299 Populo
435 252 482 285 ut
501 243 737 299 placerent,
758 257 866 297 quas
889 242 1061 284 fecisset
1083 242 1264 283 fabulas

242 308 407 350 Verum
429 308 552 350 aliter
573 308 744 350 evenire
765 307 900 349 multo
920 306 1131 362 intelligit.

199 381 218 410 5
243 373 357 415 Nam
379 375 421 415 in
444 373 633 429 prologis
656 374 899 416 scribundis
921 387 1095 429 operam
1116 373 1324 421 abutitur,

242 438 347 480 Non
364 439 441 493 qui
461 446 760 494 argumentum
782 449 942 489 narret,
967 438 1044 480 sed
1062 438 1137 493 qui
1157 437 1350 479 malevoli

96 594 131 615 se
145 593 270 624 quoque
283 583 419 623 quadam
433 583 625 624 cognatione
640 583 845 615 conveniant.

100 627 173 658 Hoc
190 626 275 657 enim
292 626 384 657 dixit.
423 626 680 667 Menander-feeit
697 629 847 658 Andriam

97 675 127 700 el
152 671 365 704 Perinthiam,-
396 672 447 710 qui
472 672 619 700 utramvis
646 675 727 701 recte
754 673 845 707 norit,

98 714 203 743 ambas
216 715 340 743 noverit.
366 714 435 743 Nou
449 715 494 743 ita
510 714 654 743 dissimili
668 719 738 744 sunt
752 725 846 754 argu-

98 761 204 792 mento,
216 761 354 786 ettamen
367 757 510 786 dissimili
521 758 655 786 oratione
668 762 739 787 sunt
747 755 847 796 sactae

98 809 135 829 ac
146 800 226 829 stilo.
261 798 353 829 Licet
368 798 440 829 duae
455 798 522 829 sint
539 808 683 835 numero,
697 798 732 829 in
749 809 847 830 unam

99 848 208 872 tamen
217 841 375 872 rationem
384 841 592 872 conveniunt.
620 841 714 877 Quod
727 842 772 872 ita
782 849 847 873 est:

97 895 170 925 quae
190 894 231 915 ex
256 884 424 915 Perinthia
446 884 480 915 in
504 884 663 915 Andriam
686 895 847 915 convene-

98 933 185 964 runt,
214 927 255 958 ad
282 926 442 958 Andriam
462 928 537 967 jure
568 927 724 958 translata
752 933 847 964 sunt;

98 970 185 1001 unde
200 980 266 1000 non
281 969 410 1001 videtur
427 969 522 1001 aliter
541 969 665 1007 fecisse,
689 980 785 1011 quam
808 970 847 1000 li-

98 1019 178 1044 ceat.
225 1013 311 1043 Nam
327 1023 401 1043 cum
422 1012 519 1044 liceat
534 1023 576 1044 ex
601 1023 667 1044 una
690 1012 850 1044 comoedia

98 1055 214 1086 Graeca
237 1065 335 1086 unam
357 1054 507 1086 Latinam
525 1055 676 1092 scribere,
693 1055 746 1086 hic
768 1066 848 1096 quo-

98 1098 269 1129 dammodo
285 1108 327 1129 ex
337 1098 462 1129 Andria
471 1099 585 1129 Graeca
598 1098 756 1129 Andriam
773 1098 850 1129 fecit

100 1140 268 1178 Latinam;
296 1147 330 1172 et
351 1141 481 1182 quidem
504 1152 545 1172 ex
570 1141 738 1172 Perinthia
763 1141 847 1179 tulit,

99 1194 171 1224 quae
185 1183 219 1214 in
236 1183 394 1215 Andriam
406 1184 628 1215 convenirent.
669 1184 775 1225 Igitur
790 1184 847 1215 ad-

98 1226 231 1258 versarii
261 1226 296 1258 id
326 1227 512 1268 vituperare
540 1227 685 1258 audent?
725 1227 850 1268 Adjicit

98 1275 325 1310 argumentum
337 1269 493 1301 absolutae
504 1269 678 1311 qualitatis,
688 1270 736 1301 uti
749 1280 848 1312 supra

98 1312 251 1349 diximus,
275 1312 352 1353 quia
375 1323 447 1354 quae
469 1312 555 1351 fecit,
580 1323 639 1355 per
661 1313 848 1355 exemplum

99 1354 184 1388 fecit.
233 1357 294 1389 Qui
314 1367 405 1396 quum
426 1357 505 1386 hunc
526 1361 681 1393 accusant,
698 1357 849 1394 Naem'um,

100 1399 255 1435 Plautum,
271 1367 333 1429 eth
368 1398 413 1429 Et
426 1398 579 1439 quoniam
594 1408 724 1440 semper
738 1409 848 1430 exem-

100 1440 164 1482 plis
175 1440 386 1472 laborandum
398 1447 456 1478 est,
470 1451 530 1472 nec
542 1448 650 1472 tamen
666 1451 848 1472 sumamus:

100 1493 173 1524 quae
193 1483 365 1524 aliquando
382 1484 579 1525 reprehensa
602 1490 688 1522 sunt,
712 1484 847 1524 adjecit:

99 1537 224 1566 quorum
249 1532 372 1566 exoptat
392 1529 532 1558 aemulari
557 1529 773 1568 negligentiam
793 1538 849 1567 po—

100 1570 172 1605 tius,
194 1580 285 1609 quam
308 1571 433 1600 istor-um
462 1571 619 1600 obscuram
648 1571 850 1610 diligentiam.

101 1611 275 1652 Subjungit
297 1618 411 1653 postea
441 1611 655 1653 Epilogorum
685 1612 849 1650 virtutem,

99 1660 138 1685 ut
151 1654 306 1686 liberatus
327 1665 347 1686 a
367 1654 463 1696 culpa
487 1661 610 1686 terrere
633 1654 770 1697 incipiat
793 1655 850 1686 ad-

99 1697 279 1729 versarios:
311 1703 344 1728 et
365 1698 502 1729 honeste
524 1697 676 1735 ostendit,
699 1697 849 1729 adversa-

99 1740 166 1771 rios
181 1740 282 1771 multa
296 1751 440 1782 peccare,
457 1741 514 1772 sed
529 1740 585 1772 illa
598 1751 633 1772 se
649 1740 735 1772 nolle
751 1741 851 1772 male-

101 1783 219 1814 dicere.
257 1783 432 1814 Concludit
446 1793 466 1814 a
479 1783 641 1825 precibus,
656 1790 694 1814 ut
709 1784 850 1815 benevo-

100 1825 234 1857 lentiam
242 1826 282 1857 ab
291 1826 458 1857 audientia
465 1826 577 1868 populi
586 1833 691 1868 petat:
720 1828 848 1858 Favete.
844 1839 851 1847 ·

101 1868 200 1900 simul
208 1868 365 1910 pollicens
372 1869 463 1910 quasi
472 1869 624 1910 quiddam
634 1869 803 1910 praemium
810 1869 851 1900 de

101 1911 268 1942 comoediis
278 1911 406 1949 futuris,
417 1911 445 1943 si
456 1911 555 1943 fuerit
562 1911 703 1943 libenter
710 1911 850 1943 auditus.

103 1954 274 1986 Hactenus
289 1955 510 1986 controversia
526 1961 662 1986 tractata
676 1960 735 1986 est.
768 1955 807 1985 E.

148 1998 175 2028 l.
199 1998 295 2028 Poeta
309 2009 399 2038 quum
412 2000 543 2038 primum
558 2000 690 2029 animum
711 1999 755 2029 ad
774 2000 851 2029 scri-

103 2042 230 2072 bendum
244 2039 382 2081 appulit]
401 2040 604 2082 Principium
620 2041 740 2072 factum
762 2047 813 2072 est
833 2051 852 2072 a

102 2083 380 2114 commendatione
405 2093 562 2125 personae,
586 2083 674 2124 quod
697 2084 851 2125 prudens,

102 2126 188 2167 quod
199 2126 354 2158 honestus
365 2126 549 2158 Terentius.
588 2127 633 2158 Et
647 2126 769 2158 honore
783 2137 851 2158 ma-

98 2170 170 2210 jore
203 2176 333 2211 poetam
369 2169 488 2211 potius,
526 2179 623 2210 quam
660 2169 852 2201 Terentium

102 2211 204 2243 dixit:
228 2219 265 2243 ut
279 2211 371 2243 illum
387 2212 448 2244 hoc
463 2212 544 2254 ipso,
567 2213 608 2244 de
630 2223 695 2253 quo
716 2212 850 2250 laborat,

103 2255 235 2286 nomine
270 2261 410 2286 ornaret.
460 2255 556 2287 Poeta
591 2266 683 2296 quum
708 2258 849 2296 primum.

103 2297 219 2329 Omnis
233 2298 329 2339 hujus
343 2298 470 2340 prologi
484 2298 624 2330 intentio
641 2298 702 2330 hoc
722 2298 799 2339 agit,
816 2304 853 2330 ut

103 2350 188 2372 novo
207 2347 312 2382 poetae
324 2341 453 2372 veniam
474 2347 577 2383 paret,
600 2347 634 2372 et
655 2341 758 2373 veteri
780 2341 850 2373 odi-

103 2393 176 2414 um:
201 2389 234 2414 et
249 2390 295 2421 ut,
310 2394 406 2424 quam
422 2384 563 2415 maxime
581 2384 773 2422 modestum,
788 2384 850 2415 mi-

103 2426 255 2467 nimeque
264 2433 427 2458 errantem
438 2427 629 2458 Terentium
641 2428 765 2469 probet.
788 2428 850 2458 Po·

103 2474 154 2500 ela
164 2480 254 2509 qaum
261 2472 391 2510 primum
402 2472 535 2501 animum
543 2472 586 2501 ad
595 2472 786 2502 scribendum
795 2482 851 2511 ap—

101 2513 192 2551 pulit.
233 2512 354 2544 Sensus
369 2512 422 2543 hic
438 2518 507 2544 est.
541 2513 759 2554 Proposuerat
780 2513 852 2554 qui-

104 2554 179 2585 dem
202 2561 298 2596 poeta
323 2562 442 2592 noster,
467 2561 504 2587 ut
528 2555 563 2587 in
585 2555 730 2604 prologis
755 2566 851 2605 argu-

104 2603 215 2628 menta
229 2604 393 2630 narraret.
417 2598 475 2629 sed
497 2598 558 2630 hoc
583 2598 724 2640 imputat
751 2598 853 2630 Lucio

106 2639 244 2670 Lavinio
266 2639 459 2679 adversario,
482 2641 538 2682 qui
560 2651 635 2673 eum
656 2641 762 2673 facere
786 2652 852 2673 non

105 2681 263 2723 permisit,
296 2683 382 2723 quod
416 2690 639 2725 proposuerat,
672 2684 854 2716 maledictis

105 2724 173 2756 suis
184 2725 225 2756 ad
237 2725 499 2766 respondendum
511 2727 649 2758 eundem
661 2737 851 2769 provocans.

105 2769 245 2808 Appulit.
282 2770 443 2808 Appellere
467 2769 598 2818 proprie
624 2769 752 2808 dicitur,
781 2781 855 2802 cum

106 2820 148 2841 ex
159 2810 274 2852 pelago
286 2817 342 2842 aut
353 2810 436 2842 freto
448 2811 521 2852 quis
531 2812 572 2843 ad
584 2812 662 2844 litus
673 2813 854 2845 accesserit.

106 2821 223 2904 Virgil.
240 2853 316 2884 AEn.
341 2853 387 2884 iii.
406 2853 477 2886 715.
516 2855 600 2886 Hinc
621 2867 666 2887 me
687 2858 855 2897 digressum

106 2898 214 2927 vestris
235 2899 309 2928 deus
328 2899 447 2937 appulit
461 2899 531 2928 oris.
574 2899 713 2938 Appulit.
739 2899 780 2930 In
802 2909 854 2930 se·

105 2939 213 2970 cunda
240 2938 379 2970 lectione
406 2942 514 2971 attulit
539 2939 621 2972 fuit.
652 2941 710 2973 sed
736 2944 856 2983 appulit

107 2981 218 3023 magi&
261 2982 347 3014 Nam
367 2989 480 3024 postea
495 2983 552 3022 sic,
566 2985 709 3016 Animum
724 2987 767 3017 ad
781 2997 852 3017 uso·

890 595 951 615 rem
965 585 1094 624 appulit.
1128 583 1311 614 D.—Poela
1326 594 1415 624 quum
1427 585 1557 624 primum
1574 587 1642 615 am·-

890 626 987 668 mum]
1006 627 1128 658 Sensus
1143 626 1196 658 hic
1220 633 1290 658 est:
1322 637 1396 658 cum
1418 627 1525 668 primo
1548 635 1645 669 poeta

890 670 1081 701 comoediam
1108 670 1249 701 scribere
1274 669 1385 706 voluit,
1414 670 1474 700 hoc
1500 677 1642 702 tantum-

890 713 987 744 modo
1010 713 1183 744 arbitratus
1206 718 1255 744 est
1277 712 1399 753 negotii
1422 712 1484 744 sibi
1503 713 1583 750 dari,
1609 720 1645 744 ut

891 756 1058 797 placerent
1071 756 1192 798 populo
1208 755 1384 793 comoediae,
1403 766 1483 796 quas
1504 756 1643 787 fecisset.

892 799 982 840 Ergo
998 799 1084 839 quod
1100 798 1256 840 sequitur,
1278 800 1387 830 Verum
1410 801 1503 830 aliter
1528 801 1644 830 evenire

891 844 994 879 multo,
1017 842 1072 873 ille
1094 852 1208 873 sensus
1230 848 1289 879 est,
1312 848 1350 873 ut
1371 842 1431 873 hoc
1455 842 1559 873 solum
1582 841 1644 873 sibi

892 884 1039 916 crederet
1048 885 1261 926 propositum,
1270 891 1306 916 ut
1318 884 1485 916 comoediae
1497 895 1565 916 suae
1574 885 1643 927 pla-

892 933 1012 958 cerent.
1052 927 1096 958 Et
1111 927 1201 965 illud,
1215 933 1251 958 ut
1263 927 1449 959 adversario
1464 928 1581 959 debeat
1592 938 1644 959 re-

892 970 1063 1011 spondere.
1112 970 1200 1011 Ergo
1236 971 1276 1001 In
1308 973 1445 1011 prologis
1477 973 1646 1002 scribendis

892 1024 1012 1052 operam
1023 1014 1173 1050 abutitur,
1188 1013 1249 1043 hoc
1259 1018 1319 1051 est,
1332 1013 1425 1044 valde
1434 1013 1537 1045 utitur
1546 1024 1646 1055 opera

891 1055 1109 1097 prologorum.
1145 1056 1176 1086 N
1180 1066 1222 1086 on
1234 1062 1271 1087 ut
1283 1062 1510 1097 argumentum
1524 1062 1645 1094 narret,

892 1098 1453 1183 ἓξὲῗηξέἰῖἷὶἳᾚιεῗὲιῑῗῗεῗέ
1464 1099 1646 1173 gffffig

891 1184 1096 1226 respondeat.
1146 1183 1278 1224 Adjecit
1306 1186 1418 1215 veteris
1445 1190 1551 1224 poetae,
1581 1195 1645 1225 quo

891 1227 1018 1258 facilius
1051 1227 1228 1265 hominem,
1260 1237 1301 1258 ex
1332 1234 1493 1258 vetustate
1531 1234 1645 1258 notare

891 1276 1010 1311 posset,
1034 1269 1091 1311 qui
1115 1280 1189 1301 cum
1213 1275 1374 1301 vetustate
1400 1270 1645 1301 commendatus

892 1323 958 1344 non
973 1313 1025 1350 sit,
1043 1319 1076 1344 et
1090 1320 1188 1344 notus
1209 1322 1269 1355 per
1291 1313 1473 1351 maledicta,
1495 1313 1644 1345 invidere

893 1355 1050 1387 videatur.
1083 1355 1124 1387 E.

938 1399 968 1429 2.
991 1397 1124 1439 Negoti]
1144 1398 1245 1430 Modo
1259 1409 1320 1440 pro
1335 1398 1484 1431 molestia
1502 1404 1536 1430 et
1556 1409 1644 1437 cura,

893 1450 959 1472 non
975 1441 1093 1472 labore.
1127 1441 1168 1472 D.

938 1485 966 1515 3.
987 1486 1102 1524 Populo
1110 1490 1144 1515 ut
1151 1484 1324 1525 placerent]
1343 1486 1384 1516 Ut
1393 1495 1434 1516 ne
1444 1495 1509 1516 non
1519 1484 1645 1526 signifi-

893 1533 960 1558 cat:
975 1537 1035 1558 nec
1048 1533 1098 1558 est
1107 1528 1202 1558 modo
1211 1528 1406 1567 conjunctio.
1429 1530 1574 1559 Fabulas.
1592 1528 1647 1558 Ad

885 1569 1015 1609 fecisset
1035 1569 1148 1600 retulit
1163 1569 1302 1609 fabulas,
1318 1580 1385 1601 non
1407 1570 1447 1601 ad
1466 1573 1645 1611 placerent:

895 1618 929 1643 et
943 1618 993 1643 est
1008 1613 1112 1653 figura
1126 1612 1285 1654 syllepsis.
1324 1615 1468 1644 Fecisset.
1494 1614 1584 1644 Bene
1590 1612 1644 1653 se-

894 1657 994 1692 cisset,
1008 1665 1073 1686 non
1089 1658 1268 1695 scripsisset.
1307 1656 1404 1687 Unde
1416 1662 1569 1697 etpoetae
1585 1655 1646 1687 ἀπὸ

894 1698 953 1729 τοῦ
973 1699 1083 1736 ποιεῖν,
1106 1698 1139 1729 id
1161 1704 1220 1736 est,
1243 1709 1263 1730 a
1284 1698 1432 1730 faciendo
1453 1698 1532 1730 dicti
1558 1705 1644 1730 sunt.

896 1741 950 1771 Sic
966 1741 1083 1782 virgil.
1100 1741 1169 1772 Ecl.
1187 1741 1233 1772 iii.
1251 1742 1302 1773 86.
1330 1743 1431 1773 Pollio
1445 1747 1476 1773 et
1489 1744 1553 1782 ipse
1560 1741 1647 1782 facit

894 1794 971 1815 nova
984 1786 1129 1816 carmina.
1162 1785 1204 1816 D.

939 1828 970 1857 4.
998 1829 1107 1858 Verum
1137 1829 1230 1858 aliter
1265 1829 1358 1859 multo
1393 1826 1558 1868 intelligit]
1592 1827 1646 1858 Sic

895 1868 1012 1910 Virgil.
1025 1869 1102 1900 AEn.
1115 1869 1169 1901 vii.
1185 1871 1237 1900 44.
1256 1870 1362 1911 Major
1372 1881 1472 1901 rerum
1484 1872 1559 1901 mihi
1574 1882 1644 1901 nas·

896 1913 977 1943 citur
993 1914 1074 1943 ordo.
1116 1913 1171 1949 Et,
1194 1913 1302 1953 Majus
1322 1924 1396 1953 opus
1416 1924 1522 1944 moveo.
1569 1913 1648 1945 Non

896 1954 984 1985 enim
998 1954 1060 1986 hoc
1082 1965 1117 1986 se
1139 1955 1275 1996 elegisse
1297 1955 1386 1993 dicit,
1409 1956 1467 1987 sed
1490 1955 1582 1996 quasi
1605 1966 1648 1987 ex

896 1997 1010 2028 ordine
1032 1997 1105 2039 ipso
1128 2004 1241 2030 natum
1268 1997 1331 2030 sibi
1357 2000 1645 2039 esse.1ntelligit.

895 2040 992 2075 Quod
1007 2040 1179 2078 credimus,
1195 2041 1385 2083 plerumque
1401 2041 1536 2072 falsum:
1559 2042 1647 2083 quod

895 2082 1118 2125 intelligimuS,
1143 2090 1268 2115 certum
1294 2090 1353 2116 est.
1402 2086 1508 2116 Aliter
1536 2090 1647 2116 autem

894 2132 1008 2157 contra
1020 2126 1191 2168 significat.
1215 2127 1331 2168 virgil.
1346 2127 1422 2158 AEn.
1435 2127 1469 2158 ii.
1484 2128 1558 2159 428.
1585 2129 1646 2158 Dis

894 2171 986 2200 aliter
1000 2172 1105 2200 visum.
1149 2172 1258 2201 Verum
1272 2172 1365 2201 aliter
1378 2172 1472 2201 multo
1487 2172 1646 2210 inlelligit.

895 2212 990 2243 Adeo
1016 2222 1076 2244 nec
1103 2218 1351 2254 praeparaverat‚
1379 2222 1439 2243 nec
1462 2211 1647 2244 intenderat

896 2265 1079 2296 quenquam
1094 2255 1221 2293 laedere,
1244 2262 1281 2286 ut
1302 2265 1361 2298 spe
1382 2255 1492 2293 falsus,
1514 2255 1645 2287 lacessi-

896 2304 1011 2338 tusque
1027 2298 1088 2329 hoc
1102 2298 1209 2330 faciat.
1242 2298 1285 2330 D.

939 2343 969 2372 5.
996 2343 1124 2381 Operam
1149 2340 1305 2382 abutitur]
1342 2342 1463 2372 Utimur
1489 2339 1647 2372 fructibus

894 2384 952 2421 rei,
980 2394 1052 2424 quae
1075 2385 1116 2415 ab
1141 2384 1325 2415 amantibus
1347 2383 1438 2415 salvo
1463 2394 1526 2415 usu
1553 2383 1648 2415 nobis

894 2426 1177 2458 subministratur:
1201 2429 1364 2464 abutimur,
1380 2426 1509 2467 quando
1530 2426 1646 2468 deper-

897 2469 1004 2501 dimus
1015 2476 1048 2501 et
1062 2480 1132 2501 rem
1148 2477 1182 2501 et
1203 2469 1352 2501 fructum.
1392 2470 1479 2500 Nam
1501 2469 1576 2501 usui
1597 2475 1648 2501 est

896 2523 983 2554 ager,
1008 2513 1144 2544 domus:
1178 2512 1294 2544 abusui
1321 2512 1445 2550 vinum,
1471 2511 1589 2550 oleum,
1614 2518 1648 2544 et

896 2563 1013 2587 caetera
1026 2556 1221 2596 hujusmodi.
1252 2556 1377 2592 Cicero,
1391 2557 1462 2586 Non
1481 2557 1579 2593 debet,
1594 2554 1647 2586 in-

896 2599 976 2639 quit,
1003 2610 1040 2630 ea
1066 2601 1183 2636 mulier,
1210 2601 1260 2630 cus*
1285 2601 1333 2629 vir
1360 2600 1498 2629 bonorum
1527 2609 1648 2629 suorum

895 2641 1127 2682 usumfructum
1141 2643 1263 2681 legavit,
1277 2643 1362 2672 cellis
1378 2643 1506 2672 vinariis
1519 2646 1552 2672 et
1565 2643 1646 2672 olea-

895 2687 953 2715 riis
959 2687 1060 2724 plenis
1071 2686 1198 2721 relictis,
1205 2690 1318 2724 putare
1330 2686 1417 2715 idad
1431 2695 1463 2716 se
1469 2685 1643 2724 pertinere.
1638 2697 1646 2704 ·

895 2730 1064 2764 ususenim,
1074 2738 1131 2758 non
1143 2728 1255 2758 abusus
1266 2729 1459 2768 legatum.-
1480 2737 1518 2758 ea
1527 2729 1648 2758 inter-se

898 2776 969 2801 sunt
983 2771 1146 2801 contraria.
1172 2769 1274 2801 Haec'
1264 2779 1300 2800 ιιι
1313 2769 1454 2812 Topicis,
1470 2780 1498 2801 c.
1512 2771 1543 2800 3.
1572 2769 1615 2800 D.

943 2813 972 2844 6.
996 2815 1216 2853 Argumentum
1230 2811 1354 2854 narret]
1369 2812 1466 2849 Quod
1478 2822 1555 2843 vere
1569 2822 1646 2854 pro-

899 2855 964 2897 logi
979 2861 1029 2886 est
1041 2854 1193 2886 officium.
1246 2857 1316 2894 Qui,
1337 2865 1398 2897 pro
1413 2861 1464 2887 ut:
1487 2865 1565 2896 ergo
1581 2865 1647 2886 non

899 2905 949 2930 est
975 2898 1071 2929 modo
1097 2908 1286 2939 pronomen.
1340 2900 1402 2930 Sed
1429 2901 1482 2940 qui
1511 2900 1649 2929 malevoli

898 2943 1009 2973 veteris
1027 2946 1138 2980 poetae.
1191 2940 1338 2973 Primum
1360 2952 1380 2973 a
1403 2948 1529 2978 natura,
1553 2943 1646 2972 male-

898 2986 977 3016 voli:
1009 2983 1126 3015 deinde
1149 2994 1169 3016 a
1194 2989 1350 3027 tempore,
1375 2984 1426 3017 vel
1449 2985 1490 3016 ab
1514 2983 1646 3020 invidia,
