1852 3216
560 113 1111 158 ARGUMENTUM.
1516 118 1601 160 355

81 206 250 249 Hegionis,
272 216 346 238 cum
367 205 498 247 querela
520 205 607 247 apud
628 205 766 237 eundem
791 205 946 236 Demeam
968 205 1009 235 de
1032 205 1115 236 facto
1138 204 1295 244 AEschini,
1320 205 1362 238 de
1383 207 1600 239 consolatione

78 262 239 292 Sostratae.
287 260 422 296 Quartus
442 265 529 291 actus
549 259 618 291 baec
639 258 792 296 continet,
808 258 1015 300 Ctesiphonis
1029 269 1103 290 cum
1126 259 1206 302 Syro
1222 259 1436 302 colloquium:
1459 260 1599 292 delusio-

77 325 152 346 nem
177 315 328 346 Demeoe:
361 314 567 355 ejusdemque
590 313 624 345 in
646 323 775 345 scenam
797 312 1024 350 interventum,
1047 320 1143 354 atque
1165 313 1339 345 secumdam
1360 314 1599 346 fi-mtrationem

75 379 136 411 per
158 369 274 411 Syrum
293 368 427 400 factam:
452 368 606 400 Micionis
620 377 695 399 cum
717 366 868 409 Hegione
883 377 1081 399 sermonem:
1105 367 1268 408 querelam
1283 367 1433 400 AEschini
1447 369 1487 400 de
1503 370 1600 400 rebus

75 422 152 460 suis,
169 423 375 464 ejusdemque
390 433 465 454 cum
488 421 631 454 Micione
652 427 744 464 patre
765 420 992 453 sanctissimam
1009 420 1287 454 dissertationem:
1312 422 1445 454 Demeae
1459 422 1600 454 reditum

74 477 110 508 in
125 487 254 508 scenam
270 487 311 509 ex
325 487 443 514 errore,
464 476 499 507 in
515 486 610 517 quem
625 486 699 507 eum
714 477 894 516 conjecerat
917 475 1015 516 Syrus
1029 487 1036 505 :
1061 482 1094 506 et
1108 482 1297 508 renovatum
1310 487 1384 508 cum
1399 477 1497 508 fratre
1513 479 1598 518 ejus-

74 532 149 564 dem
160 531 324 573 Jurgium:
348 530 586 573 processionem
608 529 643 561 in
658 540 786 561 scenam
808 529 977 561 temulenti
994 529 1075 571 Syri.
1110 531 1239 564 Quintus
1254 536 1340 563 actus
1361 531 1428 563 haec
1443 531 1598 569 continet,

75 584 376 628 Deprehensionem
392 583 599 626 Ctesiphonis
612 594 686 615 cum
701 583 887 615 meretrice:
913 583 1043 615 tertium
1056 594 1130 615 cum
1144 584 1287 616 Micione
1297 585 1440 627 jurgium
1456 585 1599 623 Demeae,

74 640 280 681 ejusdemque
295 638 369 670 vitae
382 637 527 680 pristinae
538 637 773 679 eorreptionem
786 650 793 668 :
818 644 851 669 et
862 647 922 679 per
933 648 1007 668 eum
1022 638 1122 669 multa
1137 638 1172 670 in
1187 639 1344 671 comoedia
1358 650 1451 678 nova,
1466 640 1527 671 hoc
1539 648 1598 678 est,

73 693 329 726 blandimentum
344 692 430 724 circa
446 692 646 728 AEschinum,
663 698 696 723 et
710 690 929 723 amabilitatem
944 691 1031 723 circa
1044 693 1160 723 Getam
1173 705 1181 723 ε
1204 693 1462 725 conciliationem
1477 694 1551 736 Syri
1566 701 1601 726 et

73 748 184 780 uxoris
206 750 295 789 ejus:
325 754 358 779 et
379 746 507 778 veniam
526 745 611 777 circa
630 746 880 787 ctesiphonem:
909 745 1216 788 permissionemque
1235 747 1391 779 habendae
1410 748 1598 779 meretricis.

68 803 228 836 Servatur
243 808 350 833 autem
365 811 425 843 per
439 807 538 832 totam
554 799 692 831 fabulam
708 799 796 831 mitis
813 799 924 838 Micio,
943 810 1046 832 saevus
1063 801 1197 839 Demea,
1220 801 1295 833 leno
1316 812 1442 840 avarus,
1464 801 1599 833 callidus

74 856 184 898 Syrus,
208 856 340 887 timidus
362 854 525 896 Ctesipho,
555 853 696 885 liberalis
718 853 904 891 AEschinus,
931 853 1057 895 pavidae
1079 855 1238 893 mulieres,
1260 856 1368 896 gravis
1391 856 1509 898 Hegio.
1556 857 1598 888 In

72 910 255 942 dividendis
267 909 391 941 actibus
403 907 518 939 fabulae
537 906 712 938 identidem
725 906 976 945 meminerimus,
989 908 1092 949 primo
1104 909 1293 950 paginarum
1308 909 1599 942 dinumerationem

73 975 178 1006 neque
200 965 331 996 Graecos
352 973 456 1004 neque
479 962 612 993 Latinos
634 971 798 993 servasse:
830 971 928 1002 quum
944 963 1013 1002 ejus
1034 962 1218 994 distributio
1239 963 1423 1004 hujusmodi
1440 964 1598 996 rationem

72 1019 199 1057 habeat,
222 1025 259 1050 ut
279 1017 335 1050 ubi
350 1016 504 1049 attentior
525 1021 687 1058 spectator
708 1025 777 1046 esse
799 1014 950 1056 potuerit,
972 1015 1099 1057 longior
1120 1024 1210 1048 actus
1232 1016 1294 1053 sit:
1318 1018 1372 1048 ubi
1394 1018 1597 1056 fastidiosior,

72 1073 200 1104 brevior
221 1079 317 1114 atque
338 1070 540 1103 contractior.
586 1069 715 1101 Deinde
737 1068 834 1100 etiam
856 1068 946 1106 illud,
968 1068 1003 1100 in
1026 1069 1164 1101 eundem
1179 1077 1285 1101 actum
1307 1081 1402 1112 posse
1424 1073 1549 1113 conjici,
1565 1078 1599 1104 et

72 1133 139 1159 tres
154 1133 187 1158 et
197 1132 334 1168 quatuor
344 1136 457 1157 scenas
472 1123 705 1156 introeuntium
720 1129 816 1164 atque
831 1123 1019 1154 exeuntium
1034 1134 1253 1165 personarum.
1292 1125 1392 1157 Facta
1406 1133 1513 1158 autem
1529 1128 1597 1160 haec

71 1192 135 1213 una
151 1188 201 1214 est
215 1182 255 1213 de
271 1181 394 1213 duabus
409 1179 534 1217 fabulis
552 1178 709 1220 Adelphis
726 1178 900 1209 Menandri
916 1185 950 1209 et
965 1179 1259 1212 Commorientibus
1275 1180 1410 1222 Diphili.
