1852 3216
587 122 905 161 TERENTu
946 122 1117 162 VITA.
1564 139 1618 165 xv

92 221 174 250 tum
200 218 241 248 et
266 217 356 248 octo
380 207 534 253 fabulis,
553 209 752 247 conversis
776 223 799 247 a
831 208 1065 248 Menandro.
1122 207 1267 248 Caeteri
1286 209 1507 248 ’mortuum
1531 223 1619 249 esse

93 266 132 302 in
150 263 330 303 Arcadiae
349 262 591 314 Stymphale,
612 263 694 301 sive
713 263 907 301 Leucadia
925 263 1094 309 tradunt,
1116 262 1188 301 Cn.
1204 262 1385 302 Cornelio
1400 262 1619 309 Dolabella,

93 317 154 356 M.
176 317 314 355 Fulvio
344 316 546 355 Nobiliore
574 316 687 354 Coss.
712 318 851 355 morbo
884 316 1113 368 implicitum
1142 318 1233 363 acri,
1261 317 1395 356 dolore
1425 330 1471 355 ac
1501 317 1621 356 taedio

89 371 338 410 ⁴amissarum
358 371 606 414 sarcinarum,
628 385 725 422 quas
743 371 886 409 innavi
906 372 1161 422 praemiserat,
1181 385 1226 410 ac
1254 371 1368 410 simul
1398 370 1621 409 fabularum

91 439 188 476 quas
209 438 327 463 novas
347 425 504 463 fecerat.
560 425 697 463 Fuisse
717 425 861 463 dicitur
878 425 1066 463 mediocri
1095 434 1257 470 statura,
1282 424 1417 476 gracili
1442 438 1619 476 corpore,

90 479 221 518 colore
241 479 363 517 fusco.
422 478 595 529 Reliquit
615 478 744 524 filiam,
766 493 855 530 quae
874 489 963 530 post
983 479 1103 530 equiti
1125 479 1301 517 Romano
1319 479 1466 530 nupsit.
1519 479 1623 517 Item

91 533 268 571 hortulos
285 547 353 571 xx.
368 531 565 583 jugerum,
585 533 648 571 via
667 533 797 584 Appia
815 533 865 571 ad
885 532 1028 571 Martis
1047 533 1178 571 villam
1195 547 1204 571 :
1234 547 1313 584 quo
1340 532 1464 584 magis
1489 533 1623 578 miror,

91 586 275 625 Porcium
294 587 463 625 scribere
479 600 488 624 ε

491 677 494 679 ,
928 639 1019 674 nihil
1036 638 1185 674 Publius

325 684 445 731 Scipio
461 685 610 731 profuit,
628 685 718 720 nihil
734 685 766 720 ei
783 685 927 728 Laelius,
945 686 1036 721 nihil
1052 686 1201 728 Furius;

323 731 412 767 Tres
428 744 492 778 per
507 732 601 767 idem
618 739 760 778 tempus
777 734 838 779 qui
854 733 1036 778 agitabant
1052 733 1191 768 nobiles
1207 732 1384 768 facillime.

324 779 459 814 Eorum
477 780 535 814 ille
551 791 659 825 opera
675 792 719 814 ne
736 779 884 814 domum
902 780 1045 826 quidem
1062 781 1186 815 babuit
1202 780 1481 816 conductitiam:

326 826 459 861 Saltem
475 833 517 861 ut
533 833 639 868 esset,
658 839 730 874 quo
747 827 894 862 referret
910 828 1049 863 obitum
1066 827 1204 863 domini
1220 828 1395 863 servulus.

147 886 265 925 Hunc
286 886 471 924 Afranius
489 886 645 936 quidem
665 887 845 924 omnibus
870 887 1027 925 cornicsss
1059 887 1232 938 praesert,
1252 887 1427 925 scribens
1446 887 1485 925 in
1505 885 1627 925 Com-

92 941 288 993 pitalibus,
316 940 487 978 Terentio
503 954 574 978 non
592 940 746 978 similem
766 941 869 978 dices
887 941 1109 992 quempiam.

148 994 351 1032 Volcatius
378 1003 507 1032 autem
534 1008 611 1032 non
640 994 764 1032 solum
795 994 949 1039 Naevio,
970 1005 1010 1032 et
1035 994 1187 1038 Plauto,
1209 1003 1249 1032 et
1269 993 1430 1033 Caecilio
1449 994 1540 1033 ⁵sed
1558 994 1628 1032 Li-

92 1049 194 1088 cinio
213 1062 368 1099 quoque
388 1049 603 1100 postponit.
659 1047 823 1086 ⁵Cicero
843 1049 880 1086 in
900 1048 1062 1086 Limone
1082 1049 1268 1087 hactenus
1286 1048 1443 1087 laudat:

325 1110 384 1146 Tu
400 1123 556 1158 quoque,
575 1111 635 1157 qui
652 1112 750 1146 solus
765 1111 860 1146 lecto
877 1123 1040 1146 sermone
1056 1110 1216 1154 Terenti,

326 1157 551 1193 Conversum
567 1170 843 1204 expressumque
859 1158 987 1193 Latina
1002 1170 1091 1193 voce
1107 1158 1351 1194 Menandrum

330 1207 343 1232 ⁷
354 1205 395 1240 ln
413 1205 531 1240 medio
548 1205 671 1251 populi
687 1205 818 1240 sedatis
835 1206 984 1241 vocibus
1000 1206 1125 1247 effers3

327 1251 530 1299 ⁸Quicquid
546 1264 648 1288 come
663 1253 826 1299 loquens,
845 1265 886 1288 ac
903 1253 1024 1288 omnia
1040 1253 1158 1288 dulcia
1173 1252 1306 1288 dicens.

666 1322 775 1364 Item
802 1322 852 1364 C.
876 1322 1054 1364 CAEsAR.

326 1388 386 1423 Tu
402 1400 544 1436 quoque
560 1395 601 1423 tu
616 1389 653 1423 in
670 1389 834 1431 summis,
853 1401 875 1424 o
892 1389 1074 1425 dimidiate
1091 1389 1302 1432 Menander,

330 1435 491 1477 Poneris,
510 1443 545 1470 et
561 1437 703 1478 merito,
722 1437 803 1482 puri
819 1437 992 1472 sermonis
1009 1444 1159 1479 amator,

330 1482 488 1518 Lenibus
504 1489 610 1529 atque
626 1484 763 1518 utinam
780 1485 922 1530 scriptis
937 1484 1106 1530 adjuncta
1122 1484 1215 1519 foret
1230 1484 1286 1519 vis

330 1530 490 1571 Comica,
509 1537 549 1565 ut
565 1537 706 1577 aequato
722 1532 836 1565 virtus
854 1532 1001 1576 polleret
1017 1531 1156 1566 honore

331 1576 425 1612 Cum
441 1575 590 1619 Graecis,
608 1589 723 1624 neque
740 1579 778 1613 in
793 1578 860 1612 bac
877 1578 1084 1624 ⁹despectus
1101 1586 1200 1624 parte
1212 1578 1371 1624 jaceres!

331 1623 455 1659 Unum
473 1625 542 1660 hoc
564 1636 736 1667 maceror,
756 1633 791 1660 et
808 1625 912 1660 doleo
928 1626 994 1660 tibi
1010 1625 1145 1664 deesse.
1164 1625 1322 1660 Terenti.

171 1684 272 1722 Haec
300 1683 507 1722 Suetonius
531 1684 795 1735 Tranquillus.
853 1685 955 1723 Nam
983 1685 1083 1723 duos
1110 1685 1317 1723 Terentios
1345 1694 1481 1736 poetas
1510 1685 1632 1723 fuisse

99 1738 235 1776 scribit
254 1736 413 1783 Metius,
432 1751 596 1788 quorum
623 1738 721 1776 alter
748 1738 998 1789 Fregellanus
1028 1739 1146 1777 fuerit
1165 1739 1373 1777 Terentius
1397 1739 1511 1783 Libo,
1534 1739 1633 1777 alter

101 1791 304 1830 libertinus
333 1791 538 1829 Terentius
569 1792 666 1830 Afer
695 1793 832 1843 patria,
862 1793 911 1830 de
938 1807 1017 1844 quo
1043 1807 1148 1832 nunc
1174 1793 1384 1844 loquimur.
1439 1793 1632 1845 Scipionis

100 1845 252 1884 fabulas
270 1845 437 1883 edidisse
455 1845 695 1890 Terentium,
719 1845 880 1897 Valgius
900 1847 939 1884 in
959 1847 1148 1885 Actaeone
1167 1848 1222 1885 ait
1238 1861 1249 1885 ι

333 1907 403 1943 Hae
418 1919 499 1954 quae
514 1915 690 1943 vocantur
704 1908 846 1950 fabulae,
866 1911 877 1932 ¹
887 1909 978 1955 cujae
992 1912 1101 1944 sunt?

334 1955 420 1990 Non
436 1955 513 1997 baS,
533 1956 594 2001 qui
605 1956 687 2002 jura
703 1957 864 2001 ²populis
881 1956 962 1991 end'
981 1957 1061 1991 ibus
1078 1955 1184 1991 dabat
1202 1959 1223 1978 ὖ

334 2002 483 2037 Honore
500 2014 642 2037 summo
658 2003 806 2038 affectus
821 2003 906 2038 fecit
922 2003 1072 2038 fabulas.

155 2063 259 2101 Duae
286 2063 335 2101 ab
363 2062 605 2114 Apollodoro
633 2063 832 2102 translatae
865 2077 950 2102 esse
982 2063 1165 2102 dicuntur
1193 2063 1354 2109 comico,
1379 2063 1566 2103 Phormio
1595 2073 1635 2104 et

102 2116 286 2167 Hecyra:
315 2126 481 2167 quatuor
500 2117 662 2168 reliquae
682 2131 705 2155 a
724 2117 966 2156 Menandro:
996 2131 1046 2155 ex
1065 2118 1207 2168 quibus
1230 2131 1371 2169 magno
1389 2132 1573 2158 successu
1591 2129 1634 2158 et

101 2171 229 2223 pretio
246 2171 355 2209 stetit
374 2170 586 2209 Eunuchus
604 2171 760 2210 fabula:
789 2171 949 2223 Hecyra
967 2185 1074 2223 saepe
1094 2171 1266 2217 exclusa,
1286 2173 1355 2210 vix
1372 2181 1459 2211 acta
1476 2181 1551 2211 est.

145 2288 161 2308 ³
174 2290 327 2320 Mortuum
342 2300 405 2321 esse
420 2291 451 2319 in
466 2288 628 2330 Arcadiae]
648 2289 714 2320 Alii
735 2292 767 2320 in
782 2291 844 2321 Ar·
890 2289 1003 2327 claros,
1025 2300 1216 2330 quocunque
1238 2289 1272 2321 in
1293 2300 1413 2331 genere
1438 2290 1636 2333 praestantiae

99 2333 191 2363 mdia
206 2334 377 2374 Stymphali
390 2335 468 2364 sinu.
504 2333 669 2364 Ausonius
684 2333 724 2364 ad
742 2333 844 2364 Ursu-
890 2333 951 2364 sibi
968 2344 1085 2364 nomen
1103 2340 1279 2375 parassent.
1312 2333 1338 2364 1²·
1340 2343 1395 2364 ΑΒ.

103 2374 170 2406 lum
185 2375 226 2406 de
240 2376 367 2407 senario
387 2386 539 2407 numero:
566 2375 701 2408 Protulit
724 2379 756 2407 in
780 2388 843 2408 ece-
933 2376 947 2397 ⁷
961 2378 999 2408 In
1014 2379 1111 2408 medio
1127 2376 1250 2418 populi]
1268 2377 1332 2408 Ms.
1350 2377 1435 2408 Dan.
1451 2378 1491 2408 In
1505 2379 1635 2409 nediu

100 2429 172 2449 nc-
186 2425 257 2459 quot
270 2421 410 2450 dramata
416 2419 615 2460 fabellarum,
626 2422 770 2451 Arcadia
784 2431 844 2451 me-
890 2422 975 2451 nobis
989 2422 1112 2457 cedatis,
1127 2426 1184 2451 etc.
1216 2420 1254 2451 L.

105 2463 156 2492 dio
169 2461 316 2502 quijaeee
331 2465 362 2493 in
374 2465 498 2504 gremio.
527 2464 565 2494 L.
935 2465 948 2483 ⁸
972 2465 1125 2505 Quicquid
1146 2462 1242 2505 come]
1269 2463 1332 2495 Ms-
1359 2464 1511 2497 Quiddan
1534 2475 1613 2496 eone
1623 2477 1636 2496 .-

148 2504 358 2536 ⁴Anismnm
371 2505 579 2547 sarcinarum]
596 2506 654 2537 Nil
664 2506 772 2538 verius
787 2506 848 2537 hac
891 2506 931 2537 aL
951 2508 1116 2548 Quicquod.
1149 2507 1186 2537 L.

104 2546 253 2586 lectione,
268 2559 362 2589 quam
385 2560 497 2581 ornnes
518 2549 631 2591 scripti
652 2550 743 2580 codd.
762 2560 846 2591 prae-
932 2549 947 2569 ’
966 2551 1133 2590 Despectus
1157 2549 1266 2591 parte]
1294 2550 1359 2581 Ms-
1385 2550 1471 2581 Dan.
1495 2551 1637 2591 despecta

108 2590 224 2628 serunt,
255 2599 390 2634 excepto
420 2603 484 2624 uno
512 2593 547 2624 in
577 2603 641 2634 quo
666 2592 847 2634 fabularum
884 2599 985 2634 parte.
1018 2594 1053 2624 L.

108 2641 186 2664 erat.
224 2633 330 2675 Vulgo
348 2635 503 2667 hactenus
519 2636 638 2677 legitur
651 2642 846 2677 satyrarum3
935 2636 946 2656 ¹
964 2637 1049 2678 cuja
1071 2642 1141 2668 sunt
1150 2635 1185 2679 2]
1208 2636 1262 2668 Sic
1284 2636 1356 2667 libr.
1378 2636 1462 2668 Dan.
1485 2635 1526 2668 nl.
1548 2637 1638 2679 cnjus

108 2676 165 2708 sed
179 2676 214 2707 id
229 2687 271 2708 ne
286 2677 431 2710 titivilitii
446 2679 584 2720 quidem.
613 2679 650 2710 L.
890 2683 986 2712 sunt?
1024 2680 1060 2711 L.

152 2720 166 2740 ⁸
181 2721 242 2751 Sea
255 2721 391 2763 nieme]
408 2721 472 2753 Ma.
487 2724 542 2754 aa
556 2724 653 2754 Livio.
683 2723 721 2754 L.
933 2723 947 2743 ²
962 2725 1087 2764 Populis
1101 2724 1170 2753 end’
1188 2724 1255 2753 ibus
1270 2721 1381 2764 dahac]
1400 2723 1452 2755 ιω
1469 2722 1551 2755 Mas.
1566 2723 1636 2755 Da-

149 2762 166 2783 ·
196 2764 280 2795 Puto
308 2764 394 2795 hunc
424 2764 590 2797 Ciceronis
617 2765 736 2798 librum
765 2766 847 2798 nihil
890 2766 995 2798 nielis.
1020 2766 1105 2807 vulg.
1126 2768 1300 2806 petentibus
1320 2768 1439 2799 dabat.-
1465 2766 1506 2799 al.
1529 2778 1633 2799 recem

106 2807 316 2846 continuisse,
344 2807 408 2839 nisi
435 2808 666 2851 epigrammata
696 2810 731 2842 in
760 2810 847 2843 viros
890 2812 1034 2842 sentibus.
1065 2810 1104 2841 L.
