1852 3216
607 120 692 162 DE
718 117 1079 160 ‘TERENTIQ
1480 119 1606 158 xxxiii

83 212 186 251 Vere
204 209 397 250 scenicum
414 218 455 248 et
474 208 597 248 illud:

264 271 311 307 Et
326 277 521 318 postremo,
539 271 609 307 nisi
623 281 683 306 me
698 270 892 312 auscultas,
911 274 1019 324 atque
1033 269 1118 311 hoc,
1136 272 1178 303 ut
1193 267 1288 310 dico,
1306 267 1406 310 facis,

262 319 357 355 Tute
371 330 466 365 pone
480 325 517 354 te
531 319 659 355 latebis
674 318 790 360 facile,
808 329 854 353 ne
869 317 1028 352 inveniat
1043 322 1079 352 te
1093 315 1223 351 honor.

81 391 133 430 Et
151 390 238 442 quis
257 388 353 427 illud
372 397 483 426 extra
502 401 657 445 scenam
680 399 867 439 usurpare
886 386 1016 426 ausit⁹

263 458 454 498 Benefacta
469 441 663 498 benefactis
678 461 756 496 aliis
773 460 965 507 pei-tegito,
983 471 1029 495 ne
1044 460 1243 506 perpluaut.

81 535 215 578 Quare
240 547 436 584 nunquam
455 532 642 584 effugient
665 532 758 583 quin
782 531 857 569 sint
882 531 1015 582 inepti,
1036 530 1103 581 qui
1129 530 1215 567 haec
1241 538 1281 567 et
1300 529 1374 567 alia
1398 529 1437 567 id
1465 541 1602 580 genus,

79 587 131 627 ad
155 588 297 626 serium
317 586 468 625 dicendi
488 599 610 637 genus
636 586 883 624 transferunt.
940 584 1243 635 Consequuntur
1262 584 1377 629 enim,
1398 584 1504 634 quod
1524 596 1602 622 non

81 641 224 685 vident,
252 651 294 679 ut
322 641 431 679 inviti
461 641 580 682 risum
613 648 816 685 moveant3
847 638 953 690 quod
984 651 1062 676 non
1087 638 1201 689 pauci
1232 637 1347 676 hodie
1380 638 1419 676 in
1448 638 1602 689 scriptis

80 696 250 734 maximo
274 693 470 733 molimine
499 709 523 732 a
553 694 700 732 lectore
729 694 951 744 impetrant.
1008 692 1192 743 Sequitur
1222 697 1263 731 τὸ
1285 692 1379 739 ἦθος,
1410 692 1528 743 quod,
1557 700 1603 731 ut

81 750 195 788 docet
232 748 474 792 Aristoteles,
507 749 546 786 in
578 748 764 791 oratione,
794 746 1098 798 uniuscujusque
1134 746 1352 785 institutum
1387 746 1533 784 indicat
1563 754 1604 785 et

80 803 330 842 voluntatem.
386 802 507 845 Quod
535 802 573 840 in
601 801 763 853 singulis
789 810 1081 852 repraesentare,
1108 800 1183 838 nisi
1206 801 1280 838 viri
1308 809 1375 838 aut
1401 800 1602 852 prudentia

80 867 148 897 aut
166 857 396 908 philosophi,
417 855 559 894 nullius
579 864 651 894 est.
710 854 810 893 Nam
831 854 1156 906 quemadmodum
1176 867 1197 891 e
1217 854 1379 904 singulis
1398 855 1601 906 experien-

82 912 147 955 tia,
167 912 221 949 ita
246 924 359 949 nemo
387 909 626 961 singulorum
655 922 783 947 mores
811 909 893 946 sine
924 909 996 946 hac
1027 908 1223 959 exprimit.
1279 908 1413 951 Quare
1431 909 1604 947 omnium

81 965 368 1004 accuratissime
386 973 424 1002 et
442 965 600 1015 optime,
621 963 717 1014 quid
735 963 784 1000 sit
803 963 928 1000 facere
948 971 992 1000 ut
1011 963 1060 1000 sit
1077 963 1174 1009 ἠθικὴ
1192 963 1328 1007 oratio,
1349 962 1602 1014 philosophus

81 1019 263 1058 ostendit.
319 1018 439 1061 Quod
458 1017 520 1055 vel
538 1017 662 1056 solum
688 1017 784 1055 tanti
809 1026 880 1060 est,
909 1024 952 1054 ut
980 1015 1076 1054 nihil
1103 1016 1230 1054 minus
1261 1016 1447 1062 nonnulli,
1467 1018 1534 1067 qui
1552 1017 1603 1055 ad

81 1073 358 1113 rhetoricarum
376 1085 534 1110 suarum
556 1071 663 1122 leges
686 1084 914 1122 magnorum
932 1083 1088 1121 quoque
1114 1079 1153 1108 et
1179 1070 1403 1108 sublimium
1428 1071 1602 1121 ingenio-

82 1141 166 1166 rum
185 1127 379 1165 orationes
398 1126 554 1187 exigere
573 1125 729 1169 audent,
750 1125 851 1163 hac
840 1138 879 1162 ιιι
892 1134 1006 1185 'parte
1027 1124 1208 1162 videant.
1239 1125 1278 1162 in
1297 1138 1386 1175 qua,
1406 1124 1490 1162 ad
1480 1126 1602 1175 ipsius

82 1194 237 1232 quoque
264 1181 503 1232 antiquitatis
530 1190 742 1230 stuporem,
763 1179 861 1216 Afer
889 1178 962 1216 iste
989 1188 1138 1228 regnat.
1196 1178 1317 1216 Recte
1337 1192 1431 1229 ergo
1452 1177 1600 1217 Varro:

82 1235 128 1273 In
134 1234 373 1296 argumentis
394 1233 577 1272 Caecilius
590 1233 713 1284 poscit
727 1232 942 1284 palmam,
930 1246 969 1270 m
986 1233 1128 1270 ethesin
1151 1231 1357 1270 Terentius.
1401 1233 1604 1283 Significat

82 1289 196 1331 enim.
216 1287 417 1327 Caecilium
444 1291 629 1337 εὑρητικὸν,
654 1296 722 1325 aut
748 1287 878 1338 potius
902 1290 1159 1335 εὐοικονόμητον
1181 1287 1323 1325 fuisse:
1352 1287 1603 1337 quemadmo-

82 1343 175 1381 dum
199 1346 456 1391 ἀνοικονόμητος
481 1355 754 1391 nonnunquam
781 1355 864 1392 prae
891 1339 1048 1390 reliquis
1067 1341 1223 1378 videtur
1246 1340 1420 1402 Plautus,
1441 1341 1503 1378 cui
1523 1355 1604 1379 ser-

81 1397 206 1435 monis
224 1396 326 1435 idem
347 1396 558 1447 assignavit
584 1395 751 1433 laudem.
808 1394 939 1438 Quod,
966 1395 999 1432 si
1022 1394 1226 1445 quicquam
1254 1395 1435 1446 sapimus,
1457 1395 1604 1433 Teren-

85 1451 181 1489 tium
200 1460 260 1489 est
278 1450 416 1488 Plauto
432 1450 631 1501 praeferre.
691 1448 746 1486 Ut
765 1462 853 1487 cum
872 1462 972 1494 eum,
993 1449 1059 1498 qui
1077 1448 1266 1486 excellit'
1256 1463 1293 1486 ιιι
1312 1449 1462 1500 majori,
1482 1451 1606 1501 magis

84 1518 199 1554 quam
217 1504 283 1555 qui
301 1505 340 1542 in
367 1504 516 1548 minori,
537 1504 700 1541 dicimus
724 1502 927 1540 excellere.
985 1502 1122 1552 Neque
1141 1516 1257 1540 causa
1274 1503 1349 1540 fuit
1366 1503 1452 1545 alia,
1472 1517 1604 1553 quare,

84 1558 189 1608 quod
214 1560 422 1597 observant
439 1567 602 1602 veteres,
630 1557 731 1595 idem
752 1556 890 1601 Varro,
908 1557 1023 1594 etiam
1050 1556 1280 1600 Menandro,
1308 1557 1347 1594 in
1373 1557 1606 1606 quibusdam

84 1612 300 1664 praetulerit
317 1612 557 1655 Terentium,
578 1610 744 1662 exempli
765 1624 892 1655 causa,
910 1610 1177 1661 Adelphorum
1197 1611 1318 1648 initio.
1376 1610 1514 1661 Neque
1532 1612 1605 1650 im-

84 1667 235 1704 merito.
272 1665 439 1703 Mirifice
458 1666 573 1708 enim,
593 1679 680 1703 cum
699 1664 802 1710 alibi,
823 1674 905 1702 tum
924 1665 978 1702 ibi
997 1673 1134 1715 regnat
1151 1668 1191 1702 τὸ
1208 1666 1301 1711 ἦθος.
1338 1665 1448 1703 Idem
1464 1664 1603 1712 Varro,

85 1734 174 1758 cum
193 1720 407 1771 tragoediae,
430 1719 646 1763 comoediae,
667 1732 712 1757 ac
740 1728 883 1769 satyrae
911 1718 1069 1779 effingat
1095 1719 1252 1763 formas,
1273 1717 1367 1768 quid
1394 1717 1443 1757 de
1471 1729 1604 1758 nostro

79 1773 242 1824 judicet,
270 1773 413 1811 diserte
441 1773 645 1823 expressit.
703 1771 932 1810 Ubertatem
960 1773 1061 1809 enim
1090 1773 1225 1810 tribuit
1253 1772 1468 1824 tragoediae,
1489 1788 1605 1823 quam

85 1827 152 1865 dat
171 1827 365 1865 Pacuvio:
394 1827 646 1878 gracilitatem
675 1836 829 1876 satyrae,
849 1839 962 1876 quam
991 1826 1127 1864 tribuit
1155 1822 1330 1864 Lucilio:
1360 1827 1604 1866 mediocrita-

85 1890 163 1919 tem
183 1894 276 1919 vero
294 1880 510 1924 comoediae,
530 1894 643 1930 quam
663 1880 731 1918 dat
744 1879 941 1918 Terentio.
977 1879 1032 1917 Ut
1052 1880 1083 1917 si
1102 1880 1188 1929 quis
1206 1880 1402 1918 uberrimo
1417 1882 1604 1920 sermonis

83 1948 224 1986 genere
260 1935 456 1973 heroicum
491 1933 648 1972 definiat
682 1943 860 1985 poetam:
894 1942 932 1971 et
962 1933 1037 1971 hoc
1067 1934 1212 1971 tribuat
1241 1933 1419 1985 Virgilio.
1477 1935 1602 1974 Aulus

85 1988 237 2027 Gellius
255 1988 323 2027 lib.
345 1989 411 2026 vii.
436 2001 519 2039 cap.
546 1992 607 2026 13.
658 1987 753 2025 Vera
780 1994 902 2025 autem
926 1994 963 2024 et
984 1988 1147 2038 propria
1173 1988 1377 2038 hujusmodi
1392 1987 1605 2039 foratarum

84 2043 263 2103 exempla,
293 2043 333 2080 in
364 2042 497 2093 lingua
527 2041 682 2087 Latina,
721 2041 777 2079 M.
804 2041 921 2079 Varro
950 2053 1027 2079 esse
1054 2041 1157 2085 aicit,
1183 2041 1363 2079 ubertatis
1386 2042 1602 2089 Pacuvium,

276 2096 308 2134 is
326 2096 526 2141 Lucilium,
545 2095 807 2133 mediocritatis
830 2094 1052 2132 Terentium.
1107 2095 1211 2138 Quae
1235 2104 1295 2133 est
1318 2095 1367 2133 de
1385 2097 1601 2144 comoediae,

85 2150 407 2212 quemadmodum
440 2151 478 2187 in
514 2149 655 2188 scholis
692 2149 896 2210 loquimur,
930 2149 1107 2187 essentia.
1170 2148 1270 2187 Cum
1303 2148 1464 2188 Plautus
1495 2165 1603 2204 soepe

85 2205 245 2256 tragico,
282 2217 553 2254 nonnunquam
588 2217 741 2253 quoque
778 2204 892 2247 serio,
928 2212 1074 2241 utatur.
1143 2202 1389 2253 Quamquam
1424 2204 1479 2242 ihi
1513 2217 1604 2245 sane

85 2271 223 2303 sermo,
242 2268 286 2296 ut
304 2259 432 2310 priore
451 2258 538 2296 loco
556 2272 579 2296 a
599 2257 774 2295 Varrone
793 2257 992 2308 accipitur.
1040 2257 1175 2295 Sermo
1194 2258 1293 2295 enim
1314 2267 1354 2295 et
1370 2261 1411 2296 τὸ
1427 2259 1509 2305 ἦθος
1526 2259 1602 2297 dif-

85 2312 226 2357 ferunt,
245 2321 289 2350 ut
308 2313 424 2351 homo
442 2312 776 2363 prudentissimus,
797 2320 836 2349 et
855 2311 996 2349 femina
1014 2324 1102 2361 quae
1129 2324 1226 2362 pure
1254 2311 1448 2362 loquitur3
1477 2313 1602 2363 qualis

87 2365 228 2404 dicitur
245 2366 511 2405 Gracchorum
531 2377 665 2404 mater.
722 2364 1045 2415 Unumqucmque
1063 2366 1166 2403 enim
1193 2374 1297 2404 recte
1315 2366 1544 2417 exprimere,
1563 2373 1604 2406 et

85 2419 290 2458 humanam
308 2421 452 2471 optime
471 2419 662 2458 delineare
682 2420 813 2462 vitam,
833 2432 1006 2457 summus
1032 2428 1148 2469 atque
1170 2429 1369 2457 extremus
1387 2420 1460 2458 viri
1486 2428 1603 2471 atque

86 2474 252 2512 auctoris
269 2475 429 2512 maximi
447 2484 608 2512 conatus
627 2482 700 2511 est.
756 2473 877 2511 Recte
896 2474 1135 2524 grammatici
1154 2473 1204 2511 ad
1223 2473 1475 2535 Sophoclem:
1496 2477 1601 2514 ‘Em

87 2529 124 2565 δὲ
141 2532 242 2566 τοῦτο
263 2531 427 2578 μέγιστον
442 2531 478 2566 εἰν
493 2534 660 2576 ποιητικῇ,
679 2531 804 2575 δηλοῦν
820 2528 913 2574 ἦθος.
970 2527 1045 2565 Est
1071 2534 1193 2565 autem
1219 2527 1316 2565 illud
1339 2527 1534 2566 maximum
1561 2541 1602 2568 m

83 2581 237 2631 poetice,
254 2582 457 2632 exprimere
473 2582 587 2619 ethos.
643 2581 825 2619 Debebat
844 2581 1050 2627 addidisse,
1080 2582 1118 2618 in
1146 2580 1353 2619 dramatica
1372 2583 1598 2633 praesertim.

90 2633 143 2671 Et
161 2634 347 2673 Horatius
365 2644 443 2673 tam
460 2635 604 2680 multis,
625 2636 745 2673 vitam
768 2635 970 2686 tragoediae
988 2639 1028 2674 τὸ
1046 2636 1127 2682 ἦθος
1144 2648 1228 2673 esse
1246 2635 1391 2674 docuit.
1446 2636 1599 2676 Aristo-

88 2686 183 2726 tele-
201 2701 306 2734 vero,
324 2689 439 2727 etiam
464 2690 502 2727 in
526 2689 728 2740 tragoedia‚
749 2698 839 2739 post
864 2689 1055 2727 actionem
1075 2689 1207 2739 (quam
1235 2688 1404 2727 fabulam
1429 2690 1599 2742 plerum-

87 2754 162 2791 que
181 2742 312 2790 voeat)
329 2754 417 2792 quae
434 2744 611 2782 essentiae
634 2757 723 2794 pars
740 2744 876 2794 prima,
894 2751 1042 2794 partem
1067 2743 1243 2781 essentiae
1271 2743 1478 2782 secundam
1507 2757 1604 2784 con-

89 2795 215 2834 stituit
231 2800 272 2834 τὸ
289 2797 381 2843 ἦθος.
437 2795 583 2835 Mirum
611 2807 670 2835 est
695 2806 838 2841 autem,
868 2797 995 2835 locum
1016 2795 1202 2834 Varronis
1220 2809 1244 2834 a
1261 2797 1410 2836 nemine
1427 2798 1599 2838 intellec-

90 2855 184 2887 tum.
240 2849 322 2893 Qui
349 2862 436 2888 cum
462 2850 627 2901 palmam
655 2851 693 2888 in
721 2851 957 2902 argumentis
984 2849 1145 2888 Caecilio
1170 2850 1359 2897 concedit,
1385 2853 1599 2904 principem

89 2902 290 2942 comoediae
317 2903 422 2941 haud
445 2903 566 2942 dubio
592 2903 792 2943 Caecilium
819 2905 1030 2943 constituit.
1074 2904 1233 2947 Qum?
1274 2904 1371 2944 Pars
1396 2907 1599 2958 tragoedioe

90 2957 285 3008 pmcipun
302 2966 364 2996 est
376 2968 659 3008 argumentum.
703 2958 935 3050 Aristotfeles
958 2957 1076 2997 modo
1091 2961 1210 3007 μῦθον,
1227 2959 1344 2999 modo
1359 2964 1428 3000 νῦν
1441 2965 1600 3012 epend-
