1852 3216
126 184 264 213 selem
286 171 400 226 v1n.]

180 260 264 302 Pu.
294 260 494 302 Gaudeo.

262 325 407 375 frater,
429 326 599 381 dignius

676 167 1091 211 EUNUCHUS.

557 259 640 301 Cn.
671 259 784 301 Satis
812 258 968 300 credo:
1013 258 1116 299 nihil
1142 266 1208 300 est
1235 257 1406 301 Thaide
1438 258 1519 300 hac
1551 266 1639 309 tua,

1560 170 1644 211 249

178 392 307 440 Quod
330 399 516 433 ametur:
547 392 607 433 ita
627 399 786 434 nostrae
805 399 872 434 est
889 392 1004 433 omni
1025 391 1183 433 fautrix
1205 389 1384 433 familiae.

178 457 261 498 Pu.
285 456 399 499 Mihi
427 456 539 499 illam
563 457 742 514 laudas?
793 457 915 499 Tim.
938 456 1076 499 Perii!
1108 465 1269 511 quanto
1288 457 1424 498 minus
1446 455 1539 511 spei
1558 463 1639 505 est,

259 530 379 564 tanto
398 524 531 578 magis
552 538 659 564 amo.

175 587 386 639 Obsecro,
421 588 616 639 Gnatho,
649 589 692 630 in
725 597 767 630 te
803 603 900 643 spes
938 595 1018 629 est.

260 654 383 696 Tun.
408 653 576 698 Perfice
596 654 678 696 hoc

1078 587 1171 628 GN.
1210 586 1329 634 Quid
1362 587 1424 627 vis
1460 584 1641 627 faciam?

120 727 159 757 2⁵
178 719 400 770 Precibus,
432 720 587 775 pretio,
620 727 668 762 ut
697 719 883 762 haeream
915 718 957 759 in
991 725 1113 774 parte
1146 717 1288 773 aliqua
1321 716 1494 758 tandem
1525 715 1641 772 apud

261 784 488 827 Thaidem.

177 850 270 892 GN.
283 848 468 892 Difficile
481 858 561 892 est.
578 850 699 891 Tnn.
712 850 875 905 Siquid
889 848 1093 899 collibuit,
1104 849 1201 889 novi
1214 855 1278 889 te:
1293 847 1376 890 hoc
1390 848 1426 889 si
1434 845 1643 898 effeceris,

177 916 373 964 Quodvis
392 916 550 957 donum
570 923 614 956 et
630 917 850 970 praemium
871 930 896 957 a
914 930 981 956 me
1002 921 1166 969 optato,
1187 914 1232 955 id
1251 920 1443 968 optatum
1464 913 1592 955 feres.

121 1024 287 1057 utramque
300 1022 423 1058 partem
434 1015 577 1047 defectus
589 1014 742 1046 orationis
754 1022 856 1046 amat:

120 1067 170 1091 est
202 1070 279 1100 ergo
309 1058 465 1099 ἔλλειψιςε
509 1059 600 1089 deest
629 1058 715 1089 enim
741 1061 860 1099 gaudeo

122 1104 216 1144 (Leg-
232 1103 342 1137 audio,-
365 1109 398 1133 et
417 1101 497 1132 illud
514 1103 632 1142 gaudeo
653 1101 738 1133 refer
751 1102 791 1133 ad
807 1112 857 1133 se-

121 1156 222 1187 quens
236 1144 413 1184 Scholion).
446 1144 488 1175 D.

163 1189 213 1220 21.
237 1190 320 1219 Satis
333 1186 437 1229 credo]
456 1187 508 1218 Sic
523 1187 587 1219 dici
603 1195 678 1219 nota
690 1187 859 1229 agentibus

122 1231 302 1270 (aientibus)
318 1230 408 1262 solet.
453 1231 555 1262 Recte
574 1231 674 1272 igitur
688 1231 763 1262 huic
778 1231 858 1262 dici-

119 1277 181 1312 tur,
202 1274 255 1306 cui
274 1274 357 1306 fiunt
375 1274 506 1316 nuptiae,
524 1277 662 1315 gaudeo.-
687 1282 720 1306 et
738 1274 793 1305 ille
814 1274 859 1306 sic

119 1317 302 1360 respondet,
326 1324 362 1348 ut
376 1317 487 1349 amicis
508 1317 743 1359 gratulantibus
757 1318 858 1354 decet,

119 1363 195 1392 satis
221 1362 316 1392 credo.
372 1360 483 1401 Credo]
522 1362 641 1392 Autem
673 1361 756 1395 ideo.
786 1361 861 1401 quia

122 1404 215 1435 multi
230 1414 265 1435 se
289 1404 415 1444 fingunt
435 1404 598 1444 gratulari,
619 1414 718 1444 quum
734 1403 859 1435 invide-

121 1455 197 1483 ant;
225 1447 375 1488 gaudere,
395 1457 493 1488 quum
509 1447 647 1478 doleant.
686 1447 864 1478 D.—N2·hil

121 1496 166 1522 est
193 1491 308 1521 Thaide
329 1492 385 1520 hac
410 1495 473 1527 tua,
487 1488 602 1530 frater,
628 1492 760 1531 dignius,
783 1492 862 1531 quod

121 1531 255 1574 ametur]
280 1532 400 1564 Melius
418 1533 498 1564 nihil
520 1533 605 1574 quod
626 1533 725 1564 amari
749 1533 859 1574 possit.

121 1576 373 1607 E.——Consensu
396 1576 486 1607 codd.
511 1586 642 1618 repone,
666 1578 732 1614 hac,
744 1574 860 1616 frater,

121 1626 183 1651 tua.
228 1619 313 1651 Tum
328 1626 364 1650 ut
378 1629 489 1650 omnes
502 1619 670 1651 Trochaici
686 1619 774 1657 liant,
790 1621 859 1660 dig-

120 1666 189 1694 nius
202 1673 355 1704 praepone
369 1663 525 1704 sequenti.
559 1663 594 1694 B.

165 1707 216 1737 22.
251 1706 361 1737 Bemb.
387 1713 421 1737 et
444 1716 527 1738 unus
554 1717 572 1737 e
598 1705 716 1737 nostris
742 1704 862 1737 habent

121 1752 236 1780 omas.-
258 1748 365 1780 minus
386 1755 482 1780 recte.
526 1749 610 1781 Tum
631 1749 760 1786 colloca,
783 1751 861 1780 omni

122 1797 190 1823 est.-
223 1799 318 1832 atque
339 1791 529 1823 auctoritate
554 1792 645 1823 codd.
671 1800 704 1823 et
729 1792 799 1824 edd.
828 1800 861 1823 et

123 1845 236 1866 sensus
249 1833 306 1865 fini
320 1845 456 1876 appone,
473 1837 530 1866 Ph.
546 1837 621 1866 Hm‘.
654 1835 691 1866 B.

166 1879 217 1909 23.
244 1878 326 1909 Mihi
347 1879 430 1908 illam
452 1878 559 1909 laudas
571 1877 604 1919 Ρ]
629 1877 758 1909 Scilicet
772 1888 859 1909 ama·

123 1921 186 1952 tori
201 1923 279 1962 ejus.
323 1920 367 1951 Et
382 1923 455 1951 mihi
467 1921 732 1963 pronunciatione
742 1922 859 1961 juvan-

122 1964 199 1995 dum
222 1971 280 1995 est.
325 1965 436 1996 Perii!
472 1970 582 2005 quanto
603 1967 701 1995 nanae
720 1967 784 2004 spei
804 1968 860 2003 eet,

123 2012 207 2038 tanto
220 2010 317 2048 magis
330 2006 413 2048 amo]
432 2007 496 2038 Hic
511 2018 587 2038 vero
602 2014 651 2038 est
666 2007 760 2039 ardor
774 2007 861 2039 insa-

123 2050 295 2081 nissimus:
319 2056 356 2081 ut
378 2050 467 2091 Virg.
493 2050 560 2081 Ecl.
582 2050 615 2081 ii.
634 2051 661 2082 l.
693 2052 864 2082 Famosum

120 2099 226 2133 pastor
257 2095 393 2134 Corydon
419 2095 547 2125 ardebat
575 2096 695 2132 Alexin,
726 2095 864 2125 Delicias

123 2137 244 2168 donnini.
290 2137 334 2167 Et
359 2137 502 2178 profecto
531 2137 577 2168 sic
604 2145 662 2174 est,
693 2137 863 2179 Sapientes

124 2190 182 2221 spe
208 2180 315 2219 (sorte,
339 2181 470 2220 ratione)
494 2180 634 2211 maxime
657 2180 698 2211 ad
721 2189 861 2212 amorem

123 2231 299 2263 coguntur:
337 2223 427 2254 stulti
458 2223 559 2254 forma
595 2230 730 2255 tantum.
777 2224 864 2255 D.—

126 2265 206 2297 Mihi
224 2267 366 2298 Thaidem
382 2267 465 2297 illam
480 2268 588 2298 laudas
595 2266 629 2308 ἵ]
654 2267 774 2308 Utique
789 2277 863 2298 cum

125 2309 207 2340 scias
226 2320 278 2341 me
293 2316 477 2347 amatorem,
493 2310 727 2350 quodammodo
748 2320 861 2352 super-

125 2361 260 2383 vacuum
289 2359 347 2390 est,
383 2353 462 2384 mihi
494 2353 582 2384 illam
619 2354 705 2394 quod
740 2353 862 2385 laudas.

127 2395 236 2426 Perii!
257 2401 367 2436 quomo
381 2398 479 2427 minus
498 2394 579 2437 spei]
596 2397 749 2428 Amorem
765 2397 863 2428 etiam

127 2438 174 2476 (et
187 2440 283 2469 mim
299 2439 352 2478 Z.)
367 2439 520 2470 concitari
536 2440 740 2471 manifestum
756 2447 814 2477 est,
830 2448 864 2471 et

128 2486 247 2517 rursus,
269 2488 306 2512 ut
328 2482 380 2513 hic
402 2482 575 2514 Terentius
598 2483 690 2520 dixit,
711 2483 862 2525 despera-

129 2522 217 2554 tione
237 2523 386 2560 incendi;
422 2535 534 2557 verum
556 2526 612 2557 illa
632 2526 865 2568 desperationis

128 2566 264 2614 quadam
290 2577 347 2609 spe
373 2568 508 2600 ducatur
536 2571 556 2591 ⁸
587 2570 673 2610 quod
695 2570 866 2612 pervenire

128 2616 231 2650 possit
244 2618 343 2646 amor,
358 2610 464 2642 minus
478 2611 669 2644 incenditur.
716 2613 866 2654 Denique

128 2651 188 2682 hoc
213 2651 364 2692 (Pr-inune
385 2656 463 2684 enin
485 2656 542 2687 illa
568 2657 783 2695 desperatione,
807 2668 868 2697 qua

128 2696 212 2726 nuth
223 2697 315 2735 plane
329 2707 381 2735 spe
395 2698 524 2729 ducatur
537 2698 612 2738 ejus,
623 2701 666 2730 ad
672 2702 751 2740 quod
758 2709 864 2739 perve-

128 2740 194 2769 nire
206 2741 311 2778 possit.
328 2750 411 2770 amor
425 2742 523 2771 minat
543 2743 724 2773 incenditur.
768 2744 865 2773 Deni-

127 2792 183 2821 que
206 2782 255 2812 Ῐιὶι·
282 2782 335 2821 Ζ.)
359 2781 460 2818 miles,
480 2783 631 2824 quoniam
654 2784 755 2826 recipi
776 2795 811 2816 se
831 2785 867 2816 in

126 2830 252 2865 partem
274 2832 392 2867 sperat,
414 2825 534 2857 idcirco
554 2832 666 2867 quanto
686 2830 783 2859 naim
803 2831 868 2868 spen·

127 2872 182 2905 eal,
199 2866 313 2909 inquit,
331 2873 416 2899 tanto
428 2871 526 2910 mag-ie
539 2880 614 2901 amo.
644 2870 684 2901 E.

171 2912 222 2942 24.
249 2913 386 2948 Obsecro,
403 2913 531 2949 Gnatho,
543 2914 575 2943 in
584 2917 614 2944 te
622 2924 688 2953 spes
698 2912 760 2954 est]
772 2912 867 2952 Mire,

128 2954 219 2994 quasi
233 2954 411 2995 desperatis
426 2955 575 2987 omnibus
589 2956 730 2994 auxilii&
746 2957 869 2997 abjecta

130 2996 226 3028 nimis
240 2997 432 3039 supplicatio
448 2998 619 3030 inducitur.
655 3000 740 3031 Nam
758 3007 800 3038 et,
815 3003 866 3033 ob-

129 3050 219 3078 secro,
235 3047 278 3079 et,
298 3043 426 3079 Gnatho,
450 3042 483 3073 id
505 3042 696 3083 significant,
721 3051 763 3081 et,
786 3045 817 3076 in
841 3050 869 3075 te

902 1027 968 1055 spes
982 1020 1036 1046 est.
1078 1013 1161 1049 Quid
1177 1016 1222 1045 vis
1234 1013 1352 1054 faciam
1362 1013 1395 1054 Ρ]
1414 1014 1489 1045 Non
1512 1020 1561 1045 est
1582 1014 1643 1045 hoc

902 1057 1140 1098 interrogantis,
1164 1057 1221 1087 sed
1246 1057 1455 1094 ostendentis,
1483 1067 1548 1088 non
1574 1066 1644 1088 esse

902 1101 978 1142 quid
1011 1100 1114 1131 faciat.
1167 1099 1367 1139 D.——Perfiee
1401 1102 1455 1131 hoc
1487 1100 1645 1141 precibus]

903 1145 970 1176 Hic
991 1143 1164 1186 persuadet
1186 1142 1380 1174 Parmenoni
1402 1143 1557 1183 (parasito
1578 1143 1646 1182 Z.)‚

901 1195 947 1225 ut,
964 1197 1153 1229 quocunque
1174 1193 1269 1228 pacto
1290 1186 1350 1217 hoc
1371 1186 1580 1228 compleatur,
1603 1187 1645 1217 ad

902 1231 1103 1262 meretricem
1118 1230 1221 1271 possit
1235 1229 1371 1260 admitti.
1404 1227 1443 1260 E.
1627 1247 1633 1251 -

946 1274 997 1306 25.
1029 1275 1185 1310 Precibus,
1210 1272 1324 1314 pretio]
1351 1272 1443 1304 Nihil
1467 1271 1562 1304 militi
1588 1282 1643 1303 su·

903 1324 1011 1359 perest
1032 1324 1149 1359 praeter
1170 1327 1308 1358 precem,
1332 1324 1369 1348 ut
1382 1315 1485 1351 victos
1513 1322 1546 1347 et
1567 1326 1642 1357 pre—

903 1361 995 1397 tium,
1011 1367 1048 1391 ut
1066 1359 1167 1391 diviti.
1205 1357 1297 1390 Nihil
1318 1358 1406 1390 aliud
1428 1365 1527 1400 optat,
1547 1369 1646 1399 quam

904 1404 950 1434 sic
963 1413 1015 1435 res
1030 1410 1113 1439 eant,
1127 1410 1163 1434 ut
1177 1412 1316 1444 persona
1330 1401 1463 1433 Thaidis
1478 1402 1645 1433 conveniri

904 1446 1015 1489 possit.
1052 1447 1207 1482 Precibus,
1226 1444 1343 1486 pretio]
1358 1443 1539 1482 Ἀσύνδετα,
1556 1445 1646 1476 velut

903 1488 1020 1521 afflicta
1043 1497 1075 1520 et
1097 1489 1181 1520 lassa
1197 1488 1304 1527 (forte,
1319 1490 1359 1519 ab
1374 1491 1483 1528 afflicto
1505 1494 1534 1519 et
1549 1489 1644 1527 lasso)

902 1532 1146 1575 pronuncianda
1166 1539 1251 1563 sunt.
1289 1530 1410 1572 Pretio]
1428 1531 1544 1562 Varie:
1568 1531 1645 1571 quia

903 1576 980 1607 alibi
1002 1575 1094 1613 dixit,
1113 1577 1261 1615 precario.
1291 1577 1332 1606 Ut
1353 1574 1499 1616 haeream]
1518 1575 1560 1606 Τὸ
1581 1577 1645 1606 hae—

902 1631 984 1650 ream
1011 1619 1160 1650 ultimum
1190 1628 1292 1659 genus
1321 1618 1485 1649 beneficiis
1499 1626 1558 1649 est.
1607 1619 1646 1649 In

900 1668 990 1702 parte
1018 1660 1139 1703 aliqua]
1164 1661 1241 1693 Non
1268 1660 1355 1692 enim
1375 1666 1467 1700 parte
1493 1660 1586 1698 dixit,
1608 1668 1646 1692 ut

903 1716 994 1747 aequa
1004 1705 1080 1745 (ted,
1090 1705 1205 1745 aliqua,
1216 1710 1250 1736 ut
1258 1716 1314 1736 non
1322 1713 1408 1745 oeqna
1418 1703 1473 1744 Z.)
1483 1703 1645 1746 intelliga-

904 1756 965 1780 tur.
985 1747 1133 1789 Tandem]
1143 1749 1186 1779 Et
1192 1747 1392 1789 desperantis
1401 1754 1459 1785 est,
1467 1755 1499 1778 et
1508 1747 1645 1779 difficul-

904 1800 954 1824 ter
965 1792 1134 1823 credentis.
1168 1793 1310 1828 Tandem,
1320 1801 1384 1822 non
1397 1798 1447 1822 est
1457 1791 1646 1822 adverbium

903 1835 1074 1877 temporis:
1089 1835 1156 1877 ‘sed
1170 1844 1256 1866 nunc
1268 1836 1373 1865 saltem
1388 1833 1557 1875 significat.
1590 1835 1633 1864 D.

947 1879 995 1909 26.
1025 1879 1153 1917 Difficile
1174 1876 1237 1918 est]
1260 1877 1362 1908 Vultu
1392 1884 1426 1908 et
1449 1877 1643 1917 pronuncia-

904 1921 991 1952 tione
1007 1920 1143 1960 (excidit
1156 1921 1248 1957 forte,
1262 1922 1326 1951 sine
1343 1918 1397 1959 Z.)
1410 1919 1646 1951 asseveratione

904 1963 1096 1995 firmandum
1109 1970 1167 1995 est.
1211 1965 1246 1994 Si
1261 1964 1335 2003 quid
1345 1961 1497 2003 collibuit]
1514 1962 1644 1994 Ἐλλει-

905 2010 973 2047 ipis:
1001 2017 1070 2049 pro,
1100 2007 1128 2038 si
1154 2006 1232 2047 quid
1257 2005 1435 2037 collibitum
1456 2013 1514 2043 est,
1535 2006 1645 2038 efficis.

906 2051 986 2082 Nom·
1001 2049 1046 2091 te]
1058 2049 1160 2081 Deest
1175 2051 1304 2090 perficit.
1343 2049 1406 2080 Sed
1422 2049 1540 2090 ubique
1552 2049 1647 2091 plura

905 2101 999 2135 gestu
1023 2093 1184 2134 significat
1207 2092 1310 2129 miles,
1331 2098 1443 2134 utpote
1467 2092 1646 2124 infantissi-

906 2147 986 2168 mus.
999 2137 1121 2168 D.·—S⁸'
1129 2137 1204 2177 quid
1211 2137 1437 2173 conlibuil,n0m'
1446 2134 1493 2176 te]
1501 2133 1647 2175 Ειρωνεία

906 2187 968 2212 est:
993 2179 1145 2221 quicquid
1153 2179 1341 2210 conlibitum
1351 2184 1408 2209 est.
1426 2178 1646 2220 E.-Repone

906 2224 1127 2255 conlibitum’aet.
1168 2223 1254 2254 Nam
1275 2221 1310 2253 in
1333 2220 1445 2253 Bemb.
1467 2228 1501 2252 et
1525 2220 1647 2253 Donati

905 2267 974 2298 cod.
991 2273 1024 2298 et
1039 2266 1109 2298 edd.
1126 2272 1203 2297 vett.
1220 2272 1269 2297 est
1282 2266 1456 2296 collibitum.
1488 2265 1526 2295 Β.

962 2310 1013 2343 27.
1047 2311 1178 2343 Quodvis
1201 2311 1308 2340 donum
1330 2313 1361 2339 et
1379 2310 1536 2348 praemium
1558 2319 1580 2339 a
1601 2319 1647 2340 me

905 2351 1023 2394 optato]
1042 2350 1170 2389 Donum,
1192 2351 1360 2394 praemium
1382 2357 1448 2382 est:
1477 2358 1510 2382 et
1532 2362 1648 2389 mam,

906 2396 1083 2438 praemium.
1100 2395 1165 2427 Sed
1171 2398 1287 2432 donum,
1293 2394 1461 2436 praemium
1469 2394 1531 2426 diis
1537 2394 1646 2426 datur:

906 2450 1021 2477 munus,
1031 2439 1198 2481 praemium
1207 2438 1400 2470 hominibus.
1425 2438 1508 2468 Nam
1518 2447 1647 2479 separa-

907 2483 975 2521 tim,
982 2482 1102 2514 donum
1111 2483 1244 2513 deorum
1254 2488 1317 2513 estx
1331 2481 1499 2524 praemium
1507 2480 1649 2513 virorum

909 2533 959 2558 est
967 2526 1097 2557 fortium
1109 2537 1116 2556 =
1141 2535 1258 2557 munus
1268 2525 1443 2556 hominum.
1476 2523 1520 2555 Et
1529 2524 1650 2555 donum

909 2579 1099 2610 munusque,
1122 2576 1189 2600 tam
1210 2575 1285 2600 ante
1307 2568 1435 2604 factum,
1458 2577 1552 2608 quam
1576 2574 1651 2609 post

909 2613 1030 2644 factum
1054 2613 1166 2644 datur:
1202 2611 1370 2654 praemium
1396 2612 1461 2641 non
1487 2610 1550 2642 nisi
1575 2618 1651 2652 post

910 2655 1028 2687 factum
1051 2662 1109 2687 est.
1147 2654 1288 2691 Donum,
1311 2653 1543 2685 voluntarium:
1566 2663 1651 2696 pre-

909 2699 1021 2736 mium,
1033 2699 1178 2731 debetur.
1216 2697 1284 2729 Alii
1294 2707 1372 2738 erg-o
1386 2695 1560 2728 ἅσννδέτὼς
1571 2707 1648 2739 pro—

910 2742 1074 2779 nunciant,
1098 2741 1202 2783 primo
1224 2743 1340 2777 don-m,
1363 2747 1397 2771 et
1417 2739 1463 2771 sic
1479 2743 1648 2780 predum,

909 2785 1000 2826 quasi
1028 2795 1125 2816 unam
1154 2791 1278 2826 partem
1305 2782 1468 2815 orationis.
1519 2782 1651 2818 Quodvis

910 2831 1017 2860 donum
1046 2834 1075 2859 el
1097 2825 1273 2868 praemium]
1301 2828 1427 2864 Donm'n,
1451 2832 1490 2858 nt
1514 2836 1535 2858 a
1559 2826 1651 2869 largo

910 2871 1058 2903 homine:
1080 2873 1247 2911 prandeum,
1259 2877 1295 2901 ut
1305 2880 1326 2901 a
1337 2869 1489 2911 preclaro
1499 2869 1651 2902 facinore.

915 2916 1045 2949 Quodvis
1059 2915 1166 2945 domm·
1181 2919 1212 2945 et
1228 2914 1386 2954 praenn'un
1399 2923 1420 2944 a
1434 2924 1480 2944 ne
1492 2918 1603 2954 optato,
1616 2915 1651 2945 id

911 2963 1045 2998 optatum
1062 2955 1167 2999 seres]
1195 2955 1326 2989 Donum
1351 2962 1471 2998 optato,
1494 2957 1536 2988 ob
1565 2958 1650 2998 quod

912 3000 1080 3042 praemium
1093 2999 1242 3043 accipias.
1273 3001 1433 3032 Praeninm
1446 3011 1466 3030 a
1477 3011 1522 3032 me
1531 2999 1650 3041 optato]

912 3043 1030 3075 Totum
1045 3042 1237 3121 militariter.
1275 3042 1360 3075 Nam
1375 3049 1408 3075 et
1422 3045 1501 3083 optio
1523 3042 1650 3078 dicitur,
