1852 3216
224 119 293 162 viii
484 115 882 162 PRAEFATIO
925 116 1493 161 LINDENBROGII.

220 219 454 276 integritati
476 235 566 263 suae
594 221 792 264 restituta
822 228 935 262 sunt.
996 219 1211 261 Juverunt
1235 220 1363 261 etiam
1389 218 1580 262 nonnihil
1604 219 1758 264 collec-

222 295 349 331 tanea
377 288 590 345 quaedam,
611 304 710 345 quae
735 289 778 330 in
806 287 1068 330 bibliotheca
1099 287 1218 343 regia
1246 287 1495 339 Parisiensi,
1517 295 1561 331 et
1582 287 1757 332 schedae

221 363 325 399 vett.
348 355 444 399 Pet.
467 356 661 399 Danielis
682 355 919 407 Aureliani,
942 356 1018 398 viri
1040 355 1343 398 humanissimi.
1405 355 1494 398 Sed
1515 357 1661 400 nescio
1681 358 1757 413 qui

219 423 352 468 veluti
379 425 434 468 de
462 434 684 482 compacto
711 426 884 475 factum,
914 432 962 467 ut
995 423 1153 466 Graeca
1187 422 1277 466 sere
1311 424 1452 466 omnia
1483 425 1526 467 in
1558 426 1755 468 omnibus

219 492 338 536 libris
359 494 469 536 adeo
490 494 639 536 vitiose
660 494 833 552 scripta,
856 500 904 535 ut
924 507 1021 535 raro
1042 492 1146 547 quid
1167 491 1266 533 inde
1295 492 1397 534 boni
1415 493 1629 536 extricare
1649 492 1754 536 licu-

217 562 314 612 erit,
351 561 416 605 vel
455 561 676 618 indagare,
711 561 828 618 quod
871 561 1014 617 specie
1053 560 1159 602 recti
1199 558 1404 615 placeret.
1474 559 1627 618 Itaque
1667 577 1754 604 non

217 637 367 672 nostro
387 629 539 681 saltim,
569 631 645 673 sed
674 629 851 672 aliorum
874 643 1045 685 quoque
1075 628 1255 684 judicio,
1285 627 1556 672 characteres
1577 630 1752 673 vitiosos

216 712 458 755 proponere
488 698 711 750 voluimus,
737 706 786 740 ut
818 696 994 741 cuilibet
1026 711 1106 753 pro
1141 705 1271 752 captu
1303 711 1353 739 ac
1385 696 1576 740 lubidine
1608 713 1751 742 emen-

214 765 350 811 dandi
370 782 500 810 causa
519 766 833 823 relinqueretur
853 767 1034 822 integra.

295 834 595 891 Eugraphium
628 850 713 877 non
749 835 823 878 uni
857 834 1079 877 debemus.
1146 833 1314 877 Praeter
1347 849 1487 890 pauca
1517 836 1630 878 enim
1661 835 1749 888 illa,

216 918 314 959 quae
341 902 470 960 hujus
495 903 737 947 scholiastae
758 902 951 946 Faernus
971 903 1035 945 vir
1054 901 1405 958 diligentissimus
1432 902 1532 946 olim
1560 904 1604 946 in
1624 903 1751 947 ltalia

215 970 498 1028 provulgavit,
519 971 601 1014 alia
619 971 746 1028 longe
770 971 896 1028 plura
915 986 971 1014 ex
992 971 1286 1026 antiquissimo
1310 970 1420 1014 libro
1441 970 1548 1015 Ant.
1572 971 1751 1016 Loiselli

215 1039 252 1083 1.
286 1039 337 1083 C.
370 1055 482 1084 nunc
509 1041 692 1097 primum
726 1041 867 1083 edita:
899 1047 943 1082 et
974 1054 1072 1095 quae
1103 1038 1204 1082 huic
1238 1039 1432 1091 deerant,
1466 1054 1521 1082 ex
1554 1040 1747 1085 nobiliss.

215 1108 369 1152 Franc.
389 1108 569 1152 Olivarii
588 1110 736 1152 codice
758 1107 958 1165 suppleta
978 1116 1092 1150 sunt.
1148 1107 1318 1150 Caetera
1339 1123 1441 1151 vero
1461 1123 1560 1165 quae
1577 1109 1749 1153 deside-

213 1184 379 1229 rantur,
414 1178 450 1220 si
481 1178 588 1221 tanti
620 1178 894 1229 videbuntur,
924 1192 950 1219 a
981 1175 1241 1219 felicioribus
1277 1176 1441 1219 meliori
1477 1177 1622 1220 seculo
1656 1178 1747 1221 fors

213 1244 305 1289 fuat
325 1261 380 1288 an
400 1246 443 1289 in
463 1245 601 1290 lucem
621 1245 805 1303 proferri
825 1252 1056 1302 poterunt:
1088 1259 1186 1287 nam
1214 1251 1263 1287 ut
1291 1259 1370 1287 nos
1390 1244 1461 1288 hic
1482 1244 1600 1288 Italis
1620 1245 1748 1302 plura

212 1314 504 1370 praestitimus,
525 1315 587 1357 sic
606 1314 677 1357 alii
697 1313 960 1371 diligentiam
984 1321 1174 1356 nostram
1202 1314 1238 1355 si
1270 1312 1551 1370 supplebunt,
1576 1329 1663 1357 non
1683 1316 1747 1357 in-

212 1382 475 1426 videbimus:
506 1382 599 1426 laus
623 1390 691 1426 est
715 1382 902 1439 publica.
963 1381 1102 1424 Extat
1121 1382 1295 1438 quidem
1317 1381 1495 1425 Parisiis
1522 1384 1566 1425 in
1593 1382 1747 1427 biblio-

212 1450 339 1494 theca
373 1452 491 1508 regia
525 1458 808 1494 commentum
847 1451 891 1493 in
926 1450 1042 1493 hunc
1073 1451 1296 1502 comicum,
1334 1450 1580 1508 Eugraphii
1620 1451 1747 1495 titulo

210 1519 481 1576 insignitum:
514 1520 592 1562 sed
619 1519 730 1563 adeo
755 1520 963 1576 ineptum,
984 1519 1181 1575 adeoque
1206 1519 1332 1575 nugis
1362 1519 1551 1576 plenum,
1574 1528 1623 1563 ut
1643 1535 1745 1564 vere

210 1588 307 1644 quis
328 1602 385 1631 ex
407 1587 640 1631 Luciorum
671 1587 818 1631 schola
841 1588 1012 1631 detonsi
1038 1587 1266 1643 cujusdam
1292 1588 1554 1631 tenebrionis
1583 1589 1744 1632 dixerit

209 1655 605 1700 blatteramentum:
635 1656 796 1700 idcirco
815 1657 944 1699 etiam
963 1655 1174 1712 ejusmodi
1193 1655 1360 1698 affaniis
1380 1656 1611 1700 editionem
1631 1657 1743 1701 hanc

207 1725 495 1768 contaminare
516 1725 640 1767 nobis
661 1723 811 1780 religio
831 1723 926 1766 fuit.

284 1792 533 1836 Postremo:
565 1793 886 1836 observationes
918 1792 1126 1848 quasdam
1157 1792 1407 1848 adjecimus,
1440 1794 1595 1836 breves
1631 1793 1741 1846 illas,

205 1868 251 1904 et
269 1869 419 1904 nostro
438 1875 555 1904 more
574 1861 788 1918 modoque
808 1860 968 1912 factas3
1000 1861 1135 1917 magis
1160 1868 1209 1903 ut
1234 1861 1290 1904 de
1312 1862 1518 1904 varietate
1546 1861 1741 1906 lectionis

205 1938 250 1973 et
268 1928 357 1973 fide
376 1930 466 1972 veri
484 1937 715 1981 constaret,
737 1944 865 1986 quam
885 1936 934 1972 ut
954 1928 1121 1986 prolixe
1142 1929 1212 1972 hic
1237 1930 1376 1973 omnia
1402 1930 1738 1987 explicarentur.

207 1997 341 2047 Quod
360 1998 518 2041 rectius
537 1997 682 2041 hercle
702 2012 803 2040 vero
824 1997 982 2041 facient
1000 1998 1193 2055 magistri
1220 1998 1264 2041 in
1290 1997 1393 2042 ludo
1420 2006 1466 2042 et
1497 2000 1665 2051 umbra,
1684 2015 1739 2043 ne

204 2065 376 2123 publice
396 2063 476 2119 τὴν
495 2064 706 2125 ἀκρισίαν
724 2064 1020 2123 &noem-pltea»
1035 2081 1260 2110 necessum
1278 2066 1529 2119 habeamus,
1546 2076 1621 2110 aut
1641 2084 1739 2112 cum

203 2134 513 2178 insanientibus
543 2134 713 2187 furere3
744 2135 819 2192 qui
847 2133 1010 2178 nullum
1045 2134 1227 2191 amplius
1259 2134 1416 2178 librum
1451 2136 1626 2192 prodire
1662 2153 1740 2193 pa-

202 2203 383 2252 tiuntur,
414 2203 495 2246 nisi
526 2204 772 2261 ingentibus
801 2204 1113 2247 commentariis
1145 2212 1384 2255 oneratum,
1418 2202 1475 2247 ὥς
1506 2202 1562 2247 ἂν
1595 2204 1738 2263 ἄχθος

205 2268 318 2315 εἶναι
351 2268 545 2326 ἡμιόνων
582 2272 783 2316 πολλῶν.
853 2270 1059 2324 Proinde,
1092 2270 1241 2324 lector,
1283 2273 1319 2315 si
1350 2272 1513 2329 probus
1548 2288 1610 2325 es,
1642 2273 1735 2317 laus

202 2340 325 2383 nobis
346 2341 576 2385 tribuenda
593 2348 663 2385 est
680 2340 799 2398 quod
817 2340 999 2397 egimus,
1019 2340 1143 2384 venia
1161 2340 1307 2384 danda
1324 2340 1445 2397 quod
1469 2340 1731 2398 reliquimus.

204 2408 418 2453 Feliciter.
1026 2417 1031 2423 '
