1852 3216
251 149 338 192 354
812 149 1219 194 PRAEFATlo.

250 246 356 283 guunt
379 239 487 273 Latini
502 240 627 278 comici,
644 244 825 272 metuentes
840 240 963 273 seilicet
977 251 1019 273 ne
1034 241 1106 283 quis
1121 240 1307 273 fastidiosus
1322 240 1415 273 flnito
1429 247 1514 278 sem,
1530 240 1618 273 velut
1636 240 1782 272 admoni-

252 301 306 327 tus
326 294 476 333 abeundi,
498 294 632 336 reliquae
651 294 816 326 comoedioe
839 294 896 327 flat
915 301 1106 334 contemtor,
1130 302 1164 327 et
1179 300 1311 336 surgat:
1340 301 1447 327 tamen
1463 305 1483 326 a
1498 294 1601 327 doctis
1621 294 1784 327 veteribm

251 348 382 381 discreti
398 355 493 391 etque
509 348 661 390 disjuncti
672 354 758 387 sunt,
774 355 811 381 ut
824 359 900 381 mox
914 349 1097 392 aperiemus
1112 355 1186 391 post
1202 349 1383 390 argumenti
1399 349 1626 381 narrationem.
1669 348 1708 380 ln
1723 349 1783 380 hsc

250 403 402 447 prologus
418 403 581 445 aliquanto
596 403 700 435 lenior
714 402 896 441 inducitur3
920 404 975 445 qui
991 403 1094 445 magis
1110 403 1208 435 etiam
1223 403 1257 435 in
1270 413 1304 435 ae
1318 403 1497 446 purgando,
1510 414 1607 445 quarn
1619 403 1653 435 in
1667 403 1784 435 sdver-

250 458 344 490 eariis
366 457 520 490 laedendi·
540 464 589 489 est
608 464 792 501 occupatus.
830 459 969 490 Procede
984 465 1033 490 est
1049 457 1243 495 turbulenta,
1259 458 1398 498 Epitaeis
1418 457 1567 496 clamose,
1586 459 1785 499 catastrophe

249 512 342 545 lenis.
376 513 521 549 Quarum
544 511 686 554 partium
701 512 860 544 rstionem
875 512 1064 555 diligentius
1080 511 1114 543 in
1129 511 1292 555 principio
1307 511 1543 554 proposuimus,
1559 522 1659 554 quum
1674 513 1715 544 de
1731 522 1785 544 co-

250 567 368 599 moedia
389 566 535 608 quaedam
553 566 743 599 diceremus.
787 566 868 599 Hac
890 577 968 599 sane
988 573 1059 599 acta
1078 573 1129 599 est
1146 566 1232 599 ludis
1247 566 1384 600 scenicis
1398 566 1587 599 funebribus
1605 567 1641 599 L.
1661 566 1786 598 AEmilii

250 621 342 653 Pauli
356 633 364 652 ε
389 620 558 663 agentibus
570 620 617 653 ⁸1„
637 620 788 653 Ambivio
800 627 833 653 et
849 620 885 653 L.
903 620 1092 663 Turpione;
1115 620 1168 662 qui
1185 631 1260 653 cum
1274 620 1342 653 suis
1352 620 1504 663 gregibus
1518 620 1616 652 etiam
1630 628 1698 652 tum
1711 631 1785 663 per-

249 675 354 707 sonati
369 676 515 717 agebant.
555 674 725 708 Modulata
740 683 789 708 eet
802 681 911 707 autem
927 675 1016 708 tibiis
1030 675 1165 714 dextris,
1180 675 1214 707 id
1230 681 1288 714 est,
1306 675 1428 718 Lydus,
1445 675 1486 707 ob
1506 674 1623 707 seriam
1643 675 1785 717 gravita-

249 736 325 766 tem,
340 739 404 771 qua
419 729 510 762 fere‘
502 740 536 761 in
552 728 702 762 omnibus
716 728 883 761 comoediis
898 729 1002 762 utitur
1022 729 1075 762 hic
1090 738 1195 773 poeta.
1239 729 1332 772 Soepe
1348 735 1467 767 tamen,
1482 728 1616 761 mutatis
1635 739 1695 771 per
1714 739 1785 761 see-

249 795 324 816 nam
340 784 453 823 modis,
467 784 594 816 cantica
608 783 765 816 mutavit:
789 784 875 826 quod
889 784 1052 826 significat
1067 784 1181 816 titulus
1195 795 1310 822 scenae,
1326 784 1448 816 bahem
1464 785 1624 825 subjectas
1638 784 1786 826 personis

247 838 367 878 literas,
392 839 439 871 M.
452 839 499 871 Μ.
510 839 547 871 C.
589 838 674 871 Item
690 838 846 871 Diverbia
861 838 901 870 ab
916 838 1127 871 histrionibus
1142 839 1255 870 crebro
1270 838 1482 881 pronunciata
1497 844 1582 875 sunt,
1597 848 1669 880 qut
1683 837 1785 879 signi-

249 894 386 926 ficantur
402 894 443 925 D.
460 899 494 925 et
511 893 557 925 M.
572 892 678 925 literis
692 893 870 926 secundum
885 903 1097 936 personarum
1113 892 1244 925 nomina
1256 892 1464 936 prm-criptis,
1477 892 1511 924 in
1527 903 1567 925 eo
1581 892 1653 925 loeo
1665 892 1742 924 ubi'
1733 902 1785 924 in-

249 947 330 991 cipit
350 957 456 980 scena.
502 947 736 979 Annotandum
757 957 846 986 sane,
865 947 950 989 quod
972 948 1040 980 bae
1063 947 1170 979 fabula
1191 948 1381 988 πρακτικὸν
1401 946 1569 988 πρόσιτον
1590 958 1655 979 non
1678 947 1785 985 babet,

248 1002 309 1034 hoc
325 1008 384 1041 est,
398 1011 581 1045 personam,
597 1012 668 1043 quae
684 1002 726 1034 ad
740 1008 966 1043 argumentum
981 1002 1063 1034 nihil
1082 1002 1228 1041 attineat,
1244 1011 1380 1044 queque
1399 1002 1442 1034 sit
1460 1008 1602 1034 assumta
1624 1001 1785 1034 exn-inse-

247 1066 314 1094 cus,
327 1062 365 1088 ut
379 1055 476 1088 estin
492 1055 618 1088 Andria
633 1055 734 1088 Sosia.
774 1055 870 1088 Hanc
892 1055 1005 1088 dicunt
1025 1066 1067 1088 ex
1087 1055 1293 1088 Terentianis
1313 1055 1455 1087 secundo
1470 1055 1541 1087 loco
1555 1063 1670 1094 actam,
1686 1056 1785 1088 etiam

247 1117 317 1143 tum
339 1109 412 1142 rudi
429 1109 561 1142 nomine
583 1118 696 1152 poetae.
742 1109 857 1152 Itaque
879 1109 925 1142 sie
947 1109 1204 1153 pronunciatam,
1226 1111 1379 1151 Adetpaoe
1405 1111 1544 1148 Tem-tl,
1566 1120 1630 1141 non
1659 1112 1786 1142 reme!

248 1166 402 1206 Adelphoe
413 1178 423 1196 .·
446 1164 531 1206 quod
547 1164 651 1196 adhuc
665 1163 768 1206 magis
783 1163 823 1196 de
839 1163 955 1196 fabula·
970 1164 1100 1196 nomine
1116 1172 1221 1206 poeta,
1237 1174 1333 1205 quam
1349 1163 1389 1195 de
1404 1171 1511 1206 poetae
1533 1164 1663 1197 nomine
1676 1164 1783 1196 sabula

247 1218 531 1251 commendabatur
547 1216 645 1260 (Qut
654 1218 695 1250 de
707 1225 853 1261 tempore
869 1219 965 1260 liujus
979 1217 1095 1250 fabulo
1110 1225 1143 1250 et
1155 1218 1286 1250 nomine
1301 1218 1463 1256 dicuntur,
1480 1229 1574 1260 nuga
1588 1226 1673 1251 sunt.
1699 1219 1783 1251 vide

248 1273 344 1305 Petit.
361 1273 402 1305 de
418 1272 496 1305 Ord.
514 1272 657 1304 Comoed.
681 1272 813 1305 Terent.
836 1279 913 1305 tom.
929 1272 951 1304 i.
966 1284 997 1315 p.
1015 1273 1068 1306 67.
1092 1272 1156 1312 Ζ.).
1183 1273 1222 1304 ln
1238 1273 1297 1305 hac
1312 1273 1443 1314 quidem
1458 1281 1623 1316 spectatur
1638 1274 1714 1315 quid
1731 1274 1780 1305 in-

246 1327 339 1360 tersit
362 1327 447 1359 inter
462 1326 615 1360 rusticam
630 1334 664 1359 et
678 1327 834 1359 urbanam
855 1327 955 1359 vitam
968 1340 976 1364 ς
1002 1327 1115 1359 mitem
1130 1334 1164 1359 et
1179 1337 1326 1370 asperam
1342 1340 1350 1363 ;
1373 1326 1497 1359 coelibis
1513 1335 1546 1360 et
1561 1327 1667 1359 mariti
1681 1340 1688 1363 ς
1714 1329 1781 1359 veri

245 1381 348 1425 petris
360 1388 393 1413 et
407 1392 466 1424 per
479 1381 686 1423 adoptionem
701 1380 786 1413 faeti.
824 1380 951 1417 Quibus
966 1380 1141 1424 propositis
1155 1380 1196 1413 ad
1212 1380 1408 1423 exemplum,
1424 1380 1557 1412 vitanda
1575 1381 1709 1423 perinde
1732 1382 1779 1413 fu-

246 1436 427 1479 giendaque
442 1434 617 1468 Terentius
632 1442 826 1475 monstrans,
841 1434 976 1468 artificis
991 1442 1095 1478 poetae
1111 1446 1170 1479 per
1186 1442 1286 1467 totam
1302 1434 1443 1467 fabulam
1458 1434 1584 1468 obtinet
1598 1435 1736 1468 laudem.

767 1585 1256 1625 ARGUMENTUM.

312 1683 364 1715 Ex
378 1682 504 1715 duobus
520 1682 639 1715 Atticis
661 1683 823 1721 fratribus,
850 1683 932 1715 alter
957 1683 1096 1725 quidem,
1124 1683 1247 1715 Demea
1269 1683 1410 1721 nomine,
1434 1694 1489 1715 rus
1513 1683 1623 1720 coluit,
1649 1693 1782 1715 uxorem

246 1736 350 1774 duxit,
375 1737 458 1769 filios
479 1736 622 1779 suscepit
646 1737 736 1774 duos,
766 1737 957 1768 AEschinum
985 1744 1017 1769 et
1042 1737 1282 1779 Ctesiphonem.
1329 1738 1374 1769 At
1398 1737 1489 1774 alter,
1515 1737 1616 1769 Micio
1640 1737 1783 1774 nomine,

245 1801 379 1823 uxorem
395 1801 460 1823 non
474 1790 577 1829 duxit,
594 1798 627 1823 et
642 1791 726 1823 filios
745 1801 914 1833 procreare
931 1791 1051 1823 noluit:
1077 1792 1134 1823 sed
1150 1791 1210 1823 sibi
1229 1791 1330 1823 tilium
1348 1791 1455 1823 fratris
1471 1791 1663 1824 AEschinum
1680 1791 1778 1834 adop-

245 1845 347 1882 tavit;
377 1853 473 1887 atque
497 1845 543 1877 ita
566 1845 773 1887 indulgenter
797 1845 909 1877 eduxit
929 1856 949 1877 a
972 1845 1117 1887 parvulo,
1140 1853 1176 1877 ut
1196 1846 1295 1878 effuse
1320 1846 1501 1878 luxuriatus
1521 1847 1718 1883 adolescens,
1740 1846 1780 1877 ud

245 1906 445 1942 postremum
462 1899 566 1932 civem
590 1899 732 1931 Atticam
757 1899 916 1942 virginem
933 1899 1070 1938 vitiaret,
1087 1906 1200 1942 captus
1223 1910 1333 1932 amore
1348 1901 1418 1942 ejus
1432 1912 1440 1931 :
1464 1911 1527 1942 quo
1550 1900 1643 1937 sacto,
1660 1908 1693 1932 et
1707 1911 1781 1932 cum

245 1961 348 1987 matre
373 1954 490 1998 puellm
514 1954 640 1998 pepigit
663 1954 794 1997 nuptias
817 1954 971 1996 ejusdem,
996 1964 1092 1996 quam
1119 1954 1256 1986 vitiavit.
1301 1955 1474 1996 Quumque
1500 1965 1568 1986 rem
1592 1962 1716 1996 gestam
1740 1955 1781 1986 ad

245 2008 356 2051 patris,
373 2019 392 2040 s
407 2019 470 2050 quo
485 2009 657 2051 adoptatus
680 2008 793 2046 fueret,
816 2007 1047 2040 conscientiam
1066 2009 1134 2049 jam
1151 2009 1285 2050 jamque
1306 2008 1490 2051 perlaturus
1511 2015 1607 2045 esset,
1630 2008 1782 2050 precibus

245 2062 454 2106 Ctesiphonis
469 2062 578 2095 fratris
593 2062 654 2100 sui,
670 2062 725 2104 qui
741 2062 828 2105 apud
843 2062 959 2096 durum
979 2070 1104 2105 patrem
1119 2069 1216 2104 atque
1231 2068 1389 2105 agrestem
1409 2063 1564 2094 Demeam
1587 2063 1717 2104 parcius
1731 2070 1780 2094 at-

245 2127 308 2158 que
322 2116 442 2149 arctius
464 2117 646 2155 haberetur,
670 2116 828 2159 impulsus
843 2123 902 2155 est,
919 2124 951 2148 et
971 2124 1008 2149 ut
1023 2116 1127 2148 eidem
1143 2127 1163 2148 s
1185 2116 1300 2148 lenone
1317 2124 1447 2159 raperet
1468 2116 1671 2149 meretricem
1686 2129 1693 2148 z
1718 2127 1782 2158 quo

244 2171 339 2210 facto,
362 2170 534 2215 multiplici
550 2181 658 2203 errore
670 2170 850 2214 completur
866 2171 981 2204 sabula.
1022 2171 1108 2203 Nam
1124 2178 1156 2203 et
1178 2170 1302 2203 Demea
1316 2181 1391 2203 cum
1414 2171 1474 2204 boc
1490 2171 1572 2213 ipso.
1588 2171 1621 2203 id
1634 2178 1693 2208 est.
1705 2181 1781 2203 eum

247 2225 392 2258 Mieione
405 2225 562 2268 litigabat,
578 2232 731 2267 tanquam
746 2236 820 2258 cum
836 2236 875 2258 eo
890 2225 946 2267 qui
961 2225 1143 2268 corruperit
1157 2225 1395 2258 adolescentem
1409 2224 1608 2267 adoptatum.
1625 2225 1658 2257 in
1674 2235 1782 2257 morea

244 2280 399 2323 perditos,
413 2279 563 2313 nesciens
583 2290 678 2312 suum
692 2279 755 2312 sibi
771 2279 874 2312 fllium
889 2279 1122 2323 Ctesiphonem
1137 2289 1208 2312 esse
1223 2286 1423 2321 corruptum,
1439 2278 1644 2320 eluditurque
1659 2289 1679 2311 a
1698 2278 1781 2319 syro

245 2341 278 2367 et
302 2334 447 2367 uiciens
467 2344 527 2377 per
551 2340 651 2367 totam
673 2334 823 2367 tabulam.
870 2334 914 2367 Et
930 2341 1033 2367 mater
1054 2333 1172 2376 puelle
1189 2334 1258 2373 jam
1273 2332 1399 2365 decimo
1421 2342 1532 2365 mense
1555 2339 1627 2375 poet
1650 2339 1779 2375 raptum

246 2388 390 2431 virginis,
414 2388 606 2422 AEsebinim
627 2387 732 2421 credit
752 2388 814 2421 sibi
837 2387 900 2431 ipsi
921 2387 1068 2430 rapuisse
1090 2386 1313 2420 meretricem:
1341 2396 1414 2428 qut
1435 2386 1636 2428 perturbatio
1658 2386 1722 2418 σιω
1746 2386 1779 2418 in
1832 2390 1839 2397 ·

245 2442 455 2486 tranquillum
482 2443 612 2476 redacta
638 2449 696 2475 eat.
743 2442 828 2475 Nam
854 2451 890 2475 re
919 2448 1086 2484 comperta
1111 2441 1154 2473 de
1169 2440 1248 2472 vitio
1279 2440 1424 2482 virginis,
1458 2439 1559 2472 Micio
1589 2441 1645 2472 dat
1673 2440 1780 2472 civem

247 2498 404 2531 AEscliino
431 2507 529 2540 quam
556 2496 807 2540 concupiveram
845 2497 978 2538 eiusque
1007 2503 1143 2528 matrem
1173 2495 1243 2537 ipae
1272 2494 1399 2537 accipit.
1462 2494 1674 2538 Deprehenso
1706 2505 1782 2527 vero

245 2553 443 2596 ctesiphone
456 2552 493 2585 iu
503 2561 614 2585 amore
625 2550 814 2589 meretricis,
830 2550 936 2594 primo
950 2549 1099 2583 irascitur
1116 2550 1259 2583 nemen
1285 2557 1357 2592 post
1369 2549 1499 2587 lenitur.
1513 2556 1608 2591 atque
1625 2549 1781 2582 habenda

245 2608 314 2648 ejus
328 2605 509 2639 meren-ich
529 2605 695 2639 lieentiam
713 2605 844 2647 prebet.
890 2605 1011 2637 Pri-u
1025 2610 1112 2637 oetas
1134 2604 1201 2636 bne
1215 2604 1372 2641 continet,
1391 2603 1543 2636 Mic-‚ionis
1559 2604 1660 2637 solius
1674 2604 1782 2646 primo

246 2662 360 2697 verbex
383 2667 417 2694 et
438 2667 522 2704 post,
537 2660 682 2702 ejusdem
703 2667 737 2692 et
761 2659 892 2692 Deme·
910 2658 1064 2700 jurgium.
1109 2659 1263 2691 &aedas
1284 2665 1371 2690 acm
1394 2658 1461 2690 iia-o
1477 2658 1632 2695 continet.
1653 2658 1780 2691 lenonis

245 2713 378 2747 alteram
393 2715 499 2748 rixam
513 2714 668 2748 adversus
691 2713 884 2747 AEsebinum
902 2722 962 2756 pro
977 2712 1105 2756 puellaz
1129 2712 1273 2754 ejusdem
1289 2712 1375 2755 apud
1398 2713 1516 2755 Syrum
1530 2711 1698 2754 querelas:
1721 2711 1777 2743 1·-

247 2766 350 2800 titiam
379 2769 606 2813 Ctesiphon'n:
645 2767 864 2802 obsessionem
892 2767 1025 2800 anien:
1064 2774 1099 2800 et
1127 2766 1271 2809 ajin-dem
1306 2767 1484 2809 gratiarum
1519 2766 1663 2799 actiones
1692 2764 1779 2808 apud

248 2820 447 2855 AEhchinum.
497 2825 617 2856 rme-s
630 2829 718 2855 netu
738 2822 808 2856 bno
821 2821 977 2860 continet,
994 2820 1242 2864 trepidationem
1265 2821 1378 2854 matris
1391 2821 1544 2854 Sostrate
1558 2828 1592 2853 et
1606 2818 1779 2853 catham

246 2874 381 2907 nutricis
409 2877 450 2907 ob
476 2877 708 2919 parturientem
741 2875 942 2920 Pamphilam
968 2875 1114 2909 vitiatam
1139 2876 1181 2909 ab
1210 2875 1389 2908 AEoehino:
1422 2876 1540 2908 Getam
1568 2873 1777 2907 nuntiantem

246 2927 384 2960 domium
410 2939 476 2961 su-
499 2940 557 2972 per
580 2941 732 2968 err-erem.
756 2930 842 2973 quod
864 2930 926 2964 sibi
951 2930 1094 2973 rapuerit
1124 2930 1298 2964 AEecliinm
1321 2928 1545 2963 meretricem:
1576 2926 1716 2960 reditum
1742 2928 1775 2958 in

246 2991 375 3014 scenam
400 2982 548 3016 Demea:
573 2985 781 3027 eiii-demque
802 2995 876 3019 cum
899 2986 980 3028 Syro
1002 2984 1188 3019 ludificante
1209 2983 1531 3019 sermocinationem:
1556 2981 1774 3015 interventum
