<?xml version="1.0" encoding="UTF-8"?>
<!DOCTYPE html PUBLIC "-//W3C//DTD XHTML 1.0 Transitional//EN"
    "http://www.w3.org/TR/xhtml1/DTD/xhtml1-transitional.dtd">
<html xmlns="http://www.w3.org/1999/xhtml" xml:lang="en" lang="en">
 <head>
  <title>
</title>
<meta http-equiv="Content-Type" content="text/html;charset=utf-8" />
  <meta name='ocr-system' content='tesseract 3.04.00' />
  <meta name='ocr-capabilities' content='ocr_page ocr_carea ocr_par ocr_line ocrx_word'/>
</head>
<body>
  <div class='ocr_page' id='page_1' title='image "./comoediaesex00tereuoft_0575.png"; bbox 0 0 1852 3216; ppageno 0'>
   <div class='ocr_carea' id='block_1_1' title="bbox 111 130 328 186">
    <p class='ocr_par' dir='ltr' id='par_1_1' title="bbox 111 130 328 186">
     <span class='ocr_line' id='line_1_1' title="bbox 111 130 328 186; baseline 0.009 -15"><span class='ocrx_word' id='word_1_1' title='bbox 111 143 255 172; x_wconf 63' lang='lat' dir='ltr'>actua</span> <span class='ocrx_word' id='word_1_2' title='bbox 276 130 328 186; x_wconf 86' lang='lat'>1.]</span> 
     </span>
    </p>
   </div>
   <div class='ocr_carea' id='block_1_2' title="bbox 710 132 1028 176">
    <p class='ocr_par' dir='ltr' id='par_1_2' title="bbox 710 132 1028 176">
     <span class='ocr_line' id='line_1_2' title="bbox 710 132 1028 176; baseline 0.003 -1"><span class='ocrx_word' id='word_1_3' title='bbox 710 132 1028 176; x_wconf 87' lang='lat' dir='ltr'>HECYRA.</span> 
     </span>
    </p>
   </div>
   <div class='ocr_carea' id='block_1_3' title="bbox 1562 139 1649 181">
    <p class='ocr_par' dir='ltr' id='par_1_3' title="bbox 1562 139 1649 181">
     <span class='ocr_line' id='line_1_3' title="bbox 1562 139 1649 181; baseline 0.011 -1"><span class='ocrx_word' id='word_1_4' title='bbox 1562 139 1649 181; x_wconf 75' lang='lat'>473</span> 
     </span>
    </p>
   </div>
   <div class='ocr_carea' id='block_1_4' title="bbox 171 220 1450 667">
    <p class='ocr_par' dir='ltr' id='par_1_4' title="bbox 227 220 1353 282">
     <span class='ocr_line' id='line_1_4' title="bbox 227 220 1353 282; baseline 0.006 -20"><span class='ocrx_word' id='word_1_5' title='bbox 227 220 370 268; x_wconf 88' lang='lat' dir='ltr'>Quam</span> <span class='ocrx_word' id='word_1_6' title='bbox 389 221 562 264; x_wconf 89' lang='lat' dir='ltr'>minimo</span> <span class='ocrx_word' id='word_1_7' title='bbox 580 222 721 278; x_wconf 73' lang='lat' dir='ltr'>pretio</span> <span class='ocrx_word' id='word_1_8' title='bbox 741 224 862 265; x_wconf 84' lang='lat' dir='ltr'>suam</span> <span class='ocrx_word' id='word_1_9' title='bbox 881 223 1145 280; x_wconf 77' lang='lat' dir='ltr'>voluptatem</span> <span class='ocrx_word' id='word_1_10' title='bbox 1165 226 1353 282; x_wconf 87' lang='lat' dir='ltr'>expleat.</span> 
     </span>
    </p>

    <p class='ocr_par' dir='ltr' id='par_1_5' title="bbox 226 286 1270 340">
     <span class='ocr_line' id='line_1_5' title="bbox 226 286 1270 340; baseline 0.007 -13"><span class='ocrx_word' id='word_1_11' title='bbox 226 286 405 329; x_wconf 90' lang='lat' dir='ltr'>Hiscine</span> <span class='ocrx_word' id='word_1_12' title='bbox 426 295 487 338; x_wconf 91' lang='lat' dir='ltr'>tu,</span> <span class='ocrx_word' id='word_1_13' title='bbox 509 289 676 340; x_wconf 89' lang='lat' dir='ltr'>amabo,</span> <span class='ocrx_word' id='word_1_14' title='bbox 697 303 784 332; x_wconf 90' lang='lat' dir='ltr'>non</span> <span class='ocrx_word' id='word_1_15' title='bbox 803 296 955 332; x_wconf 83' lang='lat' dir='ltr'>contra</span> <span class='ocrx_word' id='word_1_16' title='bbox 975 291 1270 334; x_wconf 70' lang='lat' dir='ltr'>insidiabere?</span> 
     </span>
    </p>

    <p class='ocr_par' dir='ltr' id='par_1_6' title="bbox 171 351 1450 474">
     <span class='ocr_line' id='line_1_6' title="bbox 227 351 1450 411; baseline 0.006 -18"><span class='ocrx_word' id='word_1_17' title='bbox 227 351 313 394; x_wconf 77' lang='grc' dir='ltr'>ΡΗ.</span> <span class='ocrx_word' id='word_1_18' title='bbox 336 352 502 395; x_wconf 87' lang='lat' dir='ltr'><strong>Tamen</strong></span> <span class='ocrx_word' id='word_1_19' title='bbox 522 353 596 409; x_wconf 90' lang='lat' dir='ltr'>pol</span> <span class='ocrx_word' id='word_1_20' title='bbox 612 354 792 397; x_wconf 86' lang='lat' dir='ltr'>eandem</span> <span class='ocrx_word' id='word_1_21' title='bbox 811 356 1012 411; x_wconf 88' lang='lat' dir='ltr'>injurium</span> <span class='ocrx_word' id='word_1_22' title='bbox 1033 365 1100 399; x_wconf 86' lang='lat' dir='ltr'>est</span> <span class='ocrx_word' id='word_1_23' title='bbox 1120 373 1217 400; x_wconf 89' lang='lat' dir='ltr'>esse</span> <span class='ocrx_word' id='word_1_24' title='bbox 1238 359 1450 402; x_wconf 89' lang='lat' dir='ltr'>omnibus.</span> 
     </span>
     <span class='ocr_line' id='line_1_7' title="bbox 171 417 1268 474; baseline 0.008 -18"><span class='ocrx_word' id='word_1_25' title='bbox 171 424 208 455; x_wconf 77' lang='grc'>15</span> <span class='ocrx_word' id='word_1_26' title='bbox 225 417 303 459; x_wconf 72' lang='grc' dir='ltr'>ΒΥ.</span> <span class='ocrx_word' id='word_1_27' title='bbox 326 417 389 474; x_wconf 90' lang='lat' dir='ltr'>Inj</span> <span class='ocrx_word' id='word_1_28' title='bbox 397 420 534 461; x_wconf 91' lang='lat' dir='ltr'>urium</span> <span class='ocrx_word' id='word_1_29' title='bbox 554 427 698 463; x_wconf 90' lang='lat' dir='ltr'>autem</span> <span class='ocrx_word' id='word_1_30' title='bbox 715 428 783 463; x_wconf 89' lang='lat' dir='ltr'>est</span> <span class='ocrx_word' id='word_1_31' title='bbox 802 420 949 463; x_wconf 86' lang='lat' dir='ltr'>ulcisci</span> <span class='ocrx_word' id='word_1_32' title='bbox 968 422 1268 466; x_wconf 72' lang='lat' dir='ltr'>adversarios?</span> 
     </span>
    </p>

    <p class='ocr_par' dir='ltr' id='par_1_7' title="bbox 222 482 1229 544">
     <span class='ocr_line' id='line_1_8' title="bbox 222 482 1229 544; baseline 0.007 -21"><span class='ocrx_word' id='word_1_33' title='bbox 222 482 316 524; x_wconf 84' lang='lat' dir='ltr'>Aut</span> <span class='ocrx_word' id='word_1_34' title='bbox 335 499 421 538; x_wconf 88' lang='lat' dir='ltr'>qua</span> <span class='ocrx_word' id='word_1_35' title='bbox 440 485 507 526; x_wconf 82' lang='lat' dir='ltr'>via</span> <span class='ocrx_word' id='word_1_36' title='bbox 527 492 569 526; x_wconf 88' lang='lat' dir='ltr'>te</span> <span class='ocrx_word' id='word_1_37' title='bbox 589 492 780 541; x_wconf 87' lang='lat' dir='ltr'><strong>captent,</strong></span> <span class='ocrx_word' id='word_1_38' title='bbox 799 487 950 529; x_wconf 88' lang='lat' dir='ltr'>eadem</span> <span class='ocrx_word' id='word_1_39' title='bbox 966 488 1083 543; x_wconf 87' lang='lat' dir='ltr'>ipsos</span> <span class='ocrx_word' id='word_1_40' title='bbox 1105 490 1229 544; x_wconf 73' lang='lat' dir='ltr'>capi?</span> 
     </span>
    </p>

    <p class='ocr_par' dir='ltr' id='par_1_8' title="bbox 222 548 1249 596">
     <span class='ocr_line' id='line_1_9' title="bbox 222 548 1249 596; baseline 0.007 -7"><span class='ocrx_word' id='word_1_41' title='bbox 222 548 352 591; x_wconf 90' lang='lat' dir='ltr'>Eheu</span> <span class='ocrx_word' id='word_1_42' title='bbox 372 565 438 592; x_wconf 92' lang='lat' dir='ltr'>me</span> <span class='ocrx_word' id='word_1_43' title='bbox 459 550 678 593; x_wconf 84' lang='lat' dir='ltr'>miseram!</span> <span class='ocrx_word' id='word_1_44' title='bbox 709 567 787 594; x_wconf 90' lang='lat' dir='ltr'>cur</span> <span class='ocrx_word' id='word_1_45' title='bbox 806 567 893 594; x_wconf 92' lang='lat' dir='ltr'>non</span> <span class='ocrx_word' id='word_1_46' title='bbox 914 561 989 595; x_wconf 89' lang='lat' dir='ltr'>aut</span> <span class='ocrx_word' id='word_1_47' title='bbox 1007 554 1127 596; x_wconf 88' lang='lat' dir='ltr'>istaec</span> <span class='ocrx_word' id='word_1_48' title='bbox 1147 554 1249 596; x_wconf 88' lang='lat' dir='ltr'>mihi</span> 
     </span>
    </p>

    <p class='ocr_par' dir='ltr' id='par_1_9' title="bbox 219 613 1244 667">
     <span class='ocr_line' id='line_1_10' title="bbox 219 613 1244 667; baseline 0.006 -11"><span class='ocrx_word' id='word_1_49' title='bbox 219 613 349 656; x_wconf 85' lang='lat' dir='ltr'>AEtas</span> <span class='ocrx_word' id='word_1_50' title='bbox 370 623 414 657; x_wconf 89' lang='lat' dir='ltr'>et</span> <span class='ocrx_word' id='word_1_51' title='bbox 435 615 569 658; x_wconf 89' lang='lat' dir='ltr'>forma</span> <span class='ocrx_word' id='word_1_52' title='bbox 587 624 670 667; x_wconf 89' lang='lat' dir='ltr'>est,</span> <span class='ocrx_word' id='word_1_53' title='bbox 691 625 766 658; x_wconf 88' lang='lat' dir='ltr'>aut</span> <span class='ocrx_word' id='word_1_54' title='bbox 787 618 866 659; x_wconf 92' lang='lat' dir='ltr'>tibi</span> <span class='ocrx_word' id='word_1_55' title='bbox 884 617 979 660; x_wconf 89' lang='lat' dir='ltr'>haec</span> <span class='ocrx_word' id='word_1_56' title='bbox 1001 620 1244 662; x_wconf 76' lang='lat' dir='ltr'>sententia?</span> 
     </span>
    </p>
   </div>
   <div class='ocr_carea' id='block_1_5' title="bbox 336 773 1390 824">
    <p class='ocr_par' dir='ltr' id='par_1_10' title="bbox 336 773 1390 824">
     <span class='ocr_line' id='line_1_11' title="bbox 336 773 1390 824; baseline 0.002 -4"><span class='ocrx_word' id='word_1_57' title='bbox 336 773 619 820; x_wconf 91' lang='lat' dir='ltr'>ACTUS</span> <span class='ocrx_word' id='word_1_58' title='bbox 679 774 937 822; x_wconf 92' lang='lat' dir='ltr'>PRIMI</span> <span class='ocrx_word' id='word_1_59' title='bbox 997 774 1279 824; x_wconf 91' lang='lat' dir='ltr'>SCENA</span> <span class='ocrx_word' id='word_1_60' title='bbox 1325 776 1390 823; x_wconf 92' lang='grc' dir='ltr'>ΙΙ.</span> 
     </span>
    </p>
   </div>
   <div class='ocr_carea' id='block_1_6' title="bbox 523 899 1211 932">
    <p class='ocr_par' dir='ltr' id='par_1_11' title="bbox 523 899 1211 932">
     <span class='ocr_line' id='line_1_12' title="bbox 523 899 1211 932; baseline 0.001 -1"><span class='ocrx_word' id='word_1_61' title='bbox 523 899 768 931; x_wconf 79' lang='lat' dir='ltr'>PARMENO.</span> <span class='ocrx_word' id='word_1_62' title='bbox 805 900 1037 932; x_wconf 83' lang='lat' dir='ltr'><strong>PHILOTIS.</strong></span> <span class='ocrx_word' id='word_1_63' title='bbox 1074 900 1211 932; x_wconf 74' lang='lat' dir='ltr'>SYRA-</span> 
     </span>
    </p>
   </div>
   <div class='ocr_carea' id='block_1_7' title="bbox 214 981 1117 1038">
    <p class='ocr_par' dir='ltr' id='par_1_12' title="bbox 214 981 1117 1038">
     <span class='ocr_line' id='line_1_13' title="bbox 214 981 1117 1038; baseline 0.002 -15"><span class='ocrx_word' id='word_1_64' title='bbox 214 981 372 1024; x_wconf 75' lang='lat' dir='ltr'>SssNEx</span> <span class='ocrx_word' id='word_1_65' title='bbox 393 982 428 1024; x_wconf 90' lang='lat' dir='ltr'>si</span> <span class='ocrx_word' id='word_1_66' title='bbox 447 989 613 1038; x_wconf 87' lang='lat' dir='ltr'>quaeret</span> <span class='ocrx_word' id='word_1_67' title='bbox 632 997 713 1034; x_wconf 89' lang='lat' dir='ltr'>me,</span> <span class='ocrx_word' id='word_1_68' title='bbox 730 983 859 1024; x_wconf 90' lang='lat' dir='ltr'>modo</span> <span class='ocrx_word' id='word_1_69' title='bbox 880 983 966 1025; x_wconf 89' lang='lat' dir='ltr'>isse</span> <span class='ocrx_word' id='word_1_70' title='bbox 986 983 1117 1025; x_wconf 89' lang='lat' dir='ltr'><strong>dicito</strong></span> 
     </span>
    </p>
   </div>
   <div class='ocr_carea' id='block_1_8' title="bbox 74 1072 838 3016">
    <p class='ocr_par' dir='ltr' id='par_1_13' title="bbox 95 1072 838 1201">
     <span class='ocr_line' id='line_1_14' title="bbox 145 1072 837 1114; baseline 0.003 -12"><span class='ocrx_word' id='word_1_71' title='bbox 145 1072 193 1102; x_wconf 87' lang='lat'>12.</span> <span class='ocrx_word' id='word_1_72' title='bbox 216 1074 309 1103; x_wconf 73' lang='lat' dir='ltr'>Suam</span> <span class='ocrx_word' id='word_1_73' title='bbox 322 1074 503 1113; x_wconf 69' lang='lat' dir='ltr'>voluptatem</span> <span class='ocrx_word' id='word_1_74' title='bbox 518 1072 655 1114; x_wconf 67' lang='lat' dir='ltr'>expleat]</span> <span class='ocrx_word' id='word_1_75' title='bbox 679 1072 771 1104; x_wconf 83' lang='lat' dir='ltr'>Bene</span> <span class='ocrx_word' id='word_1_76' title='bbox 784 1084 837 1104; x_wconf 68' lang='lat' dir='ltr'>es·-</span> 
     </span>
     <span class='ocr_line' id='line_1_15' title="bbox 95 1115 838 1156; baseline 0.001 -10"><span class='ocrx_word' id='word_1_77' title='bbox 95 1117 190 1154; x_wconf 73' lang='lat' dir='ltr'>pkat,</span> <span class='ocrx_word' id='word_1_78' title='bbox 202 1115 287 1156; x_wconf 89' lang='lat' dir='ltr'>quod</span> <span class='ocrx_word' id='word_1_79' title='bbox 296 1115 493 1147; x_wconf 79' lang='lat' dir='ltr'>contrarium</span> <span class='ocrx_word' id='word_1_80' title='bbox 505 1115 667 1147; x_wconf 77' lang='lat' dir='ltr'>meretrici</span> <span class='ocrx_word' id='word_1_81' title='bbox 679 1122 738 1153; x_wconf 88' lang='lat' dir='ltr'>est,</span> <span class='ocrx_word' id='word_1_82' title='bbox 750 1126 838 1147; x_wconf 89' lang='lat' dir='ltr'>ama-</span> 
     </span>
     <span class='ocr_line' id='line_1_16' title="bbox 96 1158 586 1201; baseline 0.002 -12"><span class='ocrx_word' id='word_1_83' title='bbox 96 1165 199 1190; x_wconf 82' lang='lat' dir='ltr'>torem</span> <span class='ocrx_word' id='word_1_84' title='bbox 214 1158 378 1201; x_wconf 82' lang='lat' dir='ltr'>voluptate</span> <span class='ocrx_word' id='word_1_85' title='bbox 393 1159 512 1190; x_wconf 88' lang='lat' dir='ltr'>satiari.</span> <span class='ocrx_word' id='word_1_86' title='bbox 545 1160 586 1190; x_wconf 90' lang='lat' dir='ltr'>D.</span> 
     </span>
    </p>

    <p class='ocr_par' dir='ltr' id='par_1_14' title="bbox 91 1202 838 1372">
     <span class='ocr_line' id='line_1_17' title="bbox 142 1202 838 1243; baseline 0.003 -11"><span class='ocrx_word' id='word_1_87' title='bbox 142 1203 190 1232; x_wconf 91' lang='lat'>13.</span> <span class='ocrx_word' id='word_1_88' title='bbox 206 1202 350 1243; x_wconf 56' lang='lat' dir='ltr'>Hacine]</span> <span class='ocrx_word' id='word_1_89' title='bbox 368 1203 376 1214; x_wconf 78' lang='lat'>²</span> <span class='ocrx_word' id='word_1_90' title='bbox 510 1214 545 1234; x_wconf 71' lang='grc' dir='ltr'>ις.</span> <span class='ocrx_word' id='word_1_91' title='bbox 579 1202 620 1234; x_wconf 79' lang='lat' dir='ltr'>ld</span> <span class='ocrx_word' id='word_1_92' title='bbox 635 1208 694 1239; x_wconf 83' lang='lat' dir='ltr'>est,</span> <span class='ocrx_word' id='word_1_93' title='bbox 710 1202 838 1234; x_wconf 75' lang='lat' dir='ltr'>talibus.</span> 
     </span>
     <span class='ocr_line' id='line_1_18' title="bbox 96 1244 837 1287; baseline 0.003 -12"><span class='ocrx_word' id='word_1_94' title='bbox 96 1244 141 1276; x_wconf 87' lang='lat' dir='ltr'>Et</span> <span class='ocrx_word' id='word_1_95' title='bbox 153 1245 227 1276; x_wconf 87' lang='lat' dir='ltr'>vide</span> <span class='ocrx_word' id='word_1_96' title='bbox 237 1245 266 1276; x_wconf 91' lang='lat' dir='ltr'>si</span> <span class='ocrx_word' id='word_1_97' title='bbox 274 1245 409 1287; x_wconf 85' lang='lat' dir='ltr'>pulchra</span> <span class='ocrx_word' id='word_1_98' title='bbox 419 1246 575 1277; x_wconf 86' lang='lat' dir='ltr'>meretrix</span> <span class='ocrx_word' id='word_1_99' title='bbox 583 1245 692 1287; x_wconf 87' lang='lat' dir='ltr'>puella</span> <span class='ocrx_word' id='word_1_100' title='bbox 702 1253 761 1277; x_wconf 81' lang='lat' dir='ltr'>est.</span> <span class='ocrx_word' id='word_1_101' title='bbox 783 1247 837 1277; x_wconf 82' lang='lat' dir='ltr'>In-</span> 
     </span>
     <span class='ocr_line' id='line_1_19' title="bbox 91 1288 837 1330; baseline 0.001 -11"><span class='ocrx_word' id='word_1_102' title='bbox 91 1288 285 1330; x_wconf 69' lang='lat' dir='ltr'>sidiabere?]</span> <span class='ocrx_word' id='word_1_103' title='bbox 305 1289 456 1320; x_wconf 90' lang='lat' dir='ltr'>Insidiari</span> <span class='ocrx_word' id='word_1_104' title='bbox 468 1289 588 1320; x_wconf 88' lang='lat' dir='ltr'>malum</span> <span class='ocrx_word' id='word_1_105' title='bbox 599 1296 667 1320; x_wconf 86' lang='lat' dir='ltr'>est:</span> <span class='ocrx_word' id='word_1_106' title='bbox 691 1289 750 1321; x_wconf 86' lang='lat' dir='ltr'>scd</span> <span class='ocrx_word' id='word_1_107' title='bbox 760 1300 837 1320; x_wconf 89' lang='lat' dir='ltr'>con-</span> 
     </span>
     <span class='ocr_line' id='line_1_20' title="bbox 95 1331 601 1372; baseline 0.002 -10"><span class='ocrx_word' id='word_1_108' title='bbox 95 1338 147 1363; x_wconf 84' lang='lat' dir='ltr'>tra</span> <span class='ocrx_word' id='word_1_109' title='bbox 159 1331 316 1369; x_wconf 88' lang='lat' dir='ltr'>insidiari,</span> <span class='ocrx_word' id='word_1_110' title='bbox 327 1334 453 1372; x_wconf 87' lang='lat' dir='ltr'>justum</span> <span class='ocrx_word' id='word_1_111' title='bbox 469 1339 527 1363; x_wconf 86' lang='lat' dir='ltr'>est.</span> <span class='ocrx_word' id='word_1_112' title='bbox 560 1332 601 1363; x_wconf 92' lang='lat' dir='ltr'>D.</span> 
     </span>
    </p>

    <p class='ocr_par' dir='ltr' id='par_1_15' title="bbox 85 1376 838 1762">
     <span class='ocr_line' id='line_1_21' title="bbox 140 1376 838 1416; baseline 0 -10"><span class='ocrx_word' id='word_1_113' title='bbox 140 1376 189 1406; x_wconf 75' lang='lat'>14.</span> <span class='ocrx_word' id='word_1_114' title='bbox 216 1377 327 1406; x_wconf 78' lang='lat' dir='ltr'>Tamen</span> <span class='ocrx_word' id='word_1_115' title='bbox 348 1378 472 1407; x_wconf 73' lang='lat' dir='ltr'>eandem</span> <span class='ocrx_word' id='word_1_116' title='bbox 491 1377 542 1416; x_wconf 81' lang='lat' dir='ltr'>pol</span> <span class='ocrx_word' id='word_1_117' title='bbox 556 1386 619 1407; x_wconf 76' lang='lat' dir='ltr'>esse</span> <span class='ocrx_word' id='word_1_118' title='bbox 634 1377 767 1406; x_wconf 77' lang='lat' dir='ltr'>omnibns</span> <span class='ocrx_word' id='word_1_119' title='bbox 790 1377 838 1406; x_wconf 79' lang='lat' dir='ltr'>in-</span> 
     </span>
     <span class='ocr_line' id='line_1_22' title="bbox 85 1417 838 1459; baseline 0.001 -10"><span class='ocrx_word' id='word_1_120' title='bbox 85 1417 206 1458; x_wconf 70' lang='lat' dir='ltr'>jur-‘um</span> <span class='ocrx_word' id='word_1_121' title='bbox 227 1418 290 1459; x_wconf 72' lang='lat' dir='ltr'>ut]</span> <span class='ocrx_word' id='word_1_122' title='bbox 316 1418 408 1449; x_wconf 87' lang='lat' dir='ltr'>Idem</span> <span class='ocrx_word' id='word_1_123' title='bbox 430 1418 533 1455; x_wconf 83' lang='lat' dir='ltr'>aliter,</span> <span class='ocrx_word' id='word_1_124' title='bbox 559 1426 592 1449; x_wconf 90' lang='lat' dir='ltr'>et</span> <span class='ocrx_word' id='word_1_125' title='bbox 613 1419 838 1450; x_wconf 86' lang='lat' dir='ltr'>vehementius</span> 
     </span>
     <span class='ocr_line' id='line_1_23' title="bbox 91 1461 835 1503; baseline 0.001 -11"><span class='ocrx_word' id='word_1_126' title='bbox 91 1461 213 1492; x_wconf 83' lang='lat' dir='ltr'>intulit.</span> <span class='ocrx_word' id='word_1_127' title='bbox 260 1462 346 1492; x_wconf 81' lang='lat' dir='ltr'>Nam</span> <span class='ocrx_word' id='word_1_128' title='bbox 358 1463 451 1503; x_wconf 83' lang='lat' dir='ltr'>pejus</span> <span class='ocrx_word' id='word_1_129' title='bbox 466 1469 515 1493; x_wconf 88' lang='lat' dir='ltr'>est</span> <span class='ocrx_word' id='word_1_130' title='bbox 531 1461 666 1493; x_wconf 87' lang='lat' dir='ltr'>eandem</span> <span class='ocrx_word' id='word_1_131' title='bbox 682 1472 752 1493; x_wconf 87' lang='lat' dir='ltr'>esse</span> <span class='ocrx_word' id='word_1_132' title='bbox 766 1472 835 1493; x_wconf 87' lang='lat' dir='ltr'>om-</span> 
     </span>
     <span class='ocr_line' id='line_1_24' title="bbox 92 1505 835 1546; baseline 0.001 -11"><span class='ocrx_word' id='word_1_133' title='bbox 92 1505 198 1542; x_wconf 84' lang='lat' dir='ltr'>nibus,</span> <span class='ocrx_word' id='word_1_134' title='bbox 214 1515 310 1546; x_wconf 88' lang='lat' dir='ltr'>quam</span> <span class='ocrx_word' id='word_1_135' title='bbox 331 1505 456 1536; x_wconf 90' lang='lat' dir='ltr'>nullum</span> <span class='ocrx_word' id='word_1_136' title='bbox 469 1505 628 1546; x_wconf 80' lang='lat' dir='ltr'><strong>excipere.</strong></span> <span class='ocrx_word' id='word_1_137' title='bbox 666 1505 835 1546; x_wconf 66' lang='lat' dir='ltr'>Injurium]</span> 
     </span>
     <span class='ocr_line' id='line_1_25' title="bbox 94 1547 837 1589; baseline 0.001 -11"><span class='ocrx_word' id='word_1_138' title='bbox 94 1547 257 1589; x_wconf 84' lang='lat' dir='ltr'><strong>Iniquum.</strong></span> <span class='ocrx_word' id='word_1_139' title='bbox 303 1548 454 1588; x_wconf 62' lang='lat' dir='ltr'>Injurann</span> <span class='ocrx_word' id='word_1_140' title='bbox 490 1556 599 1580; x_wconf 84' lang='lat' dir='ltr'>autem</span> <span class='ocrx_word' id='word_1_141' title='bbox 635 1548 837 1589; x_wconf 84' lang='lat' dir='ltr'>indignantis</span> 
     </span>
     <span class='ocr_line' id='line_1_26' title="bbox 90 1591 836 1632; baseline 0 -10"><span class='ocrx_word' id='word_1_142' title='bbox 90 1591 187 1622; x_wconf 87' lang='lat' dir='ltr'>modo</span> <span class='ocrx_word' id='word_1_143' title='bbox 212 1591 406 1632; x_wconf 82' lang='lat' dir='ltr'>significatio</span> <span class='ocrx_word' id='word_1_144' title='bbox 429 1598 478 1622; x_wconf 87' lang='lat' dir='ltr'>est</span> <span class='ocrx_word' id='word_1_145' title='bbox 489 1604 498 1622; x_wconf 74' lang='grc' dir='ltr'><strong><em>ι</em></strong></span> <span class='ocrx_word' id='word_1_146' title='bbox 533 1598 566 1623; x_wconf 86' lang='lat' dir='ltr'>et</span> <span class='ocrx_word' id='word_1_147' title='bbox 595 1591 660 1623; x_wconf 84' lang='lat' dir='ltr'>vim</span> <span class='ocrx_word' id='word_1_148' title='bbox 691 1591 836 1623; x_wconf 86' lang='lat' dir='ltr'>adverbii</span> 
     </span>
     <span class='ocr_line' id='line_1_27' title="bbox 90 1633 834 1675; baseline 0.001 -10"><span class='ocrx_word' id='word_1_149' title='bbox 90 1633 196 1666; x_wconf 84' lang='lat' dir='ltr'>habet.</span> <span class='ocrx_word' id='word_1_150' title='bbox 226 1634 466 1675; x_wconf 66' lang='lat' dir='ltr'>D.—Injun&#39;um</span> <span class='ocrx_word' id='word_1_151' title='bbox 487 1646 551 1666; x_wconf 70' lang='lat' dir='ltr'>esse</span> <span class='ocrx_word' id='word_1_152' title='bbox 565 1634 716 1675; x_wconf 71' lang='lat' dir='ltr'>omnibu]</span> <span class='ocrx_word' id='word_1_153' title='bbox 742 1635 834 1675; x_wconf 84' lang='lat' dir='ltr'>Inju-</span> 
     </span>
     <span class='ocr_line' id='line_1_28' title="bbox 89 1677 833 1717; baseline 0.003 -9"><span class='ocrx_word' id='word_1_154' title='bbox 89 1677 175 1708; x_wconf 86' lang='lat' dir='ltr'>rium</span> <span class='ocrx_word' id='word_1_155' title='bbox 198 1684 249 1709; x_wconf 89' lang='lat' dir='ltr'>est</span> <span class='ocrx_word' id='word_1_156' title='bbox 273 1688 343 1709; x_wconf 74' lang='lat' dir='ltr'>esse</span> <span class='ocrx_word' id='word_1_157' title='bbox 368 1678 517 1710; x_wconf 77' lang='lat' dir='ltr'>omnibus</span> <span class='ocrx_word' id='word_1_158' title='bbox 541 1678 690 1716; x_wconf 83' lang='lat' dir='ltr'>similem,</span> <span class='ocrx_word' id='word_1_159' title='bbox 717 1677 752 1709; x_wconf 92' lang='lat' dir='ltr'>id</span> <span class='ocrx_word' id='word_1_160' title='bbox 774 1685 833 1717; x_wconf 84' lang='lat' dir='ltr'>est,</span> 
     </span>
     <span class='ocr_line' id='line_1_29' title="bbox 89 1721 745 1762; baseline 0 -10"><span class='ocrx_word' id='word_1_161' title='bbox 89 1730 237 1762; x_wconf 79' lang='lat' dir='ltr'>asperam</span> <span class='ocrx_word' id='word_1_162' title='bbox 252 1731 310 1752; x_wconf 88' lang='lat' dir='ltr'>seu</span> <span class='ocrx_word' id='word_1_163' title='bbox 325 1731 443 1752; x_wconf 85' lang='lat' dir='ltr'>saevam</span> <span class='ocrx_word' id='word_1_164' title='bbox 458 1721 673 1753; x_wconf 84' lang='lat' dir='ltr'>meretricem.</span> <span class='ocrx_word' id='word_1_165' title='bbox 704 1721 745 1753; x_wconf 88' lang='lat' dir='ltr'>E.</span> 
     </span>
    </p>

    <p class='ocr_par' dir='ltr' id='par_1_16' title="bbox 79 1764 832 2142">
     <span class='ocr_line' id='line_1_30' title="bbox 136 1764 830 1806; baseline 0.003 -12"><span class='ocrx_word' id='word_1_166' title='bbox 136 1765 184 1795; x_wconf 86' lang='lat'>15.</span> <span class='ocrx_word' id='word_1_167' title='bbox 207 1765 321 1795; x_wconf 70' lang='lat' dir='ltr'>Ulciscs&#39;</span> <span class='ocrx_word' id='word_1_168' title='bbox 335 1766 524 1796; x_wconf 68' lang='lat' dir='ltr'>adversarios</span> <span class='ocrx_word' id='word_1_169' title='bbox 536 1764 570 1806; x_wconf 65' lang='grc' dir='ltr'>ἒ]</span> <span class='ocrx_word' id='word_1_170' title='bbox 594 1765 646 1796; x_wconf 91' lang='lat' dir='ltr'>De</span> <span class='ocrx_word' id='word_1_171' title='bbox 670 1775 759 1796; x_wconf 91' lang='lat' dir='ltr'>more</span> <span class='ocrx_word' id='word_1_172' title='bbox 773 1767 830 1796; x_wconf 82' lang='lat' dir='ltr'>ad·</span> 
     </span>
     <span class='ocr_line' id='line_1_31' title="bbox 88 1808 832 1849; baseline 0.001 -11"><span class='ocrx_word' id='word_1_173' title='bbox 88 1810 237 1838; x_wconf 65' lang='lat' dir='ltr'>versario:</span> <span class='ocrx_word' id='word_1_174' title='bbox 258 1813 382 1839; x_wconf 86' lang='lat' dir='ltr'>mutato</span> <span class='ocrx_word' id='word_1_175' title='bbox 404 1808 535 1839; x_wconf 90' lang='lat' dir='ltr'>nomine</span> <span class='ocrx_word' id='word_1_176' title='bbox 556 1808 683 1849; x_wconf 83' lang='lat' dir='ltr'>posuit;</span> <span class='ocrx_word' id='word_1_177' title='bbox 715 1809 832 1840; x_wconf 86' lang='lat' dir='ltr'>durum</span> 
     </span>
     <span class='ocr_line' id='line_1_32' title="bbox 88 1850 830 1887; baseline 0.001 -6"><span class='ocrx_word' id='word_1_178' title='bbox 88 1850 176 1881; x_wconf 87' lang='lat' dir='ltr'>enim</span> <span class='ocrx_word' id='word_1_179' title='bbox 192 1850 305 1887; x_wconf 84' lang='lat' dir='ltr'>fuerat,</span> <span class='ocrx_word' id='word_1_180' title='bbox 321 1851 349 1882; x_wconf 91' lang='lat' dir='ltr'>si</span> <span class='ocrx_word' id='word_1_181' title='bbox 364 1857 513 1882; x_wconf 72' lang='lat' dir='ltr'>amatores</span> <span class='ocrx_word' id='word_1_182' title='bbox 527 1851 658 1882; x_wconf 84' lang='lat' dir='ltr'>diceret.</span> <span class='ocrx_word' id='word_1_183' title='bbox 689 1851 830 1882; x_wconf 77' lang='lat' dir='ltr'><em>D.—1n-</em></span> 
     </span>
     <span class='ocr_line' id='line_1_33' title="bbox 79 1893 831 1935; baseline 0.003 -11"><span class='ocrx_word' id='word_1_184' title='bbox 79 1893 202 1933; x_wconf 78' lang='lat' dir='ltr'>jurium</span> <span class='ocrx_word' id='word_1_185' title='bbox 217 1899 262 1925; x_wconf 73' lang='lat' dir='ltr'>est</span> <span class='ocrx_word' id='word_1_186' title='bbox 276 1900 377 1925; x_wconf 78' lang='lat' dir='ltr'>autem</span> <span class='ocrx_word' id='word_1_187' title='bbox 391 1896 496 1925; x_wconf 77' lang='lat' dir='ltr'>ulcisci</span> <span class='ocrx_word' id='word_1_188' title='bbox 511 1896 699 1926; x_wconf 73' lang='lat' dir='ltr'>adversarios</span> <span class='ocrx_word' id='word_1_189' title='bbox 705 1893 738 1935; x_wconf 69' lang='lat'>2]</span> <span class='ocrx_word' id='word_1_190' title='bbox 764 1895 831 1926; x_wconf 88' lang='lat' dir='ltr'>De-</span> 
     </span>
     <span class='ocr_line' id='line_1_34' title="bbox 85 1936 830 1979; baseline 0 -11"><span class='ocrx_word' id='word_1_191' title='bbox 85 1936 189 1968; x_wconf 77' lang='lat' dir='ltr'>fendit</span> <span class='ocrx_word' id='word_1_192' title='bbox 201 1945 234 1968; x_wconf 90' lang='lat' dir='ltr'>et</span> <span class='ocrx_word' id='word_1_193' title='bbox 247 1937 315 1969; x_wconf 82' lang='lat' dir='ltr'>haec</span> <span class='ocrx_word' id='word_1_194' title='bbox 330 1945 455 1979; x_wconf 88' lang='lat' dir='ltr'>partem</span> <span class='ocrx_word' id='word_1_195' title='bbox 468 1948 569 1975; x_wconf 84' lang='lat' dir='ltr'>suam,</span> <span class='ocrx_word' id='word_1_196' title='bbox 583 1938 668 1979; x_wconf 88' lang='lat' dir='ltr'>quod</span> <span class='ocrx_word' id='word_1_197' title='bbox 683 1948 830 1979; x_wconf 79' lang='lat' dir='ltr'>asperam</span> 
     </span>
     <span class='ocr_line' id='line_1_35' title="bbox 84 1981 830 2018; baseline 0 -6"><span class='ocrx_word' id='word_1_198' title='bbox 84 1981 290 2012; x_wconf 72' lang='lat' dir='ltr'>meretricem</span> <span class='ocrx_word' id='word_1_199' title='bbox 312 1991 382 2012; x_wconf 80' lang='lat' dir='ltr'>esse</span> <span class='ocrx_word' id='word_1_200' title='bbox 404 1981 575 2012; x_wconf 80' lang='lat' dir='ltr'>desiderat.</span> <span class='ocrx_word' id='word_1_201' title='bbox 621 1981 711 2012; x_wconf 89' lang='lat' dir='ltr'>Dicit</span> <span class='ocrx_word' id='word_1_202' title='bbox 732 1981 830 2018; x_wconf 89' lang='lat' dir='ltr'>enim,</span> 
     </span>
     <span class='ocr_line' id='line_1_36' title="bbox 85 2024 830 2061; baseline 0.003 -7"><span class='ocrx_word' id='word_1_203' title='bbox 85 2033 151 2054; x_wconf 88' lang='lat' dir='ltr'>non</span> <span class='ocrx_word' id='word_1_204' title='bbox 166 2031 326 2056; x_wconf 86' lang='lat' dir='ltr'>amatores</span> <span class='ocrx_word' id='word_1_205' title='bbox 341 2034 421 2061; x_wconf 85' lang='lat' dir='ltr'>esse,</span> <span class='ocrx_word' id='word_1_206' title='bbox 434 2024 491 2055; x_wconf 88' lang='lat' dir='ltr'>sed</span> <span class='ocrx_word' id='word_1_207' title='bbox 506 2027 704 2061; x_wconf 73' lang='lat' dir='ltr'>adversarios,</span> <span class='ocrx_word' id='word_1_208' title='bbox 716 2034 759 2055; x_wconf 85' lang='lat' dir='ltr'>ex</span> <span class='ocrx_word' id='word_1_209' title='bbox 769 2024 830 2057; x_wconf 82' lang='lat' dir='ltr'>hoc</span> 
     </span>
     <span class='ocr_line' id='line_1_37' title="bbox 84 2067 828 2110; baseline 0.001 -12"><span class='ocrx_word' id='word_1_210' title='bbox 84 2067 171 2107; x_wconf 83' lang='lat' dir='ltr'>quod</span> <span class='ocrx_word' id='word_1_211' title='bbox 185 2067 226 2098; x_wconf 87' lang='lat' dir='ltr'>ad</span> <span class='ocrx_word' id='word_1_212' title='bbox 240 2067 409 2099; x_wconf 89' lang='lat' dir='ltr'>libidinem</span> <span class='ocrx_word' id='word_1_213' title='bbox 421 2067 646 2110; x_wconf 85' lang='lat' dir='ltr'>complendam</span> <span class='ocrx_word' id='word_1_214' title='bbox 660 2067 732 2099; x_wconf 86' lang='lat' dir='ltr'>sine</span> <span class='ocrx_word' id='word_1_215' title='bbox 744 2077 828 2099; x_wconf 88' lang='lat' dir='ltr'>mer-</span> 
     </span>
     <span class='ocr_line' id='line_1_38' title="bbox 83 2109 414 2142; baseline 0.003 -1"><span class='ocrx_word' id='word_1_216' title='bbox 83 2109 164 2141; x_wconf 77' lang='lat' dir='ltr'>cede</span> <span class='ocrx_word' id='word_1_217' title='bbox 178 2110 342 2142; x_wconf 79' lang='lat' dir='ltr'>festinant.</span> <span class='ocrx_word' id='word_1_218' title='bbox 374 2111 414 2142; x_wconf 83' lang='lat' dir='ltr'>E.</span> 
     </span>
    </p>

    <p class='ocr_par' dir='ltr' id='par_1_17' title="bbox 82 2153 829 2325">
     <span class='ocr_line' id='line_1_39' title="bbox 129 2153 829 2196; baseline 0.004 -12"><span class='ocrx_word' id='word_1_219' title='bbox 129 2154 178 2185; x_wconf 87' lang='lat'>16.</span> <span class='ocrx_word' id='word_1_220' title='bbox 197 2153 265 2189; x_wconf 76' lang='lat' dir='ltr'>Qua</span> <span class='ocrx_word' id='word_1_221' title='bbox 280 2157 331 2185; x_wconf 76' lang='lat' dir='ltr'>via</span> <span class='ocrx_word' id='word_1_222' title='bbox 351 2160 381 2185; x_wconf 85' lang='lat' dir='ltr'>te</span> <span class='ocrx_word' id='word_1_223' title='bbox 400 2154 539 2195; x_wconf 77' lang='lat' dir='ltr'>captent]</span> <span class='ocrx_word' id='word_1_224' title='bbox 557 2154 623 2190; x_wconf 88' lang='lat' dir='ltr'>Qui</span> <span class='ocrx_word' id='word_1_225' title='bbox 645 2160 677 2185; x_wconf 85' lang='lat' dir='ltr'>te</span> <span class='ocrx_word' id='word_1_226' title='bbox 697 2160 829 2196; x_wconf 77' lang='lat' dir='ltr'>captant</span> 
     </span>
     <span class='ocr_line' id='line_1_40' title="bbox 83 2197 826 2239; baseline -0.001 -10"><span class='ocrx_word' id='word_1_227' title='bbox 83 2206 179 2238; x_wconf 59' lang='lat' dir='ltr'>nepe,</span> <span class='ocrx_word' id='word_1_228' title='bbox 200 2204 236 2229; x_wconf 88' lang='lat' dir='ltr'>tu</span> <span class='ocrx_word' id='word_1_229' title='bbox 258 2208 313 2229; x_wconf 83' lang='lat' dir='ltr'>eos</span> <span class='ocrx_word' id='word_1_230' title='bbox 334 2197 387 2229; x_wconf 87' lang='lat' dir='ltr'>vel</span> <span class='ocrx_word' id='word_1_231' title='bbox 409 2197 509 2229; x_wconf 86' lang='lat' dir='ltr'>semel</span> <span class='ocrx_word' id='word_1_232' title='bbox 530 2208 620 2239; x_wconf 89' lang='lat' dir='ltr'>cape.</span> <span class='ocrx_word' id='word_1_233' title='bbox 653 2198 826 2229; x_wconf 85' lang='lat' dir='ltr'>D.—Con-</span> 
     </span>
     <span class='ocr_line' id='line_1_41' title="bbox 82 2241 828 2283; baseline 0.003 -13"><span class='ocrx_word' id='word_1_234' title='bbox 82 2249 197 2272; x_wconf 76' lang='lat' dir='ltr'>sensus</span> <span class='ocrx_word' id='word_1_235' title='bbox 218 2242 310 2272; x_wconf 81' lang='lat' dir='ltr'>codd.</span> <span class='ocrx_word' id='word_1_236' title='bbox 332 2241 448 2283; x_wconf 88' lang='lat' dir='ltr'>probat</span> <span class='ocrx_word' id='word_1_237' title='bbox 467 2243 534 2272; x_wconf 81' lang='lat' dir='ltr'>Aut</span> <span class='ocrx_word' id='word_1_238' title='bbox 554 2244 614 2282; x_wconf 69' lang='lat' dir='ltr'>qud</span> <span class='ocrx_word' id='word_1_239' title='bbox 636 2243 686 2272; x_wconf 83' lang='lat' dir='ltr'>via</span> <span class='ocrx_word' id='word_1_240' title='bbox 706 2246 828 2281; x_wconf 76' lang='lat' dir='ltr'>captent</span> 
     </span>
     <span class='ocr_line' id='line_1_42' title="bbox 82 2284 752 2325; baseline 0.003 -12"><span class='ocrx_word' id='word_1_241' title='bbox 82 2285 112 2313; x_wconf 61' lang='lat' dir='ltr'>td</span> <span class='ocrx_word' id='word_1_242' title='bbox 126 2285 184 2315; x_wconf 75' lang='lat' dir='ltr'>itti.</span> <span class='ocrx_word' id='word_1_243' title='bbox 226 2286 285 2315; x_wconf 78' lang='lat' dir='ltr'>Via</span> <span class='ocrx_word' id='word_1_244' title='bbox 299 2284 351 2316; x_wconf 86' lang='lat' dir='ltr'>hic</span> <span class='ocrx_word' id='word_1_245' title='bbox 367 2291 416 2315; x_wconf 87' lang='lat' dir='ltr'>est</span> <span class='ocrx_word' id='word_1_246' title='bbox 431 2284 681 2325; x_wconf 83' lang='lat' dir='ltr'>monosyllabon.</span> <span class='ocrx_word' id='word_1_247' title='bbox 715 2284 752 2316; x_wconf 88' lang='grc' dir='ltr'>Β.</span> 
     </span>
    </p>

    <p class='ocr_par' dir='ltr' id='par_1_18' title="bbox 77 2326 827 2831">
     <span class='ocr_line' id='line_1_43' title="bbox 127 2326 824 2369; baseline 0.001 -11"><span class='ocrx_word' id='word_1_248' title='bbox 127 2326 177 2359; x_wconf 82' lang='grc'>17.</span> <span class='ocrx_word' id='word_1_249' title='bbox 192 2328 280 2359; x_wconf 71' lang='lat' dir='ltr'>Eheu</span> <span class='ocrx_word' id='word_1_250' title='bbox 294 2339 339 2359; x_wconf 75' lang='lat' dir='ltr'>me</span> <span class='ocrx_word' id='word_1_251' title='bbox 354 2331 491 2359; x_wconf 54' lang='lat' dir='ltr'>mamam</span> <span class='ocrx_word' id='word_1_252' title='bbox 499 2327 530 2368; x_wconf 74' lang='lat' dir='ltr'>l]</span> <span class='ocrx_word' id='word_1_253' title='bbox 555 2328 655 2364; x_wconf 89' lang='lat' dir='ltr'>Bene,</span> <span class='ocrx_word' id='word_1_254' title='bbox 669 2327 745 2369; x_wconf 84' lang='lat' dir='ltr'>quia</span> <span class='ocrx_word' id='word_1_255' title='bbox 759 2337 824 2359; x_wconf 87' lang='lat' dir='ltr'>non</span> 
     </span>
     <span class='ocr_line' id='line_1_44' title="bbox 82 2369 825 2410; baseline 0.001 -9"><span class='ocrx_word' id='word_1_256' title='bbox 82 2370 259 2410; x_wconf 70' lang='lat' dir='ltr'>persuasit:</span> <span class='ocrx_word' id='word_1_257' title='bbox 282 2371 341 2402; x_wconf 87' lang='lat' dir='ltr'>sed</span> <span class='ocrx_word' id='word_1_258' title='bbox 352 2371 452 2410; x_wconf 72' lang='lat' dir='ltr'>(suum</span> <span class='ocrx_word' id='word_1_259' title='bbox 477 2369 529 2410; x_wconf 89' lang='lat' dir='ltr'>Z.)</span> <span class='ocrx_word' id='word_1_260' title='bbox 544 2371 694 2402; x_wconf 82' lang='lat' dir='ltr'>affectum</span> <span class='ocrx_word' id='word_1_261' title='bbox 706 2370 825 2403; x_wconf 86' lang='lat' dir='ltr'>doloris</span> 
     </span>
     <span class='ocr_line' id='line_1_45' title="bbox 81 2413 825 2455; baseline 0.004 -13"><span class='ocrx_word' id='word_1_262' title='bbox 81 2413 250 2453; x_wconf 72' lang='lat' dir='ltr'>expressit.</span> <span class='ocrx_word' id='word_1_263' title='bbox 317 2414 515 2455; x_wconf 81' lang='lat' dir='ltr'>Intelligitur</span> <span class='ocrx_word' id='word_1_264' title='bbox 544 2414 631 2445; x_wconf 89' lang='lat' dir='ltr'>enim</span> <span class='ocrx_word' id='word_1_265' title='bbox 661 2425 703 2445; x_wconf 87' lang='lat' dir='ltr'>ex</span> <span class='ocrx_word' id='word_1_266' title='bbox 732 2414 825 2446; x_wconf 84' lang='lat' dir='ltr'>vultu</span> 
     </span>
     <span class='ocr_line' id='line_1_46' title="bbox 81 2455 826 2499; baseline 0.005 -14"><span class='ocrx_word' id='word_1_267' title='bbox 81 2455 161 2494; x_wconf 81' lang='lat' dir='ltr'>ejus,</span> <span class='ocrx_word' id='word_1_268' title='bbox 187 2466 253 2487; x_wconf 86' lang='lat' dir='ltr'>non</span> <span class='ocrx_word' id='word_1_269' title='bbox 279 2467 351 2488; x_wconf 89' lang='lat' dir='ltr'>eam</span> <span class='ocrx_word' id='word_1_270' title='bbox 375 2458 573 2499; x_wconf 68' lang='lat' dir='ltr'>persuasisse</span> <span class='ocrx_word' id='word_1_271' title='bbox 603 2458 688 2498; x_wconf 85' lang='lat' dir='ltr'>quod</span> <span class='ocrx_word' id='word_1_272' title='bbox 714 2457 826 2489; x_wconf 84' lang='lat' dir='ltr'>voluit.</span> 
     </span>
     <span class='ocr_line' id='line_1_47' title="bbox 81 2499 827 2532; baseline 0.005 -4"><span class='ocrx_word' id='word_1_273' title='bbox 81 2499 406 2532; x_wconf 63' lang='lat' dir='ltr'>Ebeunniaeram!</span> <span class='ocrx_word' id='word_1_274' title='bbox 428 2512 484 2532; x_wconf 74' lang='lat' dir='ltr'>cur</span> <span class='ocrx_word' id='word_1_275' title='bbox 503 2512 562 2532; x_wconf 80' lang='lat' dir='ltr'>non</span> <span class='ocrx_word' id='word_1_276' title='bbox 582 2503 827 2532; x_wconf 71' lang='lat' dir='ltr'>autistaecnn&#39;hi</span> 
     </span>
     <span class='ocr_line' id='line_1_48' title="bbox 79 2541 824 2584; baseline 0.007 -13"><span class='ocrx_word' id='word_1_277' title='bbox 79 2546 157 2572; x_wconf 66' lang='grc' dir='ltr'>«τίω</span> <span class='ocrx_word' id='word_1_278' title='bbox 171 2547 201 2572; x_wconf 85' lang='lat' dir='ltr'>et</span> <span class='ocrx_word' id='word_1_279' title='bbox 216 2541 320 2582; x_wconf 72' lang='lat' dir='ltr'>soma</span> <span class='ocrx_word' id='word_1_280' title='bbox 334 2543 397 2584; x_wconf 72' lang='lat' dir='ltr'>est]</span> <span class='ocrx_word' id='word_1_281' title='bbox 421 2545 585 2582; x_wconf 74' lang='grc' dir='ltr'><strong><em>Ἐμπαθὸς</em></strong></span> <span class='ocrx_word' id='word_1_282' title='bbox 600 2544 655 2581; x_wconf 87' lang='lat' dir='ltr'>ait,</span> <span class='ocrx_word' id='word_1_283' title='bbox 670 2544 757 2584; x_wconf 85' lang='lat' dir='ltr'>quod</span> <span class='ocrx_word' id='word_1_284' title='bbox 772 2554 824 2575; x_wconf 90' lang='lat' dir='ltr'>re-</span> 
     </span>
     <span class='ocr_line' id='line_1_49' title="bbox 80 2583 824 2629; baseline 0.007 -15"><span class='ocrx_word' id='word_1_285' title='bbox 80 2583 203 2624; x_wconf 88' lang='lat' dir='ltr'>liquum</span> <span class='ocrx_word' id='word_1_286' title='bbox 213 2591 279 2616; x_wconf 79' lang='lat' dir='ltr'>est:</span> <span class='ocrx_word' id='word_1_287' title='bbox 297 2586 373 2626; x_wconf 79' lang='lat' dir='ltr'>quia</span> <span class='ocrx_word' id='word_1_288' title='bbox 381 2586 467 2627; x_wconf 87' lang='lat' dir='ltr'>quod</span> <span class='ocrx_word' id='word_1_289' title='bbox 481 2586 616 2624; x_wconf 82' lang='lat' dir='ltr'>volebat,</span> <span class='ocrx_word' id='word_1_290' title='bbox 628 2587 824 2629; x_wconf 86' lang='lat' dir='ltr'>persuadere</span> 
     </span>
     <span class='ocr_line' id='line_1_50' title="bbox 79 2628 822 2671; baseline 0.005 -13"><span class='ocrx_word' id='word_1_291' title='bbox 79 2637 145 2658; x_wconf 89' lang='lat' dir='ltr'>non</span> <span class='ocrx_word' id='word_1_292' title='bbox 161 2628 276 2669; x_wconf 86' lang='lat' dir='ltr'>potuit.</span> <span class='ocrx_word' id='word_1_293' title='bbox 314 2628 361 2660; x_wconf 85' lang='lat' dir='ltr'>Et</span> <span class='ocrx_word' id='word_1_294' title='bbox 375 2629 456 2660; x_wconf 86' lang='lat' dir='ltr'>bene</span> <span class='ocrx_word' id='word_1_295' title='bbox 471 2632 557 2662; x_wconf 60' lang='grc' dir='ltr'>ἱεῖσι·</span> <span class='ocrx_word' id='word_1_296' title='bbox 569 2636 646 2661; x_wconf 77' lang='lat' dir='ltr'>aetas</span> <span class='ocrx_word' id='word_1_297' title='bbox 660 2630 800 2671; x_wconf 75' lang='lat' dir='ltr'>etfama</span> <span class='ocrx_word' id='word_1_298' title='bbox 810 2644 822 2662; x_wconf 78' lang='lat'>.-</span> 
     </span>
     <span class='ocr_line' id='line_1_51' title="bbox 79 2670 821 2712; baseline 0.005 -11"><span class='ocrx_word' id='word_1_299' title='bbox 79 2670 155 2711; x_wconf 89' lang='lat' dir='ltr'>quia</span> <span class='ocrx_word' id='word_1_300' title='bbox 179 2678 351 2712; x_wconf 86' lang='lat' dir='ltr'>utrumque</span> <span class='ocrx_word' id='word_1_301' title='bbox 379 2682 445 2703; x_wconf 89' lang='lat' dir='ltr'>non</span> <span class='ocrx_word' id='word_1_302' title='bbox 471 2672 578 2704; x_wconf 80' lang='lat' dir='ltr'>habet.</span> <span class='ocrx_word' id='word_1_303' title='bbox 623 2674 669 2704; x_wconf 83' lang='lat' dir='ltr'>Et</span> <span class='ocrx_word' id='word_1_304' title='bbox 695 2673 776 2704; x_wconf 88' lang='lat' dir='ltr'>mire</span> <span class='ocrx_word' id='word_1_305' title='bbox 803 2684 821 2705; x_wconf 88' lang='lat' dir='ltr'>e</span> 
     </span>
     <span class='ocr_line' id='line_1_52' title="bbox 80 2714 820 2756; baseline 0.005 -12"><span class='ocrx_word' id='word_1_306' title='bbox 80 2714 244 2745; x_wconf 81' lang='lat' dir='ltr'>contrario</span> <span class='ocrx_word' id='word_1_307' title='bbox 265 2714 428 2756; x_wconf 79' lang='lat' dir='ltr'>descripta</span> <span class='ocrx_word' id='word_1_308' title='bbox 449 2722 500 2746; x_wconf 80' lang='lat' dir='ltr'>est</span> <span class='ocrx_word' id='word_1_309' title='bbox 521 2715 707 2748; x_wconf 74' lang='lat' dir='ltr'>deformitas</span> <span class='ocrx_word' id='word_1_310' title='bbox 728 2716 820 2754; x_wconf 76' lang='lat' dir='ltr'>lenae,</span> 
     </span>
     <span class='ocr_line' id='line_1_53' title="bbox 77 2757 819 2800; baseline 0.004 -12"><span class='ocrx_word' id='word_1_311' title='bbox 77 2764 112 2788; x_wconf 86' lang='lat' dir='ltr'>et</span> <span class='ocrx_word' id='word_1_312' title='bbox 133 2757 267 2789; x_wconf 87' lang='lat' dir='ltr'>formam</span> <span class='ocrx_word' id='word_1_313' title='bbox 291 2765 324 2788; x_wconf 85' lang='lat' dir='ltr'>et</span> <span class='ocrx_word' id='word_1_314' title='bbox 344 2758 542 2789; x_wconf 84' lang='lat' dir='ltr'>voluntatem</span> <span class='ocrx_word' id='word_1_315' title='bbox 565 2758 682 2790; x_wconf 80' lang='lat' dir='ltr'>malam</span> <span class='ocrx_word' id='word_1_316' title='bbox 703 2770 819 2800; x_wconf 85' lang='lat' dir='ltr'>geren-</span> 
     </span>
     <span class='ocr_line' id='line_1_54' title="bbox 77 2800 204 2831; baseline 0 0"><span class='ocrx_word' id='word_1_317' title='bbox 77 2800 128 2831; x_wconf 87' lang='lat' dir='ltr'>tis.</span> <span class='ocrx_word' id='word_1_318' title='bbox 164 2800 204 2831; x_wconf 90' lang='lat' dir='ltr'>D.</span> 
     </span>
    </p>

    <p class='ocr_par' dir='ltr' id='par_1_19' title="bbox 74 2843 820 2972">
     <span class='ocr_line' id='line_1_55' title="bbox 123 2843 818 2886; baseline 0.006 -12"><span class='ocrx_word' id='word_1_319' title='bbox 123 2844 172 2874; x_wconf 85' lang='lat'>18.</span> <span class='ocrx_word' id='word_1_320' title='bbox 188 2846 254 2875; x_wconf 78' lang='lat' dir='ltr'>Aut</span> <span class='ocrx_word' id='word_1_321' title='bbox 269 2846 327 2874; x_wconf 76' lang='lat' dir='ltr'>tibi</span> <span class='ocrx_word' id='word_1_322' title='bbox 339 2846 403 2875; x_wconf 77' lang='lat' dir='ltr'>haee</span> <span class='ocrx_word' id='word_1_323' title='bbox 416 2846 566 2875; x_wconf 78' lang='lat' dir='ltr'>sententia</span> <span class='ocrx_word' id='word_1_324' title='bbox 578 2843 612 2886; x_wconf 69' lang='grc' dir='ltr'>ἓ]</span> <span class='ocrx_word' id='word_1_325' title='bbox 629 2847 818 2881; x_wconf 61' lang='lat' dir='ltr'>Aturrus-353</span> 
     </span>
     <span class='ocr_line' id='line_1_56' title="bbox 75 2886 820 2927; baseline 0.003 -10"><span class='ocrx_word' id='word_1_326' title='bbox 75 2886 236 2927; x_wconf 82' lang='lat' dir='ltr'>simulque</span> <span class='ocrx_word' id='word_1_327' title='bbox 251 2887 394 2918; x_wconf 76' lang='lat' dir='ltr'>ostendit</span> <span class='ocrx_word' id='word_1_328' title='bbox 408 2887 585 2919; x_wconf 88' lang='lat' dir='ltr'>secundum</span> <span class='ocrx_word' id='word_1_329' title='bbox 609 2894 820 2927; x_wconf 73' lang='grc' dir='ltr'><strong><em>φυσιογνωμ-</em></strong></span> 
     </span>
     <span class='ocr_line' id='line_1_57' title="bbox 74 2929 820 2972; baseline 0.001 -11"><span class='ocrx_word' id='word_1_330' title='bbox 74 2929 157 2967; x_wconf 75' lang='grc' dir='ltr'><strong><em>κοὺς,</em></strong></span> <span class='ocrx_word' id='word_1_331' title='bbox 165 2930 295 2962; x_wconf 87' lang='lat' dir='ltr'>difficile</span> <span class='ocrx_word' id='word_1_332' title='bbox 302 2930 479 2962; x_wconf 82' lang='lat' dir='ltr'>deformem</span> <span class='ocrx_word' id='word_1_333' title='bbox 489 2930 624 2972; x_wconf 87' lang='lat' dir='ltr'>reperiri</span> <span class='ocrx_word' id='word_1_334' title='bbox 634 2931 759 2962; x_wconf 87' lang='lat' dir='ltr'>bonam.</span> <span class='ocrx_word' id='word_1_335' title='bbox 778 2932 820 2962; x_wconf 90' lang='lat' dir='ltr'>D.</span> 
     </span>
    </p>

    <p class='ocr_par' dir='ltr' id='par_1_20' title="bbox 123 2974 821 3016">
     <span class='ocr_line' id='line_1_58' title="bbox 123 2974 821 3016; baseline 0.003 -11"><span class='ocrx_word' id='word_1_336' title='bbox 123 2974 151 3005; x_wconf 83' lang='lat' dir='ltr'>l.</span> <span class='ocrx_word' id='word_1_337' title='bbox 167 2975 264 3006; x_wconf 70' lang='lat' dir='ltr'>Senes</span> <span class='ocrx_word' id='word_1_338' title='bbox 278 2976 306 3006; x_wconf 75' lang='lat' dir='ltr'>si</span> <span class='ocrx_word' id='word_1_339' title='bbox 329 2980 443 3015; x_wconf 81' lang='lat' dir='ltr'>quaeret</span> <span class='ocrx_word' id='word_1_340' title='bbox 466 2986 520 3014; x_wconf 82' lang='lat' dir='ltr'>me,</span> <span class='ocrx_word' id='word_1_341' title='bbox 536 2976 620 3007; x_wconf 82' lang='lat' dir='ltr'>modo</span> <span class='ocrx_word' id='word_1_342' title='bbox 636 2977 694 3007; x_wconf 72' lang='lat' dir='ltr'>isse</span> <span class='ocrx_word' id='word_1_343' title='bbox 709 2974 821 3016; x_wconf 74' lang='lat' dir='ltr'>dicito]</span> 
     </span>
    </p>
   </div>
   <div class='ocr_carea' id='block_1_9' title="bbox 862 1072 1633 3049">
    <p class='ocr_par' dir='ltr' id='par_1_21' title="bbox 862 1072 1633 3049">
     <span class='ocr_line' id='line_1_59' title="bbox 885 1072 1633 1118; baseline 0.008 -14"><span class='ocrx_word' id='word_1_344' title='bbox 885 1072 959 1104; x_wconf 82' lang='lat' dir='ltr'>Hoc</span> <span class='ocrx_word' id='word_1_345' title='bbox 974 1083 1087 1105; x_wconf 85' lang='lat' dir='ltr'>servus</span> <span class='ocrx_word' id='word_1_346' title='bbox 1102 1073 1195 1111; x_wconf 82' lang='lat' dir='ltr'>dixit,</span> <span class='ocrx_word' id='word_1_347' title='bbox 1211 1073 1246 1106; x_wconf 89' lang='lat' dir='ltr'>in</span> <span class='ocrx_word' id='word_1_348' title='bbox 1261 1085 1391 1107; x_wconf 85' lang='lat' dir='ltr'>scenam</span> <span class='ocrx_word' id='word_1_349' title='bbox 1406 1076 1447 1108; x_wconf 90' lang='lat' dir='ltr'>de</span> <span class='ocrx_word' id='word_1_350' title='bbox 1462 1078 1633 1118; x_wconf 83' lang='lat' dir='ltr'>proscenio</span> 
     </span>
     <span class='ocr_line' id='line_1_60' title="bbox 882 1116 1631 1161; baseline 0.008 -14"><span class='ocrx_word' id='word_1_351' title='bbox 882 1116 1070 1158; x_wconf 83' lang='lat' dir='ltr'>respiciens.</span> <span class='ocrx_word' id='word_1_352' title='bbox 1125 1119 1222 1148; x_wconf 72' lang='lat' dir='ltr'>Sene:</span> <span class='ocrx_word' id='word_1_353' title='bbox 1250 1120 1279 1149; x_wconf 74' lang='lat' dir='ltr'>si</span> <span class='ocrx_word' id='word_1_354' title='bbox 1308 1125 1423 1158; x_wconf 68' lang='lat' dir='ltr'>queret</span> <span class='ocrx_word' id='word_1_355' title='bbox 1452 1120 1515 1161; x_wconf 83' lang='lat' dir='ltr'>me]</span> <span class='ocrx_word' id='word_1_356' title='bbox 1547 1122 1631 1160; x_wconf 74' lang='lat' dir='ltr'>Duae</span> 
     </span>
     <span class='ocr_line' id='line_1_61' title="bbox 882 1160 1631 1204; baseline 0.008 -14"><span class='ocrx_word' id='word_1_357' title='bbox 882 1161 1076 1200; x_wconf 88' lang='lat' dir='ltr'>conjecturae</span> <span class='ocrx_word' id='word_1_358' title='bbox 1097 1167 1174 1192; x_wconf 86' lang='lat' dir='ltr'>sunt</span> <span class='ocrx_word' id='word_1_359' title='bbox 1195 1160 1230 1192; x_wconf 90' lang='lat' dir='ltr'>in</span> <span class='ocrx_word' id='word_1_360' title='bbox 1252 1161 1312 1192; x_wconf 90' lang='lat' dir='ltr'>hac</span> <span class='ocrx_word' id='word_1_361' title='bbox 1334 1172 1452 1194; x_wconf 86' lang='lat' dir='ltr'>scena:</span> <span class='ocrx_word' id='word_1_362' title='bbox 1480 1174 1523 1195; x_wconf 90' lang='lat' dir='ltr'>an</span> <span class='ocrx_word' id='word_1_363' title='bbox 1545 1175 1631 1204; x_wconf 75' lang='lat' dir='ltr'>verae</span> 
     </span>
     <span class='ocr_line' id='line_1_62' title="bbox 882 1203 1630 1245; baseline 0.008 -11"><span class='ocrx_word' id='word_1_364' title='bbox 882 1203 950 1234; x_wconf 85' lang='lat' dir='ltr'>sint</span> <span class='ocrx_word' id='word_1_365' title='bbox 961 1203 1099 1245; x_wconf 86' lang='lat' dir='ltr'>nuptiae:</span> <span class='ocrx_word' id='word_1_366' title='bbox 1124 1210 1157 1235; x_wconf 90' lang='lat' dir='ltr'>et</span> <span class='ocrx_word' id='word_1_367' title='bbox 1165 1214 1208 1235; x_wconf 89' lang='lat' dir='ltr'>an</span> <span class='ocrx_word' id='word_1_368' title='bbox 1218 1204 1393 1236; x_wconf 85' lang='lat' dir='ltr'>verisimile</span> <span class='ocrx_word' id='word_1_369' title='bbox 1404 1205 1457 1244; x_wconf 84' lang='lat' dir='ltr'>sit,</span> <span class='ocrx_word' id='word_1_370' title='bbox 1467 1207 1630 1241; x_wconf 83' lang='lat' dir='ltr'>abstinere</span> 
     </span>
     <span class='ocr_line' id='line_1_63' title="bbox 881 1246 1628 1293; baseline 0.008 -16"><span class='ocrx_word' id='word_1_371' title='bbox 881 1246 1025 1288; x_wconf 79' lang='lat' dir='ltr'>potuisse</span> <span class='ocrx_word' id='word_1_372' title='bbox 1040 1247 1276 1279; x_wconf 84' lang='lat' dir='ltr'>adolescentem</span> <span class='ocrx_word' id='word_1_373' title='bbox 1291 1258 1312 1279; x_wconf 92' lang='lat' dir='ltr'>a</span> <span class='ocrx_word' id='word_1_374' title='bbox 1326 1248 1452 1289; x_wconf 84' lang='lat' dir='ltr'>virgine</span> <span class='ocrx_word' id='word_1_375' title='bbox 1466 1250 1528 1282; x_wconf 91' lang='lat' dir='ltr'>sibi</span> <span class='ocrx_word' id='word_1_376' title='bbox 1545 1261 1628 1293; x_wconf 82' lang='lat' dir='ltr'>nup-</span> 
     </span>
     <span class='ocr_line' id='line_1_64' title="bbox 880 1290 1630 1336; baseline 0.008 -16"><span class='ocrx_word' id='word_1_377' title='bbox 880 1297 951 1325; x_wconf 65' lang='lat' dir='ltr'>,tum</span> <span class='ocrx_word' id='word_1_378' title='bbox 967 1290 1094 1321; x_wconf 81' lang='lat' dir='ltr'>tradita.</span> <span class='ocrx_word' id='word_1_379' title='bbox 1138 1292 1236 1322; x_wconf 73' lang='lat' dir='ltr'>Senex</span> <span class='ocrx_word' id='word_1_380' title='bbox 1255 1293 1285 1322; x_wconf 75' lang='lat' dir='ltr'>si</span> <span class='ocrx_word' id='word_1_381' title='bbox 1306 1298 1422 1332; x_wconf 80' lang='lat' dir='ltr'>quaeret</span> <span class='ocrx_word' id='word_1_382' title='bbox 1439 1293 1502 1334; x_wconf 83' lang='lat' dir='ltr'>me]</span> <span class='ocrx_word' id='word_1_383' title='bbox 1521 1294 1630 1336; x_wconf 84' lang='lat' dir='ltr'>Magis</span> 
     </span>
     <span class='ocr_line' id='line_1_65' title="bbox 883 1333 1627 1375; baseline 0.009 -12"><span class='ocrx_word' id='word_1_384' title='bbox 883 1333 1043 1374; x_wconf 86' lang='lat' dir='ltr'>expressit</span> <span class='ocrx_word' id='word_1_385' title='bbox 1056 1334 1333 1372; x_wconf 85' lang='lat' dir='ltr'>cousuetudinem,</span> <span class='ocrx_word' id='word_1_386' title='bbox 1352 1334 1489 1367; x_wconf 87' lang='lat' dir='ltr'>dicendo</span> <span class='ocrx_word' id='word_1_387' title='bbox 1511 1348 1602 1370; x_wconf 74' lang='lat' dir='ltr'>sene-‘e</span> <span class='ocrx_word' id='word_1_388' title='bbox 1614 1352 1627 1375; x_wconf 68' lang='grc' dir='ltr'>ς</span> 
     </span>
     <span class='ocr_line' id='line_1_66' title="bbox 882 1376 1630 1419; baseline 0.009 -13"><span class='ocrx_word' id='word_1_389' title='bbox 882 1386 979 1417; x_wconf 86' lang='lat' dir='ltr'>quam</span> <span class='ocrx_word' id='word_1_390' title='bbox 995 1376 1030 1407; x_wconf 88' lang='lat' dir='ltr'>si.</span> <span class='ocrx_word' id='word_1_391' title='bbox 1045 1376 1176 1414; x_wconf 90' lang='lat' dir='ltr'>diceret,</span> <span class='ocrx_word' id='word_1_392' title='bbox 1192 1379 1328 1409; x_wconf 62' lang='lat' dir='ltr'>dommus</span> <span class='ocrx_word' id='word_1_393' title='bbox 1342 1378 1448 1419; x_wconf 79' lang='lat' dir='ltr'>major.</span> <span class='ocrx_word' id='word_1_394' title='bbox 1490 1382 1587 1417; x_wconf 67' lang='lat' dir='ltr'>Senes:</span> <span class='ocrx_word' id='word_1_395' title='bbox 1600 1384 1630 1413; x_wconf 74' lang='lat' dir='ltr'>si</span> 
     </span>
     <span class='ocr_line' id='line_1_67' title="bbox 880 1418 1627 1460; baseline 0.009 -11"><span class='ocrx_word' id='word_1_396' title='bbox 880 1425 994 1460; x_wconf 80' lang='lat' dir='ltr'>quoeret</span> <span class='ocrx_word' id='word_1_397' title='bbox 1009 1418 1072 1460; x_wconf 77' lang='lat' dir='ltr'>me]</span> <span class='ocrx_word' id='word_1_398' title='bbox 1096 1419 1143 1450; x_wconf 93' lang='lat' dir='ltr'>Ut</span> <span class='ocrx_word' id='word_1_399' title='bbox 1157 1431 1199 1451; x_wconf 89' lang='lat' dir='ltr'>ex</span> <span class='ocrx_word' id='word_1_400' title='bbox 1219 1421 1325 1452; x_wconf 83' lang='lat' dir='ltr'>verbis</span> <span class='ocrx_word' id='word_1_401' title='bbox 1344 1421 1413 1453; x_wconf 87' lang='lat' dir='ltr'>suis</span> <span class='ocrx_word' id='word_1_402' title='bbox 1433 1429 1499 1454; x_wconf 89' lang='lat' dir='ltr'>tam</span> <span class='ocrx_word' id='word_1_403' title='bbox 1522 1434 1627 1456; x_wconf 83' lang='lat' dir='ltr'>mere-</span> 
     </span>
     <span class='ocr_line' id='line_1_68' title="bbox 881 1462 1627 1506; baseline 0.007 -13"><span class='ocrx_word' id='word_1_404' title='bbox 881 1463 956 1500; x_wconf 86' lang='lat' dir='ltr'>trix,</span> <span class='ocrx_word' id='word_1_405' title='bbox 972 1473 1069 1503; x_wconf 87' lang='lat' dir='ltr'>quam</span> <span class='ocrx_word' id='word_1_406' title='bbox 1083 1462 1158 1494; x_wconf 91' lang='lat' dir='ltr'>lena</span> <span class='ocrx_word' id='word_1_407' title='bbox 1169 1463 1331 1506; x_wconf 86' lang='lat' dir='ltr'>descripta</span> <span class='ocrx_word' id='word_1_408' title='bbox 1345 1471 1412 1496; x_wconf 84' lang='lat' dir='ltr'>est:</span> <span class='ocrx_word' id='word_1_409' title='bbox 1436 1465 1483 1497; x_wconf 89' lang='lat' dir='ltr'>ita</span> <span class='ocrx_word' id='word_1_410' title='bbox 1498 1472 1531 1497; x_wconf 88' lang='lat' dir='ltr'>et</span> <span class='ocrx_word' id='word_1_411' title='bbox 1547 1467 1627 1499; x_wconf 85' lang='lat' dir='ltr'>Par-</span> 
     </span>
     <span class='ocr_line' id='line_1_69' title="bbox 880 1506 1628 1547; baseline 0.008 -11"><span class='ocrx_word' id='word_1_412' title='bbox 880 1516 976 1541; x_wconf 85' lang='lat' dir='ltr'>meno</span> <span class='ocrx_word' id='word_1_413' title='bbox 1000 1506 1071 1547; x_wconf 86' lang='lat' dir='ltr'>ipse</span> <span class='ocrx_word' id='word_1_414' title='bbox 1094 1506 1198 1547; x_wconf 89' lang='lat' dir='ltr'>qualis</span> <span class='ocrx_word' id='word_1_415' title='bbox 1224 1507 1277 1544; x_wconf 88' lang='lat' dir='ltr'>sit,</span> <span class='ocrx_word' id='word_1_416' title='bbox 1300 1508 1482 1540; x_wconf 86' lang='lat' dir='ltr'>ostenditur</span> <span class='ocrx_word' id='word_1_417' title='bbox 1504 1520 1547 1541; x_wconf 86' lang='lat' dir='ltr'>ex</span> <span class='ocrx_word' id='word_1_418' title='bbox 1568 1521 1628 1544; x_wconf 88' lang='lat' dir='ltr'>sua</span> 
     </span>
     <span class='ocr_line' id='line_1_70' title="bbox 880 1549 1626 1586; baseline 0.007 -6"><span class='ocrx_word' id='word_1_419' title='bbox 880 1549 942 1580; x_wconf 85' lang='lat' dir='ltr'>sibi</span> <span class='ocrx_word' id='word_1_420' title='bbox 957 1549 1129 1581; x_wconf 87' lang='lat' dir='ltr'>locutione.</span> <span class='ocrx_word' id='word_1_421' title='bbox 1174 1550 1328 1582; x_wconf 80' lang='lat' dir='ltr'>Exeundi</span> <span class='ocrx_word' id='word_1_422' title='bbox 1349 1558 1458 1583; x_wconf 90' lang='lat' dir='ltr'>autem</span> <span class='ocrx_word' id='word_1_423' title='bbox 1473 1563 1571 1584; x_wconf 87' lang='lat' dir='ltr'>causa</span> <span class='ocrx_word' id='word_1_424' title='bbox 1585 1554 1626 1586; x_wconf 87' lang='lat' dir='ltr'>de</span> 
     </span>
     <span class='ocr_line' id='line_1_71' title="bbox 879 1593 1624 1637; baseline 0.008 -14"><span class='ocrx_word' id='word_1_425' title='bbox 879 1599 1070 1634; x_wconf 73' lang='lat' dir='ltr'>argumento</span> <span class='ocrx_word' id='word_1_426' title='bbox 1087 1593 1245 1625; x_wconf 85' lang='lat' dir='ltr'>sumitur:</span> <span class='ocrx_word' id='word_1_427' title='bbox 1269 1594 1345 1634; x_wconf 89' lang='lat' dir='ltr'>quia</span> <span class='ocrx_word' id='word_1_428' title='bbox 1361 1594 1552 1637; x_wconf 79' lang='lat' dir='ltr'>Pamphilus</span> <span class='ocrx_word' id='word_1_429' title='bbox 1567 1598 1624 1629; x_wconf 91' lang='lat' dir='ltr'>ab-</span> 
     </span>
     <span class='ocr_line' id='line_1_72' title="bbox 878 1637 1622 1680; baseline 0.008 -14"><span class='ocrx_word' id='word_1_430' title='bbox 878 1646 953 1667; x_wconf 83' lang='lat' dir='ltr'>sens</span> <span class='ocrx_word' id='word_1_431' title='bbox 968 1642 1027 1673; x_wconf 86' lang='lat' dir='ltr'>est,</span> <span class='ocrx_word' id='word_1_432' title='bbox 1053 1643 1087 1667; x_wconf 91' lang='lat' dir='ltr'>et</span> <span class='ocrx_word' id='word_1_433' title='bbox 1103 1643 1309 1679; x_wconf 81' lang='lat' dir='ltr'>exspectatur</span> <span class='ocrx_word' id='word_1_434' title='bbox 1331 1637 1366 1669; x_wconf 92' lang='lat' dir='ltr'>in</span> <span class='ocrx_word' id='word_1_435' title='bbox 1387 1637 1458 1670; x_wconf 79' lang='lat' dir='ltr'>dies</span> <span class='ocrx_word' id='word_1_436' title='bbox 1473 1641 1543 1680; x_wconf 85' lang='lat' dir='ltr'>ejus</span> <span class='ocrx_word' id='word_1_437' title='bbox 1564 1640 1622 1672; x_wconf 89' lang='lat' dir='ltr'>ad-</span> 
     </span>
     <span class='ocr_line' id='line_1_73' title="bbox 876 1681 1625 1721; baseline 0.008 -11"><span class='ocrx_word' id='word_1_438' title='bbox 876 1686 1003 1710; x_wconf 85' lang='lat' dir='ltr'>ventus.</span> <span class='ocrx_word' id='word_1_439' title='bbox 1048 1681 1145 1711; x_wconf 74' lang='lat' dir='ltr'>Sene:</span> <span class='ocrx_word' id='word_1_440' title='bbox 1173 1683 1202 1711; x_wconf 77' lang='lat' dir='ltr'>si</span> <span class='ocrx_word' id='word_1_441' title='bbox 1230 1686 1344 1721; x_wconf 84' lang='lat' dir='ltr'>quaeret</span> <span class='ocrx_word' id='word_1_442' title='bbox 1372 1693 1428 1719; x_wconf 80' lang='lat' dir='ltr'>me,</span> <span class='ocrx_word' id='word_1_443' title='bbox 1455 1685 1540 1714; x_wconf 80' lang='lat' dir='ltr'>modo</span> <span class='ocrx_word' id='word_1_444' title='bbox 1565 1686 1625 1716; x_wconf 73' lang='lat' dir='ltr'>isse</span> 
     </span>
     <span class='ocr_line' id='line_1_74' title="bbox 876 1722 1626 1764; baseline 0.007 -11"><span class='ocrx_word' id='word_1_445' title='bbox 876 1724 970 1754; x_wconf 74' lang='lat' dir='ltr'>dicito</span> <span class='ocrx_word' id='word_1_446' title='bbox 984 1724 1027 1755; x_wconf 83' lang='lat' dir='ltr'>ad</span> <span class='ocrx_word' id='word_1_447' title='bbox 1038 1722 1176 1764; x_wconf 81' lang='lat' dir='ltr'>portum]</span> <span class='ocrx_word' id='word_1_448' title='bbox 1194 1723 1276 1755; x_wconf 87' lang='lat' dir='ltr'>Haec</span> <span class='ocrx_word' id='word_1_449' title='bbox 1292 1724 1402 1756; x_wconf 87' lang='lat' dir='ltr'>omnia</span> <span class='ocrx_word' id='word_1_450' title='bbox 1417 1725 1578 1758; x_wconf 79' lang='lat' dir='ltr'>submissa</span> <span class='ocrx_word' id='word_1_451' title='bbox 1591 1734 1626 1764; x_wconf 83' lang='lat' dir='ltr'>et</span> 
     </span>
     <span class='ocr_line' id='line_1_75' title="bbox 876 1765 1623 1808; baseline 0.007 -12"><span class='ocrx_word' id='word_1_452' title='bbox 876 1765 979 1797; x_wconf 91' lang='lat' dir='ltr'>veloci</span> <span class='ocrx_word' id='word_1_453' title='bbox 991 1766 1261 1808; x_wconf 89' lang='lat' dir='ltr'>pronunciatione</span> <span class='ocrx_word' id='word_1_454' title='bbox 1273 1767 1435 1799; x_wconf 84' lang='lat' dir='ltr'>efferenda</span> <span class='ocrx_word' id='word_1_455' title='bbox 1449 1777 1527 1800; x_wconf 90' lang='lat' dir='ltr'>sunt</span> <span class='ocrx_word' id='word_1_456' title='bbox 1535 1782 1544 1800; x_wconf 89' lang='lat'><strong>:</strong></span> <span class='ocrx_word' id='word_1_457' title='bbox 1561 1770 1623 1807; x_wconf 77' lang='lat' dir='ltr'>hoc</span> 
     </span>
     <span class='ocr_line' id='line_1_76' title="bbox 876 1809 1623 1855; baseline 0.008 -16"><span class='ocrx_word' id='word_1_458' title='bbox 876 1809 963 1840; x_wconf 89' lang='lat' dir='ltr'>enim</span> <span class='ocrx_word' id='word_1_459' title='bbox 979 1809 1166 1840; x_wconf 83' lang='lat' dir='ltr'>desiderant</span> <span class='ocrx_word' id='word_1_460' title='bbox 1183 1810 1369 1850; x_wconf 83' lang='lat' dir='ltr'>hujusmodi</span> <span class='ocrx_word' id='word_1_461' title='bbox 1384 1812 1492 1849; x_wconf 84' lang='lat' dir='ltr'>verba,</span> <span class='ocrx_word' id='word_1_462' title='bbox 1508 1819 1623 1855; x_wconf 84' lang='lat' dir='ltr'>utpote</span> 
     </span>
     <span class='ocr_line' id='line_1_77' title="bbox 875 1852 1624 1896; baseline 0.007 -13"><span class='ocrx_word' id='word_1_463' title='bbox 875 1859 909 1883; x_wconf 89' lang='lat' dir='ltr'>et</span> <span class='ocrx_word' id='word_1_464' title='bbox 924 1852 1007 1884; x_wconf 88' lang='lat' dir='ltr'>servi</span> <span class='ocrx_word' id='word_1_465' title='bbox 1019 1859 1053 1883; x_wconf 91' lang='lat' dir='ltr'>et</span> <span class='ocrx_word' id='word_1_466' title='bbox 1061 1852 1253 1885; x_wconf 80' lang='lat' dir='ltr'>festinantis.</span> <span class='ocrx_word' id='word_1_467' title='bbox 1277 1854 1498 1886; x_wconf 69' lang='lat' dir='ltr'>D.—Senesn·</span> <span class='ocrx_word' id='word_1_468' title='bbox 1508 1863 1624 1896; x_wconf 79' lang='lat' dir='ltr'>quaeret</span> 
     </span>
     <span class='ocr_line' id='line_1_78' title="bbox 875 1895 1620 1938; baseline 0.005 -12"><span class='ocrx_word' id='word_1_469' title='bbox 875 1895 938 1936; x_wconf 82' lang='lat' dir='ltr'>me]</span> <span class='ocrx_word' id='word_1_470' title='bbox 962 1895 1054 1932; x_wconf 81' lang='lat' dir='ltr'>Haec,</span> <span class='ocrx_word' id='word_1_471' title='bbox 1067 1902 1104 1927; x_wconf 90' lang='lat' dir='ltr'>ut</span> <span class='ocrx_word' id='word_1_472' title='bbox 1118 1896 1197 1933; x_wconf 85' lang='lat' dir='ltr'>dixi,</span> <span class='ocrx_word' id='word_1_473' title='bbox 1218 1907 1315 1928; x_wconf 80' lang='lat' dir='ltr'>scena</span> <span class='ocrx_word' id='word_1_474' title='bbox 1337 1897 1555 1930; x_wconf 84' lang='lat' dir='ltr'>narrationem</span> <span class='ocrx_word' id='word_1_475' title='bbox 1570 1906 1620 1938; x_wconf 44' lang='lat' dir='ltr'>te?</span> 
     </span>
     <span class='ocr_line' id='line_1_79' title="bbox 874 1938 1621 1980; baseline 0.008 -11"><span class='ocrx_word' id='word_1_476' title='bbox 874 1946 948 1974; x_wconf 62' lang='lat' dir='ltr'>neu</span> <span class='ocrx_word' id='word_1_477' title='bbox 971 1938 1006 1970; x_wconf 92' lang='lat' dir='ltr'>in</span> <span class='ocrx_word' id='word_1_478' title='bbox 1022 1949 1085 1979; x_wconf 86' lang='lat' dir='ltr'>qua</span> <span class='ocrx_word' id='word_1_479' title='bbox 1098 1941 1284 1980; x_wconf 89' lang='lat' dir='ltr'>conjectura</span> <span class='ocrx_word' id='word_1_480' title='bbox 1299 1946 1358 1977; x_wconf 85' lang='lat' dir='ltr'>est,</span> <span class='ocrx_word' id='word_1_481' title='bbox 1374 1950 1440 1971; x_wconf 90' lang='lat' dir='ltr'>non</span> <span class='ocrx_word' id='word_1_482' title='bbox 1455 1951 1527 1972; x_wconf 78' lang='lat' dir='ltr'>esse</span> <span class='ocrx_word' id='word_1_483' title='bbox 1541 1941 1621 1975; x_wconf 86' lang='lat' dir='ltr'>istas</span> 
     </span>
     <span class='ocr_line' id='line_1_80' title="bbox 874 1981 1621 2025; baseline 0.007 -13"><span class='ocrx_word' id='word_1_484' title='bbox 874 1981 1075 2013; x_wconf 83' lang='lat' dir='ltr'>firmissimas</span> <span class='ocrx_word' id='word_1_485' title='bbox 1087 1982 1217 2024; x_wconf 84' lang='lat' dir='ltr'>nuptias</span> <span class='ocrx_word' id='word_1_486' title='bbox 1227 1995 1235 2018; x_wconf 88' lang='lat'>;</span> <span class='ocrx_word' id='word_1_487' title='bbox 1259 1989 1293 2014; x_wconf 91' lang='lat' dir='ltr'>et</span> <span class='ocrx_word' id='word_1_488' title='bbox 1303 1983 1366 2014; x_wconf 86' lang='lat' dir='ltr'>alia</span> <span class='ocrx_word' id='word_1_489' title='bbox 1377 1982 1531 2016; x_wconf 90' lang='lat' dir='ltr'>incedens</span> <span class='ocrx_word' id='word_1_490' title='bbox 1541 1985 1621 2025; x_wconf 75' lang='lat' dir='ltr'>(alia</span> 
     </span>
     <span class='ocr_line' id='line_1_81' title="bbox 874 2023 1618 2066; baseline 0.007 -10"><span class='ocrx_word' id='word_1_491' title='bbox 874 2027 943 2056; x_wconf 81' lang='lat' dir='ltr'>inde</span> <span class='ocrx_word' id='word_1_492' title='bbox 957 2030 1004 2056; x_wconf 74' lang='lat' dir='ltr'>est</span> <span class='ocrx_word' id='word_1_493' title='bbox 1027 2023 1091 2066; x_wconf 90' lang='lat' dir='ltr'>Z.)‚</span> <span class='ocrx_word' id='word_1_494' title='bbox 1108 2025 1192 2065; x_wconf 89' lang='lat' dir='ltr'>quod</span> <span class='ocrx_word' id='word_1_495' title='bbox 1210 2032 1244 2056; x_wconf 90' lang='lat' dir='ltr'>et</span> <span class='ocrx_word' id='word_1_496' title='bbox 1257 2025 1445 2058; x_wconf 58' lang='lat' dir='ltr'>adolescens</span> <span class='ocrx_word' id='word_1_497' title='bbox 1459 2027 1618 2061; x_wconf 80' lang='lat' dir='ltr'>illibatam</span> 
     </span>
     <span class='ocr_line' id='line_1_82' title="bbox 873 2068 1617 2107; baseline 0.008 -9"><span class='ocrx_word' id='word_1_498' title='bbox 873 2068 930 2099; x_wconf 91' lang='lat' dir='ltr'>diu</span> <span class='ocrx_word' id='word_1_499' title='bbox 945 2068 980 2099; x_wconf 88' lang='lat' dir='ltr'>in</span> <span class='ocrx_word' id='word_1_500' title='bbox 1001 2068 1097 2100; x_wconf 88' lang='lat' dir='ltr'>domo</span> <span class='ocrx_word' id='word_1_501' title='bbox 1118 2068 1231 2100; x_wconf 87' lang='lat' dir='ltr'>habuit</span> <span class='ocrx_word' id='word_1_502' title='bbox 1252 2079 1397 2107; x_wconf 81' lang='lat' dir='ltr'>uxorem,</span> <span class='ocrx_word' id='word_1_503' title='bbox 1413 2076 1446 2101; x_wconf 90' lang='lat' dir='ltr'>et</span> <span class='ocrx_word' id='word_1_504' title='bbox 1467 2081 1487 2102; x_wconf 82' lang='lat' dir='ltr'>a</span> <span class='ocrx_word' id='word_1_505' title='bbox 1508 2081 1544 2102; x_wconf 79' lang='lat' dir='ltr'>se</span> <span class='ocrx_word' id='word_1_506' title='bbox 1564 2071 1617 2105; x_wconf 61' lang='lat' dir='ltr'>in,</span> 
     </span>
     <span class='ocr_line' id='line_1_83' title="bbox 871 2113 1617 2154; baseline 0.004 -10"><span class='ocrx_word' id='word_1_507' title='bbox 871 2118 988 2144; x_wconf 83' lang='lat' dir='ltr'>tactam</span> <span class='ocrx_word' id='word_1_508' title='bbox 1011 2122 1050 2142; x_wconf 90' lang='lat' dir='ltr'>eo</span> <span class='ocrx_word' id='word_1_509' title='bbox 1065 2119 1220 2154; x_wconf 83' lang='lat' dir='ltr'>tempore,</span> <span class='ocrx_word' id='word_1_510' title='bbox 1241 2123 1305 2153; x_wconf 87' lang='lat' dir='ltr'>quo</span> <span class='ocrx_word' id='word_1_511' title='bbox 1328 2113 1452 2154; x_wconf 87' lang='lat' dir='ltr'>nuptiae</span> <span class='ocrx_word' id='word_1_512' title='bbox 1466 2113 1617 2152; x_wconf 86' lang='lat' dir='ltr'>fuerunt;</span> 
     </span>
     <span class='ocr_line' id='line_1_84' title="bbox 870 2154 1617 2199; baseline 0.004 -14"><span class='ocrx_word' id='word_1_513' title='bbox 870 2155 987 2195; x_wconf 86' lang='lat' dir='ltr'>quibus</span> <span class='ocrx_word' id='word_1_514' title='bbox 1002 2154 1055 2196; x_wconf 82' lang='lat' dir='ltr'>(de</span> <span class='ocrx_word' id='word_1_515' title='bbox 1069 2157 1179 2195; x_wconf 68' lang='lat' dir='ltr'>quibus</span> <span class='ocrx_word' id='word_1_516' title='bbox 1201 2154 1256 2196; x_wconf 92' lang='lat' dir='ltr'>Z.)</span> <span class='ocrx_word' id='word_1_517' title='bbox 1272 2156 1412 2198; x_wconf 84' lang='lat' dir='ltr'>propriis</span> <span class='ocrx_word' id='word_1_518' title='bbox 1426 2156 1506 2188; x_wconf 86' lang='lat' dir='ltr'>locis</span> <span class='ocrx_word' id='word_1_519' title='bbox 1520 2168 1617 2199; x_wconf 72' lang='lat' dir='ltr'>argu-</span> 
     </span>
     <span class='ocr_line' id='line_1_85' title="bbox 870 2198 1615 2242; baseline 0.005 -14"><span class='ocrx_word' id='word_1_520' title='bbox 870 2205 980 2229; x_wconf 87' lang='lat' dir='ltr'>menta</span> <span class='ocrx_word' id='word_1_521' title='bbox 995 2198 1160 2230; x_wconf 86' lang='lat' dir='ltr'>tradimus.</span> <span class='ocrx_word' id='word_1_522' title='bbox 1208 2198 1253 2230; x_wconf 87' lang='lat' dir='ltr'>Ut</span> <span class='ocrx_word' id='word_1_523' title='bbox 1274 2206 1403 2240; x_wconf 88' lang='lat' dir='ltr'>oportet</span> <span class='ocrx_word' id='word_1_524' title='bbox 1417 2206 1526 2232; x_wconf 84' lang='lat' dir='ltr'>tamen</span> <span class='ocrx_word' id='word_1_525' title='bbox 1546 2211 1615 2242; x_wconf 43' lang='lat' dir='ltr'>ser-2</span> 
     </span>
     <span class='ocr_line' id='line_1_86' title="bbox 871 2241 1614 2285; baseline 0.005 -13"><span class='ocrx_word' id='word_1_526' title='bbox 871 2251 930 2272; x_wconf 87' lang='lat' dir='ltr'>vus</span> <span class='ocrx_word' id='word_1_527' title='bbox 946 2241 1059 2272; x_wconf 81' lang='lat' dir='ltr'>exiens</span> <span class='ocrx_word' id='word_1_528' title='bbox 1073 2241 1169 2273; x_wconf 90' lang='lat' dir='ltr'>domo</span> <span class='ocrx_word' id='word_1_529' title='bbox 1188 2241 1331 2279; x_wconf 84' lang='lat' dir='ltr'>mandat,</span> <span class='ocrx_word' id='word_1_530' title='bbox 1346 2242 1439 2283; x_wconf 72' lang='lat' dir='ltr'>quasi</span> <span class='ocrx_word' id='word_1_531' title='bbox 1459 2253 1528 2285; x_wconf 85' lang='lat' dir='ltr'>prae</span> <span class='ocrx_word' id='word_1_532' title='bbox 1549 2244 1614 2276; x_wconf 85' lang='lat' dir='ltr'>sol-</span> 
     </span>
     <span class='ocr_line' id='line_1_87' title="bbox 869 2283 1616 2328; baseline 0.007 -13"><span class='ocrx_word' id='word_1_533' title='bbox 869 2283 1037 2315; x_wconf 88' lang='lat' dir='ltr'>licitudine</span> <span class='ocrx_word' id='word_1_534' title='bbox 1052 2284 1080 2315; x_wconf 89' lang='lat' dir='ltr'>si</span> <span class='ocrx_word' id='word_1_535' title='bbox 1091 2285 1132 2315; x_wconf 86' lang='lat' dir='ltr'>ad</span> <span class='ocrx_word' id='word_1_536' title='bbox 1147 2291 1276 2327; x_wconf 91' lang='lat' dir='ltr'>portum</span> <span class='ocrx_word' id='word_1_537' title='bbox 1291 2285 1503 2318; x_wconf 80' lang='lat' dir='ltr'>descenderet</span> <span class='ocrx_word' id='word_1_538' title='bbox 1514 2297 1616 2328; x_wconf 80' lang='lat' dir='ltr'>nsque</span> 
     </span>
     <span class='ocr_line' id='line_1_88' title="bbox 869 2327 1616 2372; baseline 0.007 -14"><span class='ocrx_word' id='word_1_539' title='bbox 869 2333 938 2359; x_wconf 91' lang='lat' dir='ltr'>erat</span> <span class='ocrx_word' id='word_1_540' title='bbox 949 2327 1078 2368; x_wconf 89' lang='lat' dir='ltr'>quando</span> <span class='ocrx_word' id='word_1_541' title='bbox 1090 2327 1279 2369; x_wconf 88' lang='lat' dir='ltr'>Pamphilus</span> <span class='ocrx_word' id='word_1_542' title='bbox 1293 2328 1410 2367; x_wconf 83' lang='lat' dir='ltr'>veniat,</span> <span class='ocrx_word' id='word_1_543' title='bbox 1424 2329 1478 2370; x_wconf 83' lang='lat' dir='ltr'>qui</span> <span class='ocrx_word' id='word_1_544' title='bbox 1490 2340 1511 2361; x_wconf 84' lang='lat' dir='ltr'>a</span> <span class='ocrx_word' id='word_1_545' title='bbox 1522 2339 1616 2372; x_wconf 86' lang='lat' dir='ltr'>patre</span> 
     </span>
     <span class='ocr_line' id='line_1_89' title="bbox 868 2370 1614 2414; baseline 0.007 -12"><span class='ocrx_word' id='word_1_546' title='bbox 868 2371 978 2402; x_wconf 84' lang='lat' dir='ltr'>veniat</span> <span class='ocrx_word' id='word_1_547' title='bbox 1004 2371 1122 2402; x_wconf 68' lang='lat' dir='ltr'>missus</span> <span class='ocrx_word' id='word_1_548' title='bbox 1145 2378 1195 2402; x_wconf 89' lang='lat' dir='ltr'>est</span> <span class='ocrx_word' id='word_1_549' title='bbox 1221 2370 1400 2412; x_wconf 71' lang='lat' dir='ltr'>(trademus,</span> <span class='ocrx_word' id='word_1_550' title='bbox 1428 2378 1463 2404; x_wconf 72' lang='lat' dir='ltr'>ut</span> <span class='ocrx_word' id='word_1_551' title='bbox 1488 2379 1614 2414; x_wconf 74' lang='lat' dir='ltr'>oportet.</span> 
     </span>
     <span class='ocr_line' id='line_1_90' title="bbox 867 2415 1613 2449; baseline 0.005 -4"><span class='ocrx_word' id='word_1_552' title='bbox 867 2415 938 2445; x_wconf 76' lang='lat' dir='ltr'>Jam</span> <span class='ocrx_word' id='word_1_553' title='bbox 960 2425 1155 2446; x_wconf 73' lang='lat' dir='ltr'>nuncservus</span> <span class='ocrx_word' id='word_1_554' title='bbox 1173 2417 1276 2446; x_wconf 65' lang='lat' dir='ltr'>exiens</span> <span class='ocrx_word' id='word_1_555' title='bbox 1299 2417 1384 2447; x_wconf 69' lang='lat' dir='ltr'>dono</span> <span class='ocrx_word' id='word_1_556' title='bbox 1404 2418 1530 2448; x_wconf 71' lang='lat' dir='ltr'>mandat</span> <span class='ocrx_word' id='word_1_557' title='bbox 1543 2429 1613 2449; x_wconf 75' lang='lat' dir='ltr'>eon·</span> 
     </span>
     <span class='ocr_line' id='line_1_91' title="bbox 869 2456 1613 2501; baseline 0.004 -13"><span class='ocrx_word' id='word_1_558' title='bbox 869 2469 962 2494; x_wconf 73' lang='lat' dir='ltr'>servo,</span> <span class='ocrx_word' id='word_1_559' title='bbox 987 2463 1031 2495; x_wconf 78' lang='lat' dir='ltr'>ut,</span> <span class='ocrx_word' id='word_1_560' title='bbox 1054 2459 1083 2488; x_wconf 75' lang='lat' dir='ltr'>ti</span> <span class='ocrx_word' id='word_1_561' title='bbox 1101 2456 1187 2498; x_wconf 82' lang='lat' dir='ltr'>sorte</span> <span class='ocrx_word' id='word_1_562' title='bbox 1213 2463 1332 2499; x_wconf 64' lang='lat' dir='ltr'>querat</span> <span class='ocrx_word' id='word_1_563' title='bbox 1354 2470 1454 2498; x_wconf 71' lang='lat' dir='ltr'>sene-t,</span> <span class='ocrx_word' id='word_1_564' title='bbox 1478 2461 1533 2491; x_wconf 72' lang='lat' dir='ltr'>ubi</span> <span class='ocrx_word' id='word_1_565' title='bbox 1559 2462 1613 2501; x_wconf 73' lang='lat' dir='ltr'>sit,</span> 
     </span>
     <span class='ocr_line' id='line_1_92' title="bbox 869 2502 1613 2541; baseline 0.005 -9"><span class='ocrx_word' id='word_1_566' title='bbox 869 2502 963 2538; x_wconf 72' lang='lat' dir='ltr'>dicat,</span> <span class='ocrx_word' id='word_1_567' title='bbox 978 2512 1010 2532; x_wconf 76' lang='lat' dir='ltr'>se</span> <span class='ocrx_word' id='word_1_568' title='bbox 1024 2502 1067 2532; x_wconf 82' lang='lat' dir='ltr'>ad</span> <span class='ocrx_word' id='word_1_569' title='bbox 1076 2506 1197 2541; x_wconf 64' lang='lat' dir='ltr'>pomum</span> <span class='ocrx_word' id='word_1_570' title='bbox 1212 2503 1408 2540; x_wconf 71' lang='lat' dir='ltr'>descendisse,</span> <span class='ocrx_word' id='word_1_571' title='bbox 1424 2504 1613 2536; x_wconf 60' lang='lat' dir='ltr'>scisciam</span> 
     </span>
     <span class='ocr_line' id='line_1_93' title="bbox 867 2546 1611 2586; baseline 0.005 -11"><span class='ocrx_word' id='word_1_572' title='bbox 867 2546 988 2585; x_wconf 78' lang='lat' dir='ltr'>quando</span> <span class='ocrx_word' id='word_1_573' title='bbox 1007 2546 1133 2585; x_wconf 76' lang='lat' dir='ltr'>Pamph.</span> <span class='ocrx_word' id='word_1_574' title='bbox 1154 2546 1265 2582; x_wconf 78' lang='lat' dir='ltr'>veniat,</span> <span class='ocrx_word' id='word_1_575' title='bbox 1281 2547 1334 2586; x_wconf 76' lang='lat' dir='ltr'>qui</span> <span class='ocrx_word' id='word_1_576' title='bbox 1349 2556 1370 2577; x_wconf 80' lang='lat' dir='ltr'>a</span> <span class='ocrx_word' id='word_1_577' title='bbox 1499 2548 1533 2579; x_wconf 71' lang='lat' dir='ltr'>iu</span> <span class='ocrx_word' id='word_1_578' title='bbox 1549 2548 1611 2583; x_wconf 48' lang='grc' dir='ltr'>[πῆ</span> 
     </span>
     <span class='ocr_line' id='line_1_94' title="bbox 869 2587 1611 2627; baseline 0.007 -9"><span class='ocrx_word' id='word_1_579' title='bbox 869 2589 954 2619; x_wconf 74' lang='lat' dir='ltr'>hrum</span> <span class='ocrx_word' id='word_1_580' title='bbox 968 2590 1076 2619; x_wconf 68' lang='lat' dir='ltr'>missus</span> <span class='ocrx_word' id='word_1_581' title='bbox 1090 2593 1136 2619; x_wconf 77' lang='lat' dir='ltr'>est</span> <span class='ocrx_word' id='word_1_582' title='bbox 1158 2587 1225 2627; x_wconf 89' lang='lat' dir='ltr'><strong>Z.)‚</strong></span> <span class='ocrx_word' id='word_1_583' title='bbox 1252 2594 1290 2618; x_wconf 88' lang='lat' dir='ltr'>ut</span> <span class='ocrx_word' id='word_1_584' title='bbox 1312 2587 1524 2621; x_wconf 84' lang='lat' dir='ltr'>hereditatem</span> <span class='ocrx_word' id='word_1_585' title='bbox 1547 2589 1611 2623; x_wconf 72' lang='lat' dir='ltr'>sibi</span> 
     </span>
     <span class='ocr_line' id='line_1_95' title="bbox 865 2630 1612 2672; baseline 0.005 -10"><span class='ocrx_word' id='word_1_586' title='bbox 865 2630 1011 2662; x_wconf 87' lang='lat' dir='ltr'>relictam</span> <span class='ocrx_word' id='word_1_587' title='bbox 1032 2640 1150 2672; x_wconf 84' lang='lat' dir='ltr'>capere</span> <span class='ocrx_word' id='word_1_588' title='bbox 1163 2637 1276 2672; x_wconf 82' lang='lat' dir='ltr'>posset</span> <span class='ocrx_word' id='word_1_589' title='bbox 1288 2631 1329 2662; x_wconf 86' lang='lat' dir='ltr'>ab</span> <span class='ocrx_word' id='word_1_590' title='bbox 1344 2631 1415 2669; x_wconf 91' lang='lat' dir='ltr'>hoc,</span> <span class='ocrx_word' id='word_1_591' title='bbox 1430 2631 1472 2663; x_wconf 86' lang='lat' dir='ltr'>de</span> <span class='ocrx_word' id='word_1_592' title='bbox 1486 2632 1560 2665; x_wconf 73' lang='lat' dir='ltr'>aliis</span> <span class='ocrx_word' id='word_1_593' title='bbox 1573 2640 1612 2671; x_wconf 78' lang='lat' dir='ltr'>nt</span> 
     </span>
     <span class='ocr_line' id='line_1_96' title="bbox 864 2673 1612 2716; baseline 0.007 -12"><span class='ocrx_word' id='word_1_594' title='bbox 864 2674 935 2705; x_wconf 86' lang='lat' dir='ltr'>sine</span> <span class='ocrx_word' id='word_1_595' title='bbox 958 2673 1029 2715; x_wconf 87' lang='lat' dir='ltr'>ipso</span> <span class='ocrx_word' id='word_1_596' title='bbox 1042 2684 1172 2705; x_wconf 87' lang='lat' dir='ltr'>causam</span> <span class='ocrx_word' id='word_1_597' title='bbox 1194 2674 1277 2705; x_wconf 86' lang='lat' dir='ltr'>hanc</span> <span class='ocrx_word' id='word_1_598' title='bbox 1299 2674 1460 2716; x_wconf 81' lang='lat' dir='ltr'>intelligat</span> <span class='ocrx_word' id='word_1_599' title='bbox 1474 2678 1612 2716; x_wconf 49' lang='lat' dir='ltr'>(possete</span> 
     </span>
     <span class='ocr_line' id='line_1_97' title="bbox 863 2718 1608 2758; baseline 0.007 -11"><span class='ocrx_word' id='word_1_600' title='bbox 863 2719 907 2748; x_wconf 81' lang='lat' dir='ltr'>ad</span> <span class='ocrx_word' id='word_1_601' title='bbox 920 2719 973 2748; x_wconf 81' lang='lat' dir='ltr'>hoc</span> <span class='ocrx_word' id='word_1_602' title='bbox 986 2718 1084 2753; x_wconf 73' lang='lat' dir='ltr'>addit,</span> <span class='ocrx_word' id='word_1_603' title='bbox 1097 2723 1141 2754; x_wconf 77' lang='lat' dir='ltr'>ut,</span> <span class='ocrx_word' id='word_1_604' title='bbox 1151 2719 1211 2748; x_wconf 74' lang='lat' dir='ltr'>nisi</span> <span class='ocrx_word' id='word_1_605' title='bbox 1226 2719 1290 2757; x_wconf 68' lang='lat' dir='ltr'>ipse</span> <span class='ocrx_word' id='word_1_606' title='bbox 1304 2724 1433 2758; x_wconf 71' lang='lat' dir='ltr'>querat,</span> <span class='ocrx_word' id='word_1_607' title='bbox 1447 2720 1522 2751; x_wconf 75' lang='lat' dir='ltr'>aliie</span> <span class='ocrx_word' id='word_1_608' title='bbox 1533 2730 1608 2752; x_wconf 62' lang='lat' dir='ltr'>eau-</span> 
     </span>
     <span class='ocr_line' id='line_1_98' title="bbox 862 2759 1608 2805; baseline 0.007 -15"><span class='ocrx_word' id='word_1_609' title='bbox 862 2771 927 2791; x_wconf 76' lang='lat' dir='ltr'>sam</span> <span class='ocrx_word' id='word_1_610' title='bbox 951 2762 1029 2791; x_wconf 78' lang='lat' dir='ltr'>hanc</span> <span class='ocrx_word' id='word_1_611' title='bbox 1053 2771 1089 2790; x_wconf 78' lang='lat' dir='ltr'>ue</span> <span class='ocrx_word' id='word_1_612' title='bbox 1113 2761 1227 2791; x_wconf 71' lang='lat' dir='ltr'>indicet</span> <span class='ocrx_word' id='word_1_613' title='bbox 1258 2759 1313 2800; x_wconf 91' lang='lat' dir='ltr'>Z.)</span> <span class='ocrx_word' id='word_1_614' title='bbox 1327 2772 1335 2791; x_wconf 89' lang='lat'>:</span> <span class='ocrx_word' id='word_1_615' title='bbox 1361 2761 1397 2792; x_wconf 90' lang='lat' dir='ltr'>Si</span> <span class='ocrx_word' id='word_1_616' title='bbox 1421 2767 1464 2800; x_wconf 83' lang='lat' dir='ltr'>te,</span> <span class='ocrx_word' id='word_1_617' title='bbox 1491 2762 1608 2805; x_wconf 78' lang='lat' dir='ltr'>inquit,</span> 
     </span>
     <span class='ocr_line' id='line_1_99' title="bbox 864 2803 1607 2844; baseline 0.009 -11"><span class='ocrx_word' id='word_1_618' title='bbox 864 2803 972 2841; x_wconf 88' lang='lat' dir='ltr'>(adde,</span> <span class='ocrx_word' id='word_1_619' title='bbox 988 2815 1045 2833; x_wconf 82' lang='lat' dir='ltr'>non</span> <span class='ocrx_word' id='word_1_620' title='bbox 1069 2803 1122 2842; x_wconf 88' lang='lat' dir='ltr'>Z.)</span> <span class='ocrx_word' id='word_1_621' title='bbox 1138 2803 1396 2844; x_wconf 84' lang='lat' dir='ltr'>interrogaverit,</span> <span class='ocrx_word' id='word_1_622' title='bbox 1416 2814 1459 2836; x_wconf 81' lang='lat' dir='ltr'>ne</span> <span class='ocrx_word' id='word_1_623' title='bbox 1474 2805 1607 2840; x_wconf 71' lang='lat' dir='ltr'>dixeris.</span> 
     </span>
     <span class='ocr_line' id='line_1_100' title="bbox 865 2846 1609 2891; baseline 0.008 -15"><span class='ocrx_word' id='word_1_624' title='bbox 865 2846 941 2877; x_wconf 84' lang='lat' dir='ltr'>Huc</span> <span class='ocrx_word' id='word_1_625' title='bbox 970 2846 1049 2885; x_wconf 72' lang='lat' dir='ltr'>(haec</span> <span class='ocrx_word' id='word_1_626' title='bbox 1074 2846 1128 2886; x_wconf 88' lang='grc' dir='ltr'>Ζ.)</span> <span class='ocrx_word' id='word_1_627' title='bbox 1151 2846 1239 2878; x_wconf 88' lang='lat' dir='ltr'>enim</span> <span class='ocrx_word' id='word_1_628' title='bbox 1260 2857 1358 2879; x_wconf 74' lang='lat' dir='ltr'>cama</span> <span class='ocrx_word' id='word_1_629' title='bbox 1378 2857 1453 2880; x_wconf 85' lang='lat' dir='ltr'>cum</span> <span class='ocrx_word' id='word_1_630' title='bbox 1480 2848 1609 2891; x_wconf 71' lang='lat' dir='ltr'>integra</span> 
     </span>
     <span class='ocr_line' id='line_1_101' title="bbox 866 2889 1608 2930; baseline 0.008 -11"><span class='ocrx_word' id='word_1_631' title='bbox 866 2889 972 2926; x_wconf 85' lang='lat' dir='ltr'>fuerit,</span> <span class='ocrx_word' id='word_1_632' title='bbox 985 2889 1070 2930; x_wconf 87' lang='lat' dir='ltr'>quod</span> <span class='ocrx_word' id='word_1_633' title='bbox 1086 2889 1118 2920; x_wconf 86' lang='lat' dir='ltr'>ei</span> <span class='ocrx_word' id='word_1_634' title='bbox 1129 2889 1252 2921; x_wconf 87' lang='lat' dir='ltr'>dictum</span> <span class='ocrx_word' id='word_1_635' title='bbox 1267 2900 1333 2922; x_wconf 87' lang='lat' dir='ltr'>non</span> <span class='ocrx_word' id='word_1_636' title='bbox 1347 2897 1407 2929; x_wconf 71' lang='lat' dir='ltr'>est,</span> <span class='ocrx_word' id='word_1_637' title='bbox 1421 2901 1475 2926; x_wconf 85' lang='lat' dir='ltr'>me</span> <span class='ocrx_word' id='word_1_638' title='bbox 1486 2891 1552 2924; x_wconf 83' lang='lat' dir='ltr'>isse</span> <span class='ocrx_word' id='word_1_639' title='bbox 1565 2893 1608 2927; x_wconf 88' lang='lat' dir='ltr'>ad</span> 
     </span>
     <span class='ocr_line' id='line_1_102' title="bbox 864 2931 1607 3017; baseline 0.008 -55"><span class='ocrx_word' id='word_1_640' title='bbox 864 2939 1004 3017; x_wconf 75' lang='lat' dir='ltr'>portun)1,</span> <span class='ocrx_word' id='word_1_641' title='bbox 1018 2931 1111 3006; x_wconf 60' lang='lat' dir='ltr'>fancile</span> <span class='ocrx_word' id='word_1_642' title='bbox 1125 2932 1189 2964; x_wconf 86' lang='lat' dir='ltr'>alio</span> <span class='ocrx_word' id='word_1_643' title='bbox 1205 2932 1276 2966; x_wconf 82' lang='lat' dir='ltr'>loco</span> <span class='ocrx_word' id='word_1_644' title='bbox 1291 2933 1355 2967; x_wconf 81' lang='lat' dir='ltr'>dici</span> <span class='ocrx_word' id='word_1_645' title='bbox 1370 2943 1503 2977; x_wconf 66' lang='lat' dir='ltr'>ponent</span> <span class='ocrx_word' id='word_1_646' title='bbox 1517 2935 1607 2977; x_wconf 78' lang='lat' dir='ltr'>(pot-</span> 
     </span>
     <span class='ocr_line' id='line_1_103' title="bbox 865 2975 1077 3008; baseline 0 -1"><span class='ocrx_word' id='word_1_647' title='bbox 865 2981 911 3007; x_wconf 76' lang='lat' dir='ltr'>est</span> <span class='ocrx_word' id='word_1_648' title='bbox 933 2975 970 3008; x_wconf 89' lang='lat' dir='ltr'>Z.</span> <span class='ocrx_word' id='word_1_649' title='bbox 989 2999 998 3008; x_wconf 86' lang='grc'><strong>.</strong></span> <span class='ocrx_word' id='word_1_650' title='bbox 1068 2998 1077 3007; x_wconf 88' lang='grc'><strong>.</strong></span> 
     </span>
     <span class='ocr_line' id='line_1_104' title="bbox 1035 3019 1092 3049; baseline 0 0"><span class='ocrx_word' id='word_1_651' title='bbox 1035 3019 1055 3049; x_wconf 85' lang='grc'><strong>3</strong></span> <span class='ocrx_word' id='word_1_652' title='bbox 1072 3027 1092 3049; x_wconf 78' lang='lat' dir='ltr'>t’</span> 
     </span>
    </p>
   </div>
  </div>
 </body>
</html>
