1852 3216
204 110 244 152 iv
766 107 1171 153 PRAEFATIO.

204 209 444 267 denbrogio
469 217 545 254 aut
570 210 664 267 ejus
691 210 1007 254 correctoribus
1036 210 1248 268 neglecta,
1280 216 1552 262 servaretur;
1593 208 1740 253 ortho-

204 278 400 337 graphioe
430 279 617 337 denique
646 280 854 323 rationem
885 294 981 323 cum
1010 281 1054 323 in
1084 279 1261 337 singulis
1296 280 1463 332 litteris,
1494 279 1626 322 veluti
1660 284 1741 330 set,

206 354 329 406 aput,
351 348 578 399 accersivi,
600 354 683 392 etc.
711 356 801 391 tum
821 348 864 391 in
884 349 1265 405 compositionibus
1285 350 1528 400 verborum,
1545 348 1621 391 ubi
1642 347 1747 390 Lin-

207 417 494 474 denbrogium
533 416 726 474 aliosque
764 416 998 460 fluctuasse
1038 418 1250 468 videbam,
1290 416 1566 468 stabiliorem,
1602 424 1647 459 et
1683 416 1745 458 rei

207 493 375 528 naturae
413 485 668 543 Graecaeque
699 485 857 542 linguae
891 485 1098 542 analogiae
1132 486 1519 529 convenientiorem
1558 484 1743 528 reddere

210 569 304 597 sum
324 561 518 606 conatus,
539 555 648 597 adeo
669 561 717 597 ut
737 569 776 596 v,
798 568 836 597 c.
858 567 940 610 pro
961 554 1151 596 inridere
1170 568 1423 610 reponerem
1444 554 1644 604 irridere,
1662 559 1743 595 etc.

211 622 288 665 sed
320 622 447 665 salvis
477 622 741 674 archaismis,
772 637 880 678 quos
911 621 1103 678 profanis
1143 622 1341 664 manibus
1376 622 1589 678 attingere
1624 621 1745 663 nefas

209 692 441 748 putabam;
473 699 603 747 atque
624 692 793 733 omnino
814 705 980 732 omnem
1000 705 1147 732 curam
1173 689 1520 745 diligentiamque
1550 689 1746 739 adhibui,

209 774 264 802 ne
294 759 388 802 haec
417 760 550 802 editio
574 766 936 815 conspurcaretur
958 759 1085 809 vitiis,
1108 773 1205 814 quae
1225 773 1304 814 per
1328 758 1526 814 vulgares
1546 758 1745 800 mercede

210 835 255 871 et
284 827 437 870 lucello
467 827 557 870 fere
587 842 721 883 parvo
741 827 978 870 conductos
1000 834 1282 877 correctores,
1303 826 1379 869 ubi
1399 826 1509 868 fides
1532 826 1746 882 quaedam,

211 911 310 953 quae
329 896 561 953 requiritur
579 903 624 938 et
645 895 881 951 diligentia,
910 909 964 937 ne
993 895 1099 951 quid
1129 895 1303 951 gravius
1333 895 1487 946 dicam,
1516 894 1748 937 admodum

211 979 308 1007 rara
328 963 683 1021 deprehenditur,
704 963 921 1006 interdum
940 963 1277 1015 committuntur,
1299 970 1344 1006 et
1364 963 1477 1006 adeo
1496 963 1632 1006 virtus
1657 963 1749 1006 edi-

211 1033 390 1085 tionum,
416 1047 545 1089 quam
573 1033 753 1088 primam
775 1032 942 1088 judico,
974 1030 1151 1075 tollitur.
1211 1031 1439 1074 Hactenus
1468 1031 1524 1074 de
1554 1031 1621 1083 iis,
1650 1046 1749 1087 quae

212 1101 304 1144 fere
333 1101 474 1143 omnia
503 1116 590 1143 non
619 1101 700 1143 nisi
728 1100 785 1143 ad
815 1100 1115 1156 repetitionem
1134 1099 1529 1156 Lindenbrogianae
1548 1100 1749 1143 editionis

212 1170 445 1226 pertinent.
506 1168 786 1225 Explicemus
816 1183 930 1212 nunc
959 1168 1181 1225 deinceps,
1209 1184 1310 1225 quae
1338 1177 1542 1225 tanquam
1561 1183 1672 1211 nova
1690 1168 1750 1211 illi

212 1245 502 1281 accesserunt.
562 1236 779 1280 Faernum
806 1237 981 1293 quidem
1010 1236 1125 1288 olim,
1147 1244 1192 1280 et
1210 1245 1364 1294 postea
1383 1237 1630 1280 Bentleium
1648 1251 1748 1280 cum

211 1305 517 1349 intellexissem
535 1304 711 1349 multam
729 1305 995 1348 Terentiano
1012 1306 1150 1348 textui
1165 1306 1436 1348 emendando
1454 1312 1500 1349 et
1519 1304 1750 1349 lectionum

212 1374 469 1418 auctoritate
488 1374 783 1418 confirmando
798 1388 975 1430 operam
990 1373 1188 1426 dedisse3
1219 1375 1276 1417 ab
1295 1389 1378 1417 usu
1398 1373 1529 1431 hujus
1549 1374 1750 1417 editionis

213 1443 377 1495 critico,
398 1443 638 1500 praesertim
657 1458 755 1486 cum
776 1442 922 1485 multoe
944 1442 1255 1499 Lindenbrogii
1274 1451 1390 1486 notae
1413 1442 1598 1486 eundem
1629 1457 1751 1499 spec-

214 1519 321 1563 tent,
344 1527 430 1555 non
449 1510 634 1555 alienum
654 1512 775 1562 duxi,
796 1512 958 1567 ubique
978 1512 1203 1568 utriusque
1225 1512 1302 1554 viri
1323 1512 1578 1554 sententiam
1597 1511 1751 1566 adjun-

213 1595 317 1637 gere
338 1598 349 1632 ;
403 1580 496 1632 sed,
527 1595 583 1623 ne
612 1579 722 1623 liber
749 1580 1044 1637 magnitudine
1064 1588 1109 1623 et
1129 1579 1389 1623 scholiorum
1408 1580 1524 1623 nube
1543 1579 1750 1622 molestus

213 1649 462 1701 lectoribus,
482 1656 527 1693 et
546 1648 658 1691 forte
677 1649 819 1705 pretio
837 1649 1074 1691 emtoribus
1097 1649 1391 1692 incommodus
1420 1649 1643 1700 existeret,
1668 1648 1751 1691 hoc

204 1724 553 1774 ‘temperamento
583 1732 678 1760 sum
708 1732 829 1768 usus,
850 1724 899 1759 ut
929 1716 1020 1760 fere
1048 1718 1192 1760 verbis
1222 1718 1342 1769 meis,
1366 1718 1422 1760 ad
1448 1732 1539 1760 rem
1561 1717 1750 1769 brevius,

214 1785 332 1828 salva
361 1786 686 1843 perspicuitate,
714 1785 1054 1841 significandam,
1082 1786 1308 1841 utriusque
1329 1786 1407 1828 viri
1434 1786 1687 1829 sententiam
1708 1786 1752 1828 in

213 1855 516 1911 compendium
535 1854 791 1910 redigerem,
808 1861 854 1897 et
874 1854 948 1896 uni
967 1854 1126 1897 nomini
1146 1855 1379 1897 tribuerem
1399 1853 1610 1905 Bentleii3
1641 1854 1752 1897 adeo

213 1931 263 1967 ut
292 1924 417 1980 copia
446 1922 636 1966 locorum
665 1923 836 1974 omissa,
857 1929 902 1965 et
929 1923 1159 1967 verborum
1180 1922 1544 1980 formularumque
1562 1923 1753 1979 ambagi-

215 1993 298 2035 bus
322 1991 545 2042 detractis,
569 1997 614 2033 et
638 1990 802 2034 crebris
822 1990 1018 2047 ejusdem
1037 1992 1101 2034 rei
1120 1992 1449 2048 repetitionibus
1468 1992 1625 2043 vitatis,
1647 1990 1751 2034 nihil

216 2061 297 2103 nisi
327 2060 552 2103 sententiae
586 2067 1037 2116 argumentorumque,
1069 2061 1157 2103 sive
1187 2076 1214 2103 a
1243 2061 1440 2104 codicum
1477 2061 1750 2111 auctoritate,

217 2129 305 2172 sive
326 2129 451 2172 metri
472 2127 657 2184 legibus,
675 2128 763 2171 sive
780 2126 985 2184 loquendi
1004 2143 1102 2181 usu,
1120 2137 1165 2172 et
1179 2128 1392 2186 elegantia
1412 2129 1619 2172 sermonis
1639 2144 1752 2171 sum·

215 2204 372 2249 torum,
395 2212 601 2240 summam
622 2197 901 2254 spectandam
925 2199 1276 2254 sequentiamque
1297 2197 1400 2240 mihi
1418 2212 1516 2241 esse
1534 2198 1753 2240 existima-

217 2280 322 2309 rem.
382 2266 482 2309 Etsi
510 2266 642 2322 igitur
672 2281 758 2309 non
787 2266 1045 2322 negaverim,
1078 2265 1323 2309 Bentleium
1351 2281 1448 2310 cum
1474 2265 1579 2309 alias
1601 2274 1690 2308 tum
1709 2266 1751 2308 in
1797 2270 1799 2273 ’

217 2334 427 2378 Terentio
446 2334 703 2390 corrigendo
722 2334 939 2377 interdum
960 2333 1091 2390 paulo
1109 2335 1382 2378 audaciorem
1401 2334 1552 2386 videri,
1572 2334 1684 2378 adeo
1706 2342 1754 2377 ut

218 2418 523 2460 nonnunquam
543 2403 615 2445 vix
634 2401 738 2445 mihi
756 2409 1054 2459 temperarem,
1075 2404 1179 2459 quin
1200 2403 1497 2447 contradicere
1517 2403 1723 2446 auderem
1740 2420 1750 2445 ε

218 2486 316 2514 cum
337 2479 479 2515 tamen
498 2470 568 2514 ille
590 2478 636 2514 et
658 2485 814 2526 magna
841 2471 966 2527 copia
996 2470 1200 2515 librorum
1231 2472 1488 2529 scriptorum
1517 2486 1752 2528 eorumque

219 2540 626 2596 antiquissimorum,
645 2538 804 2595 quibus
833 2538 1034 2595 Angliam
1055 2540 1097 2582 in
1120 2541 1234 2583 omni
1253 2555 1411 2598 genere
1430 2540 1653 2583 abundare
1673 2541 1755 2583 du-

220 2608 323 2651 dum
353 2608 464 2651 inter
493 2622 640 2651 omnes
670 2614 854 2657 constat,
876 2607 1005 2651 suerit
1032 2609 1283 2660 instructus,
1305 2617 1351 2653 et
1369 2610 1474 2667 ipsis
1494 2608 1649 2652 Faerni
1669 2608 1754 2652 lec-

220 2676 407 2719 tionibus
437 2676 554 2719 haud
585 2675 908 2720 contemnendis
938 2676 1113 2720 mirifice
1143 2677 1336 2734 adjutus,
1356 2686 1401 2722 et
1428 2686 1639 2735 praeterea
1660 2677 1753 2734 ipse

219 2745 392 2801 ingenio
416 2745 660 2787 acutissimo
678 2744 1080 2801 elegantissimoque
1101 2754 1294 2797 ornatus,
1315 2761 1402 2789 non
1428 2747 1642 2803 ingratum
1670 2744 1754 2788 lec-

219 2815 304 2858 tori
333 2814 463 2857 docto
491 2829 558 2857 me
588 2813 742 2857 fecisse
772 2828 915 2871 spero,
941 2814 1058 2870 quod
1080 2813 1173 2857 illas
1194 2816 1465 2872 conjecturas
1485 2824 1530 2859 et
1549 2815 1753 2859 lectiones

209 2866 293 2926 'hic
310 2881 603 2933 exhibuerim,
634 2882 875 2939 praesertim
894 2897 991 2926 cum
1010 2897 1107 2926 eam
1126 2883 1378 2927 brevitatem
1403 2884 1564 2941 ubique
1589 2891 1756 2940 specta·

219 2964 326 3003 rem,
356 2964 443 3007 qua
472 2950 528 2993 ad
558 2965 763 2994 summam
791 2951 855 2995 rei
882 2931 1225 3008 cognoscendam
1254 2950 1489 2996 lectoribus
1522 2966 1606 2995 non
1641 2964 1752 3008 opus
