1852 3216
89 141 227 172 semu
249 130 300 187 1.]

681 128 996 172 HECYRA.

1525 129 1611 172 499

143 219 356 270 Pavitare,
378 220 523 262 'nescio
542 219 662 275 quid,
685 219 913 262 dixerunt:
946 219 991 261 id
1012 219 1047 260 si
1068 217 1180 262 forte
1198 225 1279 270 est,
1301 216 1458 261 nescio.

145 285 262 327 ΡΛΜ.
286 284 457 328 Interii!
481 299 558 327 cur
574 284 678 334 mihi
697 284 741 327 id
761 299 846 327 non
867 285 1020 327 dixti?
1046 284 1293 333 PAmQuia
1310 299 1396 328 non
1415 291 1609 341 poteram

230 365 315 392 una
335 351 487 392 omnia.

144 416 260 458 PAM.
285 415 405 463 Quid
434 416 571 458 morbi
591 418 687 458 est?
738 415 851 458 PAR.
875 415 1050 458 Nescio.
1103 415 1221 469 PAM.
1246 415 1398 470 Quid?
1428 430 1606 458 nemone

227 482 436 524 medicum
458 482 669 524 adduxit?
715 472 832 524 PAR.
855 481 1031 524 Nescio.

144 547 261 589 PAM.
285 547 420 590 Cesso
436 547 534 589 hinc
554 549 615 589 ire
637 549 764 598 intro,
784 554 833 589 ut
852 547 935 590 hoc
955 548 1280 603 quamprimum,
1302 547 1506 604 quicquid
1525 554 1606 599 est,

228 622 346 656 certo
368 614 497 655 sciam
513 615 530 655 ἲ

86 688 126 717 45
144 679 343 728 Quonam
364 679 505 729 modo,
529 678 780 721 Philumena
799 693 907 729 mea,
929 694 1042 721 nunc
1062 686 1104 721 te
1125 678 1340 721 offendam
1360 679 1587 722 affectam?

142 745 258 787 Nam
289 746 324 787 si
353 744 589 800 periculum
618 744 749 786 ullum
778 744 821 786 in
851 753 893 786 te
923 745 1048 795 inest,
1080 746 1259 801 periisse
1289 760 1355 787 me
1383 760 1471 787 una
1489 745 1608 787 haud

229 811 406 852 dubium
427 817 506 851 est.

93 873 97 876 ⁴
142 876 255 918 PAR.
280 875 382 918 Non
402 890 507 916 usus
528 875 642 916 facto
662 881 729 916 est
748 874 851 916 mihi
876 890 988 917 nunc
1009 875 1123 917 hunc
1143 877 1255 918 intro
1277 877 1420 932 sequi:

141 941 257 983 Nam
278 941 434 982 invisos
456 940 590 982 omnis
609 955 687 981 nos
707 954 803 982 esse
823 939 903 982 illis
926 941 1077 982 sentio.

90 1005 94 1007 ’
141 1006 254 1048 Heri
273 1021 396 1048 nemo
416 1005 548 1047 voluit
569 1005 807 1047 Sostratam
826 1005 938 1047 intro
959 1006 1198 1048 admittere.

84 1079 125 1110 50
142 1072 189 1113 Si
209 1071 319 1113 forte
340 1071 514 1113 morbus
534 1069 714 1126 amplior
733 1070 872 1113 factus
894 1071 988 1122 siet,

141 1139 274 1187 Quod
295 1153 397 1180 sane
418 1137 561 1188 nolim,
582 1152 780 1180 maxume
799 1136 893 1179 heri
912 1152 1042 1179 causa
1060 1139 1141 1180 mei
1157 1155 1166 1179 ε

140 1205 316 1247 Servom
336 1203 432 1246 ilico
452 1204 650 1246 introisse
671 1204 815 1246 dicent
836 1203 1067 1254 Sostratae;

138 1268 317 1325 Aliquid
339 1268 488 1311 tulisse
508 1269 880 1311 comminiscentur
899 1268 1011 1319 mali,

81 1369 189 1399 celant.
212 1370 337 1399 Uxorem
347 1368 554 1398 Philumenam
576 1366 731 1408 pavitare]
749 1366 823 1398 vid.

83 1411 214 1442 Servius
229 1411 262 1441 in
277 1410 406 1441 AEneid.
420 1410 440 1441 i.
457 1420 521 1441 ver.
536 1411 586 1442 92.
602 1409 824 1450 solvuntursri-

79 1466 152 1494 gare
183 1456 321 1485 membra.
355 1453 551 1484 L.·-—-Nostri
581 1463 692 1484 omnes
716 1455 824 1491 celant,

81 1504 198 1539 praeter
214 1508 324 1533 unum,
341 1497 396 1528 ubi
412 1503 461 1528 est
475 1499 561 1528 celat.
594 1497 632 1527 B.

84 1568 88 1572 .
124 1542 175 1571 41.
196 1542 322 1571 Uxorem
335 1542 542 1571 Philumenam
555 1539 711 1580 pavitare]
731 1539 823 1570 Pavi-

82 1589 148 1615 tare
163 1584 208 1624 τῷ
224 1585 435 1623 ἐξουθενισμῷ.
460 1585 605 1614 Pavitare
619 1585 718 1614 nescio
731 1582 822 1623 quid]

81 1629 196 1658 Pavere
223 1634 255 1658 et
282 1630 396 1664 timere,
424 1632 457 1657 et
486 1627 527 1658 ad
555 1626 698 1668 corporis
725 1633 758 1656 et
782 1627 824 1657 ad

81 1670 181 1701 animi
197 1670 471 1712 perturbationem
488 1676 613 1700 veteres
633 1669 822 1700 referebant.

82 1714 216 1744 Plautus
231 1713 265 1744 in
281 1713 395 1744 Bacch.
409 1713 429 1744 i.
444 1714 470 1744 1.
487 1714 536 1746 73.
554 1715 635 1744 Nam
651 1718 682 1744 et
695 1724 732 1743 ea·
747 1715 825 1743 mari

82 1759 189 1787 timida
205 1767 270 1787 ecce
290 1768 343 1797 ego
354 1758 504 1796 pavitare,
520 1762 678 1797 aegrotare,
694 1758 765 1796 quia
779 1758 824 1786 sie

81 1802 241 1836 horruisse,
256 1811 292 1830 ac
308 1801 462 1839 palpitare
477 1802 559 1830 venis
575 1799 692 1840 (Paulo
708 1798 822 1830 melius

81 1843 181 1874 West.
207 1842 317 1879 edidit,
343 1844 424 1873 Nam
448 1848 482 1873 ut
510 1844 543 1872 in
569 1844 647 1873 mari
672 1847 756 1873 vecta
781 1853 822 1879 es,

80 1889 176 1923 credo,
188 1888 294 1917 timida
308 1897 348 1917 es.
374 1886 470 1926 Ergo,
483 1887 632 1926 pavitare,
648 1892 820 1926 aegrotare:

79 1930 155 1970 quia
170 1929 215 1961 sic
231 1929 393 1960 horruisse
411 1929 478 1960 visa
492 1939 528 1959 ac
549 1928 707 1970 palpitare
722 1928 822 1959 venis.

81 1973 158 2014 Leg.
175 1975 246 2013 quia
263 1976 308 2003 sic
329 1974 448 2003 horrere
463 1977 508 2004 est
523 1974 587 2003 visa
602 1983 638 2002 ac
657 1974 822 2012 palpitare,

79 2022 238 2056 antequam
257 2018 381 2047 venires.
415 2016 481 2055 Z.).
523 2016 564 2046 D.

122 2061 173 2090 42.
194 2061 274 2093 Quia
286 2071 342 2090 non
355 2064 489 2098 poteram
505 2070 564 2090 una
579 2057 694 2099 omnia]
713 2058 824 2096 Deest,

80 2104 188 2134 dicere.
221 2105 300 2136 Quia
315 2114 371 2133 non
385 2108 519 2142 poteram
535 2114 595 2133 una
610 2101 724 2142 omnia]
741 2102 823 2132 Cum

80 2146 244 2177 stomacho
253 2145 492 2188 pronunciavit:
507 2152 539 2176 et
550 2145 649 2181 deest,
660 2147 767 2176 dicere.
781 2145 824 2175 D.

80 2189 212 2231 —Lege
235 2200 275 2220 ex
300 2188 419 2220 nostris
441 2189 507 2220 fere
529 2188 686 2226 omnibus,
704 2189 823 2225 Interii,

80 2243 135 2264 cur
149 2235 183 2264 id
197 2235 269 2263 mihi
286 2244 340 2264 non
357 2233 458 2263 disti?
492 2232 528 2262 B.

123 2277 174 2307 43.
192 2278 323 2307 Nemone
339 2277 483 2306 medicum
497 2277 624 2306 adduxit
634 2274 668 2316 ?]
693 2274 824 2306 Scilicet

80 2329 122 2350 ex
137 2329 200 2360 quo
216 2319 298 2350 scire
313 2329 432 2360 posses.
468 2318 595 2359 Nescio]
614 2318 823 2349 Perturbatus

81 2362 240 2393 Parmeno
264 2362 349 2393 idem
372 2362 491 2404 repetit
516 2362 667 2393 verbum:
693 2368 726 2392 et
749 2371 820 2392 ver-

82 2405 158 2436 bum
185 2412 295 2447 aptum
326 2413 376 2436 est
404 2415 551 2446 personae
580 2404 698 2436 servili.
737 2404 824 2435 D.—

81 2448 193 2479 Nostri
218 2458 291 2479 cum
310 2448 425 2479 Faerni
450 2448 580 2490 optimis
600 2447 691 2479 libris
712 2447 824 2489 legunt

80 2493 202 2522 nemon’.
236 2491 274 2522 B.

123 2535 174 2564 44.
194 2535 281 2565 Cesso
295 2536 364 2565 hinc
385 2537 430 2565 ire
449 2533 545 2575 intro]
573 2534 612 2565 In
636 2534 726 2565 vultu
741 2533 822 2574 (cul-

82 2582 143 2608 tum
162 2577 224 2608 Ms.
244 2576 305 2616 Η.)
321 2576 533 2618 proloquium.
559 2577 611 2608 Sic
627 2585 732 2608 autem
745 2577 824 2608 dicit

78 2629 185 2662 poeta,
202 2626 239 2650 ut
260 2630 389 2660 gravem
413 2622 559 2651 morbum
581 2621 615 2651 in
638 2631 737 2651 uxore
753 2630 822 2651 sus-

79 2670 213 2705 pectans
234 2663 376 2699 maritus,
398 2663 546 2704 protinus
566 2663 776 2703 ingrediatur,
793 2669 825 2694 et

79 2714 206 2748 partum
220 2706 413 2747 improvisus
423 2705 570 2737 offendat.
590 2706 741 2737 D.—Pro
754 2706 824 2737 vul-

77 2749 148 2791 gari
177 2755 289 2780 certum
313 2756 400 2780 recte
425 2749 535 2779 Bemb.
562 2755 594 2780 et
617 2748 822 2780 Victorianus

80 2793 200 2824 habent
215 2798 303 2823 certo.
334 2792 370 2823 B.

122 2837 174 2867 45.
203 2838 335 2870 Quonam
363 2837 455 2872 modo,
484 2833 689 2875 Philumenen]
721 2835 821 2866 Ama-

79 2879 161 2911 toria
176 2878 370 2919 ἆποστροφή.
402 2878 455 2908 Sic
467 2877 501 2908 in
515 2878 718 2914 Phormione,
738 2880 824 2912 Quod

79 2925 106 2954 εἰ
130 2934 163 2954 eo
186 2933 258 2953 meoe
275 2920 411 2962 fortuna!
433 2924 568 2958 redeunt,
586 2922 745 2959 Phanium,
768 2923 823 2952 abs

79 2971 108 2996 te
126 2971 158 2997 ut
173 2968 338 3004 distrahar,
357 2966 440 2996 mella
456 2970 500 2996 est
517 2966 589 2996 milti
605 2966 668 2996 vita
680 2969 820 3005 expeten-

868 1369 917 1398 da.
932 1368 1086 1407 Offendam
1094 1367 1248 1408 affectam]
1265 1368 1404 1406 Lassam,
1413 1380 1608 1411 possessam-

868 1420 930 1451 que
946 1411 1056 1441 morbo
1072 1411 1112 1442 ab
1127 1421 1165 1442 eo
1180 1411 1265 1452 quod
1280 1418 1330 1443 est
1343 1414 1422 1451 affici
1432 1427 1442 1444 .·
1459 1414 1544 1445 unde
1559 1413 1609 1454 af-

859 1453 963 1494 fectus
973 1453 1133 1491 dicuntur,
1146 1461 1278 1496 propter
1290 1466 1368 1496 quos
1378 1456 1542 1488 afficimur.
1566 1458 1608 1489 D.

912 1498 962 1527 46.
980 1498 1062 1528 Nam
1076 1499 1104 1528 si
1121 1500 1288 1537 periculum
1303 1500 1396 1529 ullum
1417 1502 1449 1531 in
1466 1505 1494 1531 te
1513 1500 1608 1542 inest]

869 1539 1011 1571 Multum
1034 1540 1126 1576 dixit,
1150 1541 1185 1571 Si
1208 1541 1241 1572 in
1263 1548 1294 1572 te
1315 1542 1493 1582 periculum
1516 1544 1611 1582 inest,

867 1594 918 1614 me
935 1583 1069 1624 periisse
1085 1594 1150 1614 non
1166 1584 1294 1615 dubito:
1321 1591 1429 1617 tantus
1442 1593 1549 1618 autem
1564 1587 1611 1618 af-

867 1626 968 1657 fectus
985 1637 1048 1658 non
1065 1633 1114 1658 est
1134 1627 1242 1658 mariti
1265 1635 1399 1667 tantum,
1415 1630 1472 1661 sed
1487 1636 1609 1661 amato-

866 1669 911 1701 ris
927 1680 1060 1711 quoque.
1089 1672 1170 1701 Nam
1185 1674 1212 1701 si
1222 1673 1390 1712 periculum
1405 1672 1515 1714 ullum]
1534 1674 1610 1706 Non

866 1713 1016 1754 permisit
1037 1724 1126 1744 amor
1151 1714 1257 1745 dicere
1281 1715 1479 1747 Perituram:
1503 1717 1561 1748 sed
1582 1719 1611 1748 si

863 1758 1039 1796 perieulum.
1073 1757 1212 1788 D.—Ex
1229 1758 1331 1789 Vatic.
1348 1766 1381 1790 et
1398 1759 1524 1791 Basilio.
1538 1760 1610 1802 lege

860 1802 1028 1839 periclum:
1045 1806 1140 1840 atque
1153 1800 1248 1832 lectio
1266 1801 1414 1833 Bembini
1431 1805 1461 1834 in
1474 1809 1502 1834 te
1517 1805 1611 1835 ullum

866 1845 943 1873 inest
958 1843 1059 1874 multo
1074 1843 1261 1875 concinnior
1277 1844 1410 1876 videtur.
1444 1846 1481 1877 Β.

909 1885 960 1919 47.
978 1887 1047 1917 Non
1063 1885 1227 1926 ususfacto
1241 1893 1286 1918 est
1301 1888 1391 1929 mihi]
1408 1889 1492 1920 Vide
1507 1889 1610 1922 artifi-

866 1939 936 1959 cem
953 1929 1151 1967 Terentium,
1170 1930 1435 1970 quemadmodum
1452 1932 1531 1964 alias
1552 1943 1612 1974 per

867 1972 1081 2014 Pamphilum,
1108 1973 1187 2004 alias
1216 1983 1275 2014 per
1301 1973 1407 2015 ipsum
1434 1975 1609 2008 Parmeno·

867 2026 941 2046 nem
964 2015 1100 2052 invenit,
1116 2017 1383 2057 quemadmodum
1407 2019 1569 2051 nesciatur
1589 2030 1610 2051 a

867 2058 1002 2094 caeteris,
1027 2058 1185 2100 virginem
1211 2066 1286 2091 ante
1316 2060 1446 2102 nuptias
1471 2063 1512 2093 ab
1536 2062 1609 2104 ipso

869 2101 1038 2143 Pamphilo
1053 2102 1197 2133 vitiatam
1214 2113 1296 2134 esse.
1334 2105 1404 2135 Non
1419 2116 1490 2137 usus
1501 2104 1607 2147 facto]

868 2145 943 2176 Non
961 2144 1048 2176 utile.
1072 2147 1166 2177 Facto
1181 2146 1330 2178 abundat.
1362 2147 1403 2178 D.

911 2190 962 2219 48.
978 2190 1060 2219 Nam
1083 2191 1192 2220 invisos
1206 2201 1304 2221 omnes
1318 2202 1370 2222 nos
1383 2202 1446 2223 esse
1461 2193 1525 2223 illis
1538 2203 1606 2224 sen-

868 2231 927 2272 tio]
945 2232 1050 2262 Acute
1066 2232 1222 2272 ejusmodi
1237 2243 1366 2265 causam
1388 2235 1518 2277 reperit,
1537 2246 1608 2276 quae

866 2275 917 2306 vel
932 2274 1095 2306 hominem
1116 2275 1277 2307 curiosum
1299 2277 1495 2310 contineret:
1520 2289 1607 2319 quae·

866 2328 927 2358 que
958 2328 1022 2349 non
1050 2319 1283 2350 Parmenonem
1314 2321 1419 2358 modo,
1445 2321 1502 2353 sed
1531 2332 1609 2355 mox

866 2361 962 2393 etiam
978 2361 1154 2393 Sostratam
1166 2368 1274 2394 arceat
1287 2363 1328 2394 ab
1342 2363 1498 2405 ingressu.
1528 2365 1570 2397 D.

909 2405 960 2435 49.
984 2406 1064 2436 Heri
1085 2417 1167 2437 nemo
1188 2408 1280 2437 voluit
1301 2407 1484 2449 Sostratam]
1506 2408 1607 2444 Quasi

866 2447 950 2479 alius
971 2447 1100 2485 dixerit,
1123 2450 1208 2480 Unde
1228 2451 1374 2490 intelligis
1386 2453 1402 2481 ?
1428 2452 1508 2483 Heri
1524 2463 1607 2484 nemo

867 2493 960 2523 voluit
976 2491 1160 2532 Sostratam]
1179 2493 1414 2533 Argumentum
1431 2494 1506 2526 odii.
1541 2495 1587 2527 D.-

911 2536 963 2565 51.
981 2536 1122 2566 Maxume
1137 2537 1203 2566 heri
1218 2547 1309 2566 eausa
1323 2536 1397 2577 mei]
1415 2537 1504 2569 Beue
1519 2549 1604 2570 max-

866 2589 932 2609 ume
946 2590 956 2608 .·
987 2577 1042 2618 qui
1065 2584 1098 2609 et
1119 2585 1250 2620 propter
1272 2578 1385 2620 ipsam,
1401 2580 1452 2611 vel
1473 2588 1606 2624 propter

866 2620 1022 2652 invidiam
1038 2631 1147 2653 socrus
1163 2632 1228 2652 non
1243 2621 1322 2653 velit
1337 2623 1407 2654 fieri
1426 2624 1606 2665 graviorem

867 2664 1023 2695 morbum.
1056 2664 1097 2695 D.

911 2708 962 2738 52.
986 2709 1109 2738 Servum
1129 2710 1198 2739 ilico
1217 2709 1372 2751 introisse]
1391 2710 1476 2742 Mire
1491 2718 1528 2743 ut
1540 2712 1604 2744 cri-

865 2750 1030 2786 minosius,
1053 2750 1328 2792 suspiciosumque
1350 2753 1412 2784 sit:
1449 2764 1514 2786 non
1537 2755 1601 2787 La-

866 2793 968 2824 chetis
979 2800 1035 2824 aut
1047 2793 1207 2835 Pamphili
1219 2805 1356 2832 servum,
1367 2797 1423 2828 sed
1435 2797 1603 2831 Sostratae:

866 2846 925 2867 nec
943 2836 1175 2867 Parmenonem
1192 2837 1314 2870 saltem.
1340 2839 1490 2873 D.—-Pro
1505 2844 1600 2874 intro-

866 2881 923 2909 isse
938 2878 1042 2910 scribe
1058 2881 1217 2912 introiisse.
1250 2882 1288 2912 B.

908 2923 959 2953 53.
985 2923 1265 2966 Commium-entur]
1288 2925 1416 2966 Dicent,
1430 2938 1503 2960 cum
1523 2939 1600 2961 con-

866 2964 1028 2998 finxerint.
1061 2965 1100 2998 D.
