1852 3216
116 130 255 159 semu
277 115 327 172 1.]

408 113 1352 159 HEAUTONTIMORUMENOS.

1556 115 1642 158 279

169 206 285 250 Nam
306 213 350 248 et
368 206 656 262 cognoscendi
677 212 722 248 et
740 205 990 262 ignoscendi
1010 205 1184 248 dabitur
1203 205 1390 261 peccatis
1411 203 1555 256 locus;

169 272 272 315 Non
294 279 342 314 ut
360 287 496 322 meus,
517 272 591 327 qui
610 271 713 313 mihi
731 285 810 327 per
829 270 957 314 alium
977 273 1166 314 ostendit
1186 286 1305 313 suam
1325 272 1592 313 sententiam.

171 337 310 380 Perii!
341 338 377 379 is
393 337 510 388 mihi,
526 338 600 379 ubi
618 337 783 380 adbibit
798 335 896 393 plus
913 337 1057 394 paulo,
1074 353 1151 380 sua
1164 352 1262 393 quae
1275 344 1420 379 narrat
1433 337 1643 379 facinora!

170 402 301 458 Nunc
322 404 395 454 ait,
417 403 653 459 periculum
673 418 729 445 ex
749 402 841 445 aliis
864 403 1007 454 facito,
1030 404 1107 445 tibi
1128 403 1246 458 quod
1266 418 1322 445 ex
1342 417 1423 444 usu
1444 403 1538 445 siet.

116 477 156 507 10
170 469 382 511 Astutus:
415 484 482 510 nae
502 467 571 511 ille
591 468 709 511 haud
731 469 825 519 scit,
847 484 975 525 quam
1001 468 1103 511 mihi
1129 483 1242 511 nunc
1259 468 1392 511 surdo
1414 475 1560 510 narret
1583 468 1645 511 fa-

255 534 414 576 bulam.

170 598 315 655 Magis
326 614 438 641 nunc
446 614 513 641 me
523 600 668 642 amicae
677 599 792 642 dicta
807 600 1035 651 stimulant,
1049 600 1121 643 Da
1134 600 1251 651 mihi,
1263 608 1392 656 atque
1402 599 1510 642 affer
1520 600 1623 643 mihi
1634 617 1644 643 :

170 665 252 707 Cui
272 666 377 722 quid
403 662 702 721 respondeam,
724 665 830 707 nihil
859 666 999 708 habeo
1014 684 1024 716 ς
1055 681 1195 722 neque
1225 681 1292 708 me
1323 666 1549 722 quisquam
1578 673 1646 709 est

256 732 463 774 miserior.

170 797 286 839 Nam
306 797 375 840 hic
398 796 549 847 Clinia,
567 797 648 838 etsi
667 798 702 838 is
723 812 895 853 quoque
915 812 1087 839 suarum
1107 812 1251 839 rerum
1270 797 1440 853 satagit,
1458 804 1646 840 attamen

170 862 322 905 Habet
340 863 449 904 bene
470 877 519 904 ac
537 862 694 918 pudice
714 862 928 913 eductam,
951 863 1140 918 ignaram
1160 863 1263 904 artis
1283 863 1549 906 meretriciae.

116 937 154 967 15
171 928 329 971 Mea’st
348 935 517 984 potens,
538 942 715 983 procem,
736 927 977 983 magnifica,
1000 935 1234 978 sumtuosa,
1255 926 1424 970 nobilis.

113 1056 199 1087 filius
213 1054 388 1096 contingat.
409 1056 510 1086 Facili
520 1065 565 1085 me
576 1059 680 1085 utetur
689 1053 795 1095 patre]
816 1054 856 1086 Id

113 1106 172 1136 est,
180 1098 273 1130 valde
282 1109 334 1129 me
346 1104 456 1129 utetur
464 1098 549 1129 bono
558 1104 591 1128 et
602 1097 688 1128 facili
699 1104 800 1139 patre.
816 1098 855 1130 E.

154 1143 184 1173 6.
209 1143 410 1183 Cognoscendi
420 1146 451 1172 et
465 1140 654 1182 ignoscendi]
673 1141 726 1172 Ex
741 1141 857 1173 affectu

112 1195 224 1217 eorum
246 1184 397 1226 loquitur,
422 1184 478 1225 qui
503 1194 577 1215 cum
601 1183 698 1215 alicui
725 1184 857 1216 obnoxii

110 1228 185 1267 sint,
209 1228 308 1259 alium
329 1228 451 1259 babent
472 1227 615 1259 animum
638 1238 733 1268 quam
756 1228 855 1259 habe-

110 1279 194 1310 rent,
210 1272 238 1303 si
250 1271 342 1302 liberi
364 1277 482 1302 essent.
527 1270 680 1311 Dabitur]
698 1271 783 1302 Nam
801 1271 857 1312 qui

110 1315 190 1346 alias
212 1314 377 1351 erraverit,
397 1314 565 1355 ignoscere
587 1313 769 1345 errantibus
791 1325 856 1345 non

109 1358 228 1396 renuit,
257 1364 291 1389 et
316 1367 427 1389 eorum
450 1364 556 1388 errata
581 1367 744 1388 excusare.
775 1358 859 1388 C.—

113 1403 195 1433 Nam
220 1407 251 1433 et
274 1402 476 1441 cognoscendi,
499 1399 575 1441 eta]
604 1400 718 1438 Facile,
741 1400 857 1441 inquit,

112 1444 180 1475 filio
191 1455 264 1476 meo
274 1445 357 1475 hanc
367 1443 551 1475 facultatem
560 1443 651 1481 dabo,
662 1450 698 1475 ut
707 1443 859 1475 universa

111 1489 181 1528 ejus
196 1488 279 1519 facta
294 1497 503 1528 cognoscamz
527 1493 636 1518 tamen
656 1486 684 1518 si
705 1487 857 1529 peccarit,

110 1531 285 1572 ignoscam.
317 1530 467 1561 E.—Pro
486 1532 629 1570 peccatis,
645 1529 707 1571 leg.
727 1533 856 1570 peccati.

111 1574 165 1605 Sic
196 1574 300 1605 Plaut.
326 1573 446 1615 Amph.
471 1573 492 1605 i.
523 1574 549 1604 l.
574 1574 645 1604 100.
670 1575 857 1614 ignoscamus

109 1623 265 1659 peccatum
276 1628 370 1648 suunt.
404 1617 440 1648 Β.

155 1661 185 1693 7.
209 1662 270 1692 Per
291 1662 385 1691 alium
406 1662 536 1692 ostendit
557 1671 642 1691 suam
659 1659 854 1702 sententiam]

111 1703 277 1745 Superius,
294 1705 347 1734 sed
365 1705 526 1743 reprimam
545 1715 611 1735 me:
633 1715 702 1734 nam
721 1706 754 1734 in
775 1709 857 1735 metu

111 1758 174 1778 esse
189 1749 276 1784 hunc,
292 1748 340 1777 illi
354 1752 400 1777 est
414 1748 499 1777 utile.
529 1747 566 1777 C.

155 1791 185 1821 8.
215 1792 275 1821 Ubi
304 1788 440 1830 adbibit]
476 1789 514 1820 Id
543 1795 602 1827 est,
626 1789 717 1820 bibit.
764 1790 857 1822 Nihil

110 1833 184 1875 plus
217 1832 388 1874 significat,
414 1832 477 1863 nisi
512 1832 714 1873 aliquatenus
740 1840 856 1874 augeat

109 1875 640 1960 553230‘5335332355553
655 1876 854 1950 03233‘33}

108 1964 201 2003 cujus
215 1968 378 2005 praecepta
392 1962 579 1993 contemnit.
603 1962 685 1992 C.——-
692 1963 750 1993 Ubi
766 1964 854 1993 adbi-

111 2008 155 2037 bit
177 2008 248 2046 plus
270 2004 391 2046 paullo]
415 2005 577 2036 Plutarch.
601 2004 642 2036 de
663 2005 712 2036 sui
735 2005 854 2037 laudat.

110 2049 260 2081 Ambros.
274 2049 314 2080 de
326 2049 344 2080 J
349 2050 375 2088 ej
381 2048 466 2086 unio,
478 2059 548 2090 cap.
568 2049 616 2079 13.
630 2050 681 2079 Ibi
696 2052 855 2089 unusquis-

110 2104 167 2133 que
190 2104 310 2133 pugnas
336 2098 443 2123 narrat
472 2103 552 2129 suas,
580 2094 623 2123 ibi
640 2090 742 2131 sortia
764 2091 857 2131 sacta

106 2138 266 2176 pradicant,
283 2140 393 2166 narrat
408 2137 550 2175 trophaea.
601 2136 676 2165 Vino
696 2137 812 2166 madidi
826 2141 857 2167 et

110 2181 283 2210 somnolenti
296 2181 433 2210 nesciunt
448 2184 553 2217 mente,
569 2181 644 2219 quid
667 2180 771 2219 lingua
783 2190 855 2220 pro-

102 2220 200 2262 ferat.
233 2222 269 2253 L.

154 2266 184 2296 9.
209 2265 305 2306 Lege,
321 2271 358 2296 ut
373 2275 470 2296 scena
485 2264 644 2306 superiori
660 2265 711 2296 36.
745 2266 782 2296 Β.

157 2309 205 2339 10.
236 2310 297 2341 Nae
326 2308 396 2350 ille]
425 2310 484 2339 Nae
512 2318 571 2350 pro
598 2315 685 2339 certe
713 2308 854 2350 ponitur.

112 2351 277 2393 Fabulam]
305 2352 390 2383 Nam
418 2351 535 2383 fabulae
557 2351 628 2383 loco
653 2352 756 2383 habeo
786 2353 854 2392 ejus

113 2403 302 2426 sermonem.
333 2395 514 2426 c.—Surd0
524 2394 646 2435 narret]
664 2395 853 2436 Hieronym.

115 2436 155 2466 de
176 2436 296 2468 vitand.
319 2444 468 2480 suspecto
484 2438 649 2469 contuber.
666 2438 809 2470 Aristeu.
834 2438 854 2470 i.

114 2479 207 2520 epist.
225 2481 275 2511 28.
292 2479 381 2522 Παρὰ
395 2482 501 2521 κωφὸν
514 2480 608 2512 fidem.
641 2482 678 2512 L.

161 2523 209 2552 ll.
231 2524 283 2554 Da
304 2525 378 2554 nihi
402 2529 492 2564 atque
521 2524 616 2565 affer]
644 2525 752 2556 Verba
781 2530 858 2556 sunt

114 2565 235 2602 amicae,
247 2575 317 2606 quae
328 2566 429 2607 magis
445 2566 663 2609 Clitiphonem
679 2567 855 2606 stimulant,

115 2618 211 2649 quam
225 2608 326 2650 patris
341 2616 509 2651 praecepta.
540 2611 577 2641 C.

161 2652 208 2682 12.
235 2653 293 2682 Cui
306 2654 385 2692 quod
397 2653 606 2694 respondeam]
620 2653 791 2696 Expressit
805 2654 856 2685 in-

114 2694 239 2736 opiam;
271 2694 429 2735 siquidem
458 2705 524 2726 non
552 2696 656 2728 solum
686 2697 778 2734 dixit,
804 2697 856 2729 cui

115 2737 244 2778 quidem
260 2737 342 2769 nihil
356 2738 467 2775 habeo,
479 2748 592 2770 verum
603 2740 644 2770 ad
658 2740 856 2781 responden-

115 2781 192 2812 dum
206 2782 304 2812 verba
318 2780 445 2812 desunt.
469 2781 673 2814 E.-—Necme
684 2783 858 2825 quisquam]

115 2824 240 2856 Charis.
257 2824 311 2855 lib.
329 2824 362 2855 ii.
396 2824 543 2856 L.-Pro
557 2827 632 2865 quid
652 2825 714 2867 leg.
730 2836 803 2858 cum
818 2826 857 2858 li-

116 2867 183 2899 bris
197 2867 328 2908 aliquot,
344 2869 430 2908 quod.
460 2867 497 2899 B.

162 2911 211 2942 1³.
234 2910 374 2952 Satagit]
392 2910 545 2942 Genitivo
562 2910 719 2952 jungitur.
764 2914 855 2944 Sata·

113 2955 173 2993 git,
189 2953 222 2986 id
237 2961 295 2993 est,
312 2954 428 2986 anxius
444 2961 494 2985 est
512 2961 545 2986 et
567 2954 712 2988 curiosus
727 2965 856 2988 suarum

897 1065 1017 1086 rerum.
1047 1055 1261 1086 C.—Suarum
1288 1066 1388 1086 rerum
1412 1056 1545 1098 satagit]
1574 1056 1644 1088 Etsi

898 1097 927 1129 is
939 1108 1065 1139 quoque
1081 1098 1121 1129 de
1138 1098 1205 1130 suis
1219 1100 1315 1130 rebus
1327 1099 1504 1140 plurimum
1515 1100 1647 1141 cogitat.

901 1141 1051 1173 E.——Pro
1067 1144 1184 1182 satagit
1198 1147 1331 1173 attamen
1346 1142 1422 1173 olim
1439 1143 1557 1174 lectum
1573 1154 1644 1175 esse

900 1190 950 1216 sat
964 1187 1065 1226 agitat
1081 1191 1189 1222 tamen,
1206 1192 1295 1227 patet
1310 1196 1328 1216 e
1344 1186 1502 1223 charisio,
1522 1197 1554 1228 p.
1574 1188 1644 1218 193.

900 1230 994 1266 Satis,
1004 1228 1119 1269 inquit,
1130 1240 1186 1269 pro
1197 1231 1311 1260 intente
1321 1242 1332 1264 ,·
1358 1231 1432 1260 Cato
1447 1232 1563 1261 dierum
1579 1233 1644 1262 dic-

901 1277 1000 1302 tarum
1022 1273 1059 1303 de
1082 1273 1237 1303 consulatu
1252 1283 1305 1303 suo
1317 1285 1327 1302 :
1349 1274 1419 1304 Jam
1435 1275 1519 1313 apud
1534 1276 1646 1305 vallum

899 1317 996 1346 nostri
1016 1317 1095 1345 satis
1116 1317 1255 1355 agebant.
1304 1317 1462 1347 Terentius
1483 1319 1515 1347 in
1530 1319 1645 1348 Heoeut.

901 1360 972 1389 Etsi
985 1369 1107 1389 suarum
1121 1369 1222 1389 rerum
1236 1361 1314 1389 satis
1323 1362 1433 1400 agitat,
1447 1364 1546 1391 tamen
1556 1362 1648 1391 habet

903 1403 973 1432 bene
985 1406 1016 1432 et
1026 1403 1137 1442 pudice
1146 1403 1292 1432 eductam.
1326 1402 1528 1434 Rectissime.
1559 1403 1646 1434 Nam

901 1444 947 1475 sic
975 1444 1079 1475 Plaut.
1105 1445 1220 1476 Bacch.
1243 1445 1285 1476 iv.
1310 1446 1339 1476 3.
1362 1447 1413 1476 23.
1443 1458 1523 1477 nunc
1544 1449 1647 1488 agitas

901 1493 951 1519 sat
966 1493 1029 1518 tute
1052 1493 1172 1519 tuarum
1187 1499 1297 1519 rerum.
1343 1489 1472 1520 Deinde
1493 1496 1568 1531 post
1589 1493 1647 1521 etsi

900 1541 1064 1572 nunquam
1078 1531 1224 1572 sequitur
1239 1537 1382 1570 attamen,
1398 1533 1456 1564 sed
1472 1539 1580 1564 tamea.
1605 1533 1644 1564 B.

946 1575 994 1605 14.
1018 1575 1134 1605 Pudice
1149 1574 1302 1616 eductam]
1320 1576 1416 1611 Quod
1435 1586 1495 1607 nos
1517 1579 1646 1608 educare

901 1617 1048 1654 dicimus,
1072 1617 1196 1658 antiqui
1219 1620 1344 1650 educere
1370 1618 1533 1650 dixerunt.
1564 1620 1647 1650 C.—

899 1660 968 1692 Vix
994 1660 1078 1692 ferre
1105 1671 1238 1702 possum
1260 1664 1338 1693 artis
1358 1662 1571 1704 posteriorem
1592 1663 1646 1694 hic

899 1714 1023 1742 acuere,
1037 1715 1110 1735 cum
1126 1704 1215 1746 prior
1230 1704 1272 1736 sit
1287 1704 1392 1746 longa.
1424 1706 1533 1741 Quare
1548 1706 1645 1738 indu-

899 1757 955 1779 cor
970 1754 1007 1778 ut
1017 1748 1146 1779 credam
1160 1749 1200 1779 ab
1215 1755 1345 1779 auctore
1361 1759 1431 1780 esse
1446 1751 1493 1780 rei
1506 1752 1646 1781 meretri-

899 1793 965 1828 ciae,
978 1790 1059 1821 adeo
1074 1797 1110 1822 ut
1131 1802 1180 1822 res
1201 1802 1313 1823 omnes
1335 1792 1541 1823 meretricum
1557 1803 1644 1824 com-

898 1833 1079 1875 prehendat
1093 1840 1189 1865 artes.
1223 1835 1260 1865 Β.

945 1878 993 1907 15.
1016 1876 1151 1917 Procax]
1171 1877 1302 1908 Instans
1315 1877 1350 1908 in
1365 1878 1515 1918 petendo.
1553 1878 1645 1920 Virg.

900 1919 976 1951 AEn.
989 1918 1010 1950 i.
1023 1920 1095 1950 536.
1109 1922 1287 1960 procacibus
1302 1924 1424 1959 austris,
1442 1921 1463 1952 i.
1477 1931 1504 1952 e.
1521 1921 1643 1964 impro-

898 1963 948 1994 bis
970 1970 1003 1994 et
1024 1962 1208 2004 importune
1237 1963 1398 1995 flantibus.
1443 1966 1587 2003 Procare,
1609 1972 1647 1997 ut

900 2005 1074 2048 Pompeius
1088 2005 1202 2047 inquit,
1216 2017 1348 2048 poscere
1364 2013 1421 2038 est.
1467 2007 1563 2040 Unde
1571 2020 1645 2050 pro-

899 2060 983 2080 caces
998 2051 1178 2087 meretrices,
1194 2050 1234 2080 ab
1250 2050 1377 2081 assidue
1392 2051 1563 2092 poscendo.
1600 2052 1646 2083 Et

896 2095 991 2133 proci,
1008 2102 1143 2123 uxorem
1158 2100 1328 2134 poscentes
1342 2092 1377 2124 in
1394 2094 1644 2127 matrimonium.

902 2136 1016 2176 Itaque
1035 2147 1158 2176 procas,
1174 2135 1208 2167 id
1230 2142 1289 2172 est,
1306 2143 1415 2178 petax,
1431 2137 1645 2179 dispoliati-ix.

899 2178 1083 2220 Magmfica]
1097 2180 1260 2220 Magnifice
1272 2179 1431 2211 instructa
1442 2181 1645 2223 supellectili,

899 2224 1055 2263 magnifice
1066 2222 1189 2260 induta,
1196 2225 1351 2264 magnifice
1361 2223 1506 2265 epulans,
1516 2230 1549 2255 et
1558 2224 1647 2256 lauta

900 2275 1046 2306 quaerens
1068 2265 1225 2297 convivia.
1270 2266 1352 2302 Quae
1369 2266 1478 2298 omnia
1493 2277 1646 2308 magnum

900 2308 970 2340 auri
992 2308 1119 2350 pondus
1142 2315 1287 2350 poscunt.
1333 2309 1509 2352 Sumtuosa]
1539 2311 1647 2342 Multa

897 2352 1099 2394 impendens,
1125 2359 1159 2383 et
1188 2359 1359 2394 propterea
1389 2353 1491 2384 multa
1519 2360 1646 2396 petens.

900 2394 1037 2436 Nobilis]
1054 2395 1091 2427 [d
1107 2401 1165 2434 est,
1177 2395 1324 2436 insignis,
1334 2396 1368 2427 in
1382 2396 1498 2428 malam
1510 2403 1646 2439 partem,

899 2438 934 2469 id
949 2445 1007 2476 est,
1019 2438 1129 2470 multis
1144 2445 1229 2476 nota,
1243 2439 1319 2479 quia
1330 2439 1482 2471 videlicet
1495 2440 1646 2482 frequen-

901 2488 949 2513 tes
965 2482 1081 2513 babeat
1096 2489 1263 2514 amatores.
1295 2483 1451 2514 C.——Mea
1464 2489 1511 2514 est
1521 2483 1645 2526 potens]

901 2525 954 2556 Ad
966 2525 1025 2556 hoc
1037 2525 1189 2567 positum,
1199 2532 1235 2556 ut
1245 2535 1286 2556 ex
1295 2525 1462 2557 nobilitate
1470 2526 1647 2568 plurimum

900 2568 1017 2599 audeat
1037 2568 1209 2610 postulare.
1254 2570 1373 2600 Procax
1388 2579 1407 2600 a
1421 2570 1562 2611 petendo
1575 2570 1645 2602 dic-

901 2618 970 2643 tum
986 2618 1052 2647 est3
1077 2612 1163 2643 unde
1185 2619 1218 2643 et
1236 2614 1323 2652 proci
1344 2612 1497 2644 dicuntur
1516 2613 1646 2656 nuptia-

899 2665 972 2686 rum
992 2654 1156 2697 petitores.
1201 2654 1377 2696 Sumtuosa]
1396 2655 1442 2688 Ut
1456 2663 1490 2688 et
1503 2657 1645 2689 necessi·

902 2705 999 2729 tatem
1023 2697 1084 2729 sibi
1106 2698 1238 2739 petendi
1263 2705 1397 2740 propter
1422 2709 1498 2731 suos
1520 2706 1646 2732 summa

901 2741 1005 2772 faciat.
1050 2740 1189 2782 Nobilis]
1207 2742 1260 2772 Ab
1281 2741 1430 2774 omuibus
1444 2749 1530 2774 nota.
1561 2743 1647 2775 E.-

903 2785 967 2816 Pro
987 2789 1091 2825 potens
1113 2794 1235 2826 repone
1251 2790 1356 2824 peta-r.
1401 2786 1486 2818 Nam
1503 2786 1647 2828 primum

897 2833 1004 2868 potens
1019 2826 1102 2858 male
1117 2837 1136 2858 a
1151 2830 1310 2869 magnifica
1322 2834 1355 2860 et
1365 2831 1459 2861 nobili
1469 2836 1645 2872 separatur,

901 2877 934 2902 et
949 2880 1067 2912 procax
1079 2870 1194 2902 alienae
1206 2871 1451 2913 significationis
1459 2872 1645 2906 intervenit.

899 2914 1029 2946 Deinde
1044 2913 1131 2944 idem
1143 2914 1276 2946 verbum
1292 2914 1327 2946 in
1342 2915 1484 2948 Atticam
1499 2917 1646 2948 meretri-

902 2956 1015 2995 culam,
1032 2967 1104 2998 quae
1126 2967 1191 2989 non
1214 2964 1264 2990 est
1285 2957 1347 2991 ista
1368 2959 1445 2991 Lais
1467 2960 1645 2999 Corinthia,
