1852 3216
409 139 491 179 DE
530 138 777 177 METRIS
808 134 1269 176 TERENTIANIS.
1539 140 1608 178 lxv

80 229 250 268 Tantum
269 228 391 271 abest,
410 233 455 263 ut
471 237 520 263 eo
536 232 653 276 pacto
668 223 758 275 plus
779 222 927 275 gratioe
944 221 1121 260 habitura
1138 228 1233 261 esset
1247 222 1405 273 sabulo,
1424 230 1468 262 ut
1486 238 1607 275 quan-

80 283 222 322 tumvis
236 283 334 320 bene
353 287 514 322 morata,
530 278 778 328 quantumvis
797 276 897 315 belle
916 276 1073 327 scripta,
1089 276 1252 327 gratiam
1272 290 1432 327 prorsus
1450 291 1604 317 omnem

79 335 324 388 perdidisset.
380 333 426 370 Id
454 332 568 383 primi
587 331 681 369 artis
701 340 918 382 repertores
943 329 1104 381 pulchre
1124 329 1330 376 videbant;
1362 330 1607 370 delectabant

78 403 173 441 ergo
196 390 382 427 varietate
410 387 506 438 ipsa,
535 385 766 436 diversaque
792 387 857 432 ἤθη
884 387 938 422 καὶ
964 387 1055 431 πάθη
1082 383 1239 422 diverso
1267 384 1436 422 carmine
1463 397 1606 436 reprae-

78 444 293 482 sentabant.
336 440 486 484 Marius
507 438 742 485 Victorinus,
762 453 800 490 p.
823 442 940 476 2500.
960 436 1066 476 Nam
1081 443 1118 475 et
1135 436 1347 475 Menander
1364 438 1403 475 in
1420 438 1609 476 comoediic

63 497 281 549 frequenter
294 509 319 533 a
337 493 561 532 continuatis
580 492 749 531 iambicis
766 491 930 530 versibus
947 491 1001 529 ad
1017 491 1222 530 trochaicos
1241 491 1389 538 transit,
1408 498 1444 530 et
1462 505 1608 530 rursum

73 552 126 589 ad
142 549 316 588 iambicos
334 548 443 586 redit.
499 546 590 585 Non
612 548 665 585 ita
685 555 813 585 tamen
833 547 1002 597 agebant
1018 555 1182 590 veteres,
1203 554 1246 583 ut
1265 547 1314 584 ab
1333 559 1412 584 uno
1439 546 1479 584 in
1497 545 1605 584 aliud

73 604 187 657 plane
206 603 442 642 contrarium
461 609 620 652 repente
640 600 843 646 exilirent3
874 601 924 638 ab
943 600 1118 638 iambicis
1146 599 1184 637 in
1203 598 1417 650 dactylicos
1435 614 1447 645 ς
1477 599 1547 638 sed
1565 601 1605 638 in

74 658 311 711 propinquos
331 655 559 700 trochaicos‚
582 655 667 705 ipso
686 655 850 692 transitu
879 667 991 705 paene
1020 653 1188 692 fallente.
1244 652 1365 696 Quod
1392 661 1435 691 ut
1462 653 1604 692 clarius

75 712 333 763 conspiciatur
346 725 355 755 ;
386 722 539 747 omnem
554 708 826 752 Terentianam
841 708 991 759 copiam
1005 707 1068 746 hic
1080 707 1225 753 sistam,
1242 721 1396 759 unoque
1410 716 1449 745 et
1466 707 1604 746 eodem

75 766 175 818 pede
194 764 409 803 ditrochaeo
427 763 648 800 universam
667 763 747 800 fere
767 762 941 800 emetiar.

130 819 233 857 Illud
257 828 385 856 tamen
414 817 521 868 prius
538 816 848 860 admonendum;
879 825 922 853 ut
940 829 964 853 a
991 815 1176 854 trimetris
1196 829 1285 854 suas
1304 815 1469 861 fabulas,
1488 816 1607 854 rebus

76 872 345 916 sedatioribus,
365 880 540 909 nostrum
560 870 784 915 inchoasse3
816 870 869 907 ita
888 883 1041 921 semper
1060 869 1293 908 tetrametris
1312 869 1469 915 finisse3
1500 869 1608 920 quod

76 927 219 966 fabulae
238 924 494 976 catastrophe,
516 938 604 962 cum
623 937 686 962 res
714 923 950 962 turbulentae
979 923 1165 974 paulatim
1184 932 1223 961 et
1241 937 1347 975 aegre
1374 922 1607 961 consuesce-

76 990 175 1026 rent,
212 981 286 1018 hoc
318 978 497 1018 carminis
534 991 655 1028 genus
692 976 919 1029 postularet,
957 990 1098 1028 magno
1136 977 1276 1028 spiritu
1312 976 1606 1015 effundendum.

77 1034 166 1074 Prae
184 1034 362 1073 omnibus
381 1041 509 1070 tamen
532 1031 716 1070 trochaici
743 1031 849 1083 pleni
869 1030 1023 1068 firmum
1042 1032 1183 1069 actoris
1210 1030 1312 1068 latus
1331 1031 1604 1081 requirebant;

77 1089 142 1140 qui
158 1101 355 1139 nunquam
375 1085 523 1125 scilicet
542 1086 615 1124 nisi
639 1086 679 1123 in
697 1085 869 1123 maximo
888 1083 1098 1123 affectuum
1127 1094 1279 1123 tumore
1298 1085 1457 1122 veniunt
1473 1100 1483 1130 ς
1513 1084 1609 1122 effe-

76 1142 199 1187 rendi,
217 1155 294 1180 non
314 1150 356 1179 ut
377 1139 534 1191 quidam
553 1149 768 1184 autumant,
782 1137 890 1177 tarde
909 1138 1086 1191 lenteque,
1100 1138 1170 1176 sed
1183 1138 1344 1176 clamore
1361 1151 1510 1184 summo,
1527 1152 1608 1176 cum

79 1196 205 1235 labore
222 1208 403 1233 maxumo.

131 1250 248 1289 Unde
277 1250 435 1295 factum,
455 1255 500 1286 ut
530 1261 617 1286 cum
646 1247 741 1286 alias
760 1247 797 1285 in
826 1250 962 1295 διποδίᾳ
979 1246 1141 1297 spondei
1160 1246 1223 1284 vel
1241 1246 1430 1297 anapaesti
1453 1245 1610 1297 placue-

79 1304 157 1342 rint
173 1319 183 1350 ς
218 1304 257 1341 in
275 1304 334 1341 his
354 1303 513 1342 trochaei
532 1301 595 1340 vel
614 1301 757 1353 dactyli
777 1301 906 1339 studio
925 1310 1161 1351 quaerantur,

172 1376 289 1412 Crodo
306 1375 469 1423 equidem
484 1376 587 1411 illum
598 1375 674 1422 jam
689 1374 913 1416 adfuturum,
930 1379 973 1408 ut
987 1372 1085 1408 illam
1101 1385 1123 1408 a
1138 1385 1196 1408 me
1212 1373 1355 1419 eripiat:
1376 1373 1451 1408 sine
1466 1373 1607 1408 veniat:

171 1423 294 1470 'Atqui
310 1424 340 1458 si
356 1423 453 1458 illam
469 1422 583 1469 digito
599 1422 769 1467 attigerit,
787 1421 883 1456 oculi
898 1422 950 1456 illi
964 1421 1060 1456 illico
1077 1420 1301 1456 offodientur.

81 1494 162 1537 Qui
183 1507 328 1538 versus,
344 1493 417 1531 nisi
437 1502 519 1531 toto
538 1492 721 1544 pulmone
741 1492 946 1537 exhausto,
963 1490 1209 1542 pronunciari
1225 1499 1315 1541 apte
1330 1504 1408 1529 non
1427 1497 1610 1541 possunt:

78 1549 117 1586 in
138 1548 321 1586 trimetris
335 1561 427 1585 vero
447 1546 616 1585 clamosa
634 1547 719 1584 haec
735 1548 828 1594 πάθη
848 1546 1108 1583 inarescerent
1127 1558 1288 1595 prorsus
1307 1554 1347 1583 et
1365 1545 1610 1583 obmutesce-

79 1610 177 1640 rent.

132 1655 369 1694 Ditrochaeis
388 1655 507 1706 igitur
525 1654 581 1693 sic
602 1653 851 1693 constituitur
870 1652 1021 1690 iambus
1041 1651 1264 1690 trimetrus:

359 1729 403 1764 ld
447 1729 517 1765 sibi
532 1729 656 1775 negoti
716 1726 864 1763 credidit
889 1739 929 1762 so
983 1725 1062 1762 lom
1078 1726 1166 1762 dari.

357 1776 404 1812 Vi
448 1775 674 1811 commodavi
690 1734 698 1821 Ι
717 1773 943 1810 commodavi
987 1773 1187 1809 c6mmoda.

84 1847 278 1886 Iambicus
298 1855 544 1886 tetrametrus
562 1847 724 1898 plenus:

175 1909 277 1963 Dum
295 1910 303 1996 ι
321 1909 462 1966 tompus
477 1909 522 1945 ad
536 1921 617 1964 eam
634 1909 642 1956 Ι
659 1908 735 1965 rom
751 1909 834 1944 tulit
851 1908 919 1963 sivi
962 1907 1124 1964 inimum
1140 1913 1187 1961 ut
1203 1908 1306 1954 exple
1350 1907 1404 1965 ret
1420 1920 1537 1944 suum.

175 1956 223 1992 V1
322 1956 547 1992 commodavi
636 1957 642 1995 1
662 1955 888 1991 commodavi
964 1954 1190 1990 commodavi
1350 1955 1550 1992 commoda.

83 2027 321 2066 Trochaicus
341 2036 587 2065 tetrametrus
605 2026 756 2078 plenus,
776 2026 858 2063 sive
874 2028 1116 2072 ἀκατάληκτος,

174 2101 325 2137 'Adeon’
351 2100 536 2136 hominem
567 2112 644 2136 esse
663 2100 671 2148 Ι
690 2099 922 2135 invenustum
947 2103 1009 2134 aut
1038 2097 1047 2145 Ι
1074 2097 1253 2134 infelicem
1281 2098 1290 2147 Ι
1319 2100 1533 2147 que'mquam
1572 2106 1615 2137 ut

315 2160 337 2183 o
353 2160 445 2183 sum.

176 2159 413 2231 comffiodavi
657 2193 665 2242 Ι
686 2193 912 2230 commodavi
932 2192 940 2240 Ι
960 2191 1185 2228 commodavi
1205 2192 1213 2239 Ι
1233 2193 1471 2230 commodavi.

85 2264 321 2304 Trochaicus
340 2274 588 2303 tetrametrus
607 2264 756 2316 syllaba
774 2263 971 2309 deficiens,
992 2263 1074 2301 sive
1094 2267 1345 2311 καταληκτικός,

177 2338 277 2382 Quot
292 2338 408 2374 modis
425 2350 494 2374 con
538 2337 670 2373 temtus
687 2339 850 2384 spretus?
897 2337 1004 2379 facta,
1022 2342 1200 2371 transacta
1242 2336 1383 2372 omnia:
1410 2337 1506 2373 hem.

177 2385 412 2422 commodavi
539 2385 764 2421 commodavi
898 2382 1123 2419 commodavi
1243 2383 1444 2420 commoda.

86 2456 354 2495 Pentametrus
373 2461 634 2505 καταληπικόςς
665 2456 732 2507 qui
752 2454 871 2494 semel
890 2455 1080 2492 iterumve
1098 2454 1316 2499 adhibetur,

133 2528 249 2565 sonus
263 2533 327 2583 ee?
353 2530 534 2613 DmSmmili
538 2529 546 2577 Ι
564 2529 616 2565 ire
631 2541 798 2577 pergam:
824 2529 874 2565 ibi
894 2527 903 2575 Ι
922 2528 1116 2575 plin-imum
1142 2534 1207 2563 est.
1250 2527 1351 2563 Revo
1371 2527 1380 2575 Ι
1400 2527 1521 2564 cemus
1545 2528 1612 2564 ho-

134 2588 369 2659 affl&
386 2576 398 2670 Ι
414 2583 639 2660 ώῖωξὲὲῆ
658 2623 665 2671 ι
686 2622 910 2659 commodavi
930 2621 939 2670 ι
958 2620 1183 2657 modavi
1202 2620 1211 2669 ι
1231 2621 1430 2658 cfimmoda„

87 2691 136 2730 In
162 2692 222 2730 his
240 2694 418 2732 omnibus
437 2694 677 2733 commodius
697 2702 769 2737 est,
787 2707 875 2732 meo
896 2692 1060 2745 judicio,
1081 2695 1238 2730 διποδίωι
1263 2696 1446 2742 τροχαῖκὴν
1462 2693 1613 2733 caesnra

88 2746 417 2785 accommodatam
434 2757 474 2785 et
491 2762 715 2799 congruam.
735 2761 850 2798 quam
870 2749 1027 2796 ῖαμβικὴν
1044 2747 1094 2785 ab
1119 2759 1164 2783 ea
1188 2745 1445 2793 deerrantem,
1463 2747 1503 2786 in
1529 2762 1623 2790 mes

89 2799 220 2838 tiendo
239 2813 356 2838 versu
374 2800 601 2839 adsciscere.

143 2854 328 2905 Superest
356 2863 484 2892 tamen
512 2868 612 2893 unus
639 2855 793 2893 iambici
821 2854 985 2906 generis,
1007 2862 1254 2892 tetrametrus
1280 2859 1541 2904 καταληκτικός;
1572 2856 1614 2895 in

91 2919 169 2958 quo
179 2911 315 2947 διποδία
334 2916 509 2947 veterum
522 2909 795 2960 magistrorum
815 2912 953 2958 ἰαμβικὴ
967 2908 1048 2946 sine
1066 2909 1332 2948 controversia
1344 2910 1512 2949 tenenda
1527 2919 1612 2956 est3

91 2961 144 3000 ob
160 2961 295 3013 ipsam,
315 2976 338 3001 a
354 2976 432 3012 qua
449 2962 488 3000 in
507 2961 593 3001 aliis
610 2962 786 3009 discedit,
805 2975 965 3053 οἴω-ω
984 2961 1303 3001 concinnitatem:
