1910 3216
412 90 598 127 INDEX
628 89 957 128 VERBORUM
988 91 1059 127 ET
1090 92 1412 129 PHRASIUM.

51 169 88 199 11
106 174 140 200 et
155 170 206 200 85.
243 169 329 201 illud
342 169 421 201 mihi
433 177 603 213 argentum

47 212 469 287 ζζῖφνέζδῐοῖἓῖῖἷῖἳὲ.
505 214 602 288 ῗιῖἆῗ

48 306 78 327 v.
96 296 126 334 7,
143 297 185 329 29
201 304 234 329 et
249 298 300 331 57.

91 339 163 380 riu]
180 341 244 371 Rus
258 341 321 372 ibo.
345 341 430 373 Eun.
447 341 468 373 i.
486 343 515 380 2,
532 342 602 375 107.

50 381 156 413 Video
175 394 247 414 rure
270 384 458 416 redeuntem
481 394 602 417 senem.

53 425 137 456 Eun.
148 436 178 456 v.
190 427 220 463 4,
234 427 286 457 45.
322 427 375 458 Ex
386 437 458 458 meo
469 427 603 470 propin-

52 477 115 507 quo
136 479 208 499 rure
234 469 295 500 hoc
318 469 412 511 capio
434 470 604 501 commodi.

53 510 137 541 Eun.
154 521 183 542 v.
204 512 234 547 5,
263 513 289 543 l.
327 514 408 543 Ruri
434 523 530 554 agere
556 512 605 544 vi-

53 559 128 584 tam.
153 554 293 595 Adelph.
308 554 330 586 i.
351 556 379 592 1,
403 556 453 586 20.
500 555 607 586 Senex

53 607 107 627 rue
121 595 210 627 abdit
225 607 306 628 sese.
332 597 413 629 Hec.
433 597 454 629 i.
479 599 508 635 2,
535 599 605 629 100.

52 640 119 670 Rus
130 639 310 671 habitatum
326 639 400 671 abii.
426 640 509 671 Hoc.
524 640 558 671 ii.
578 641 605 678 1,

53 682 105 714 27.
150 683 231 713 Rura·
258 683 324 714 fere
349 693 384 714 se
409 683 605 715 continebat.

52 724 181 756 Phorm.
199 725 233 756 ii.
251 727 281 762 3,
299 725 347 756 16.

51 852 157 883 cirent
174 863 278 884 suum.
311 854 431 885 Heaut.
455 853 476 885 i.
503 855 530 892 1,
554 855 606 885 90.
641 853 744 885 video.
783 854 869 885 And.
900 854 947 885 iii.
979 856 1009 892 2,
1038 856 1068 886 2.
1119 856 1193 886 Νοη
1231 857 1291 887 es?
1323 856 1463 898 Adelph.
1491 856 1538 888 iii.
1567 858 1596 894 2,
1625 858 1676 888 38.

636 898 704 936 Jam
723 896 764 927 ad
784 899 912 928 salntem
934 907 1030 939 posse
1049 897 1195 929 converti
1227 909 1340 930 numne
1353 906 1386 930 te
1401 899 1506 930 credis
1522 901 1615 931 esse?
1640 899 1782 941 Adelph.

53 895 126 926 vide
142 895 172 926 N
176 902 256 927 otas.

681 170 812 212 salvere]
847 173 970 204 Salvere
1008 172 1192 214 Hegionem

637 214 814 255 plurimum
835 215 944 256 jubeo.
979 215 1118 259 Adelph.
1145 215 1191 248 iii.

638 258 809 341 4’elaeili2eee]
834 299 896 332 Sed
924 311 1004 341 quos
1022 307 1193 343 perconter

639 342 742 373 video.
780 345 907 374 Solvete.
930 343 1017 375 And.
1034 344 1076 375 iv.
1095 345 1124 381 5,
1139 346 1168 375 5.

681 387 781 422 Salus,
805 385 877 417 Dea
899 385 1038 427 Salutis]
1066 386 1143 428 Ipsa
1163 386 1191 418 si

637 427 748 470 cupiat
773 429 872 465 Salus,
902 439 1031 460 servare
1060 439 1193 470 prorsus
1224 429 1300 461 deat
1320 441 1393 462 eane
1414 428 1449 461 in

1738 101 1783 135 93

1226 173 1274 205 uti
1290 183 1387 211 nunc,
1398 185 1471 206 mne
1484 175 1575 206 bona.
1602 175 1722 207 Heaut.
1735 175 1782 208 iii.

1227 218 1256 254 2,
1276 218 1325 248 13.
1360 218 1440 248 Sane
1451 217 1533 248 volo.
1559 217 1680 249 Heaut.
1694 218 1736 250 iv.
1750 220 1782 257 8,

1227 259 1278 290 31.
1316 261 1396 291 Sane
1418 259 1538 291 nollem
1560 260 1623 292 huc
1646 261 1780 293 exitum.

1227 301 1366 344 Adelph.
1382 312 1412 333 v.
1432 304 1460 339 1,
1480 303 1529 334 13.
1572 305 1651 335 Sane
1672 304 1782 335 hercle

1226 345 1322 376 homo
1337 344 1495 386 voluptati
1513 344 1693 386 obsequens
1709 346 1781 385 fuit,

1225 387 1302 419 dum
1317 386 1410 419 vixit.
1435 388 1518 419 Hec.
1535 387 1581 418 iii.
1599 390 1629 426 5,
1646 389 1675 420 9.
1714 389 1780 420 Re-

1470 430 1617 472 gratiam.
1649 431 1780 463 Phorm.

639 480 704 501 non
719 476 827 512 potest
842 471 926 502 hano
947 471 1111 503 familiam.
1144 473 1190 503 A·
1226 483 1255 504 v.
1272 474 1301 510 8,
1318 474 1371 504 40.

639 512 746 554 delph.
762 513 805 544 iv.
823 513 854 550 7,
866 515 918 544 43.
950 514 1046 550 Quod
1059 521 1101 552 te,
1115 514 1191 545 AEs-

1267 515 1410 556 sanguis]
1440 515 1518 547 Sine
1542 518 1692 558 sanguine
1721 517 1782 548 hoc

639 555 757 597 culapi,
773 562 807 586 et
821 562 863 593 te,
880 558 980 593 Salus,
1001 567 1042 588 ne
1057 557 1135 598 quid
1150 557 1194 588 sit
1226 568 1291 589 non
1306 568 1402 599 posse
1417 558 1497 590 fleri.
1523 559 1608 590 Eun.
1625 559 1667 590 iv.
1685 559 1715 597 7,
1729 560 1759 591 9.

639 598 745 639 hujus,
762 608 827 630 oro.
853 599 935 630 Hec.
952 599 998 630 iii.
1014 601 1043 636 2,
1061 601 1090 630 3.

1268 600 1392 641 sannio]
1406 601 1557 633 Eunuchi
1569 607 1603 633 et
1613 601 1779 644 Adelpho-

682 640 782 681 salus]
796 640 850 672 Ad
866 648 898 672 te
920 642 1067 679 advenio,
1090 652 1192 684 spem,
1226 653 1299 675 rum
1315 653 1454 684 persona
1470 651 1532 675 est.

639 685 775 721 salutem,
813 683 993 722 consilium,
1035 684 1193 716 auxilium

1268 685 1377 727 sanus]
1402 685 1502 717 Satin’
1519 688 1633 724 eanu's,
1650 686 1706 728 qui
1728 697 1781 719 me

641 732 806 767 expetens.
830 726 916 758 And.
929 726 963 758 ii.
981 728 1008 764 1,
1025 728 1074 759 19.
1112 728 1195 763 Quae
1227 728 1260 759 id
1272 729 1415 769 rogites?
1441 729 1526 760 And.
1542 729 1584 761 iv.
1598 730 1628 766 4,
1645 730 1693 761 10.
1723 732 1782 761 Sa-

93 767 242 808 miscus]
275 767 340 803 Qui
370 778 468 810 opere
494 771 608 800 rustico
640 768 787 800 adsolent
802 779 936 810 quaeque
951 776 1080 811 oportet
1101 770 1194 811 signa
1230 782 1287 802 nus
1301 771 1363 803 sim
1379 782 1420 802 an
1436 782 1477 803 ne
1488 771 1671 803 insaniam?
1696 772 1781 803 Eun.

52 809 202 841 faciundo
211 810 303 842 facile
315 817 480 852 sumptum
496 822 606 843 exser-
641 821 711 842 esse
720 811 761 842 ad
769 814 907 849 salutem,
918 812 1026 843 omnia
1035 812 1111 844 huic
1124 823 1194 844 esse
1228 813 1272 844 iii.
1285 815 1314 851 5,
1326 816 1355 845 8.
1375 814 1428 845 Au
1439 824 1489 852 au,
1502 814 1545 845 mi
1555 814 1662 851 homo,
1670 816 1781 846 ranun'

1722 859 1781 889 Sa.

641 939 701 970 hoc
730 939 860 970 malum.
897 940 982 971 And.
1011 940 1053 971 iv.
1084 942 1111 977 1,
1141 942 1193 972 48.
1210 924 1213 980 l
1228 941 1303 979 iv.7,
1318 943 1368 972 30.
1404 941 1439 972 Si
1454 953 1546 973 sanus
1561 942 1634 980 sies,
1646 943 1725 983 jube
1740 941 1780 973 il-

96 981 263 1022 Sacellum]
286 982 347 1013 Est
369 982 410 1013 ad
434 982 516 1013 hano
537 991 606 1012 ma·
642 981 787 1013 Plurima
821 984 922 1014 salute
959 983 1195 1014 Parmenonem
1211 985 1213 1003 “
1228 984 1292 1014 lam
1308 984 1423 1015 redire.
1449 985 1531 1016 Hec.
1549 984 1594 1016 iii.
1612 986 1641 1022 5,
1658 986 1711 1016 43.

52 1034 130 1055 num
142 1026 293 1056 sacellum.
312 1025 450 1066 Adelph.
461 1025 502 1055 iv.
514 1026 543 1061 2,
555 1025 606 1057 37.
641 1034 802 1055 summum
820 1035 915 1056 suum
936 1024 1084 1066 impertit
1105 1026 1193 1056 Gna-

1270 1026 1408 1074 fopiens]
1426 1027 1546 1058 Omnia
1566 1027 1658 1069 prius
1681 1037 1781 1069 expe-

100 1067 252 1108 socrq‘fico]
260 1067 407 1109 Spatium
416 1069 609 1106 sacruficandi
641 1067 706 1098 tho.
746 1067 830 1098 Eun.
863 1067 895 1098 ii.
925 1068 956 1104 2,
988 1068 1039 1099 89.
1090 1068 1195 1099 Nosse
1228 1068 1296 1106 riri,
1313 1079 1408 1109 quam
1424 1079 1522 1107 arina,
1538 1072 1702 1110 rapientem
1724 1070 1782 1101 de-

52 1109 181 1141 dahitur
202 1110 380 1152 paululum.
410 1109 540 1141 Phor-m.
563 1109 606 1142 iv.
641 1109 750 1141 omnia
761 1110 830 1141 haec
841 1111 936 1141 saluti
946 1116 996 1141 est
1007 1110 1194 1142 adulescen-
1229 1117 1290 1142 cet.
1314 1111 1398 1142 Eun.
1412 1111 1454 1142 iv.
1469 1111 1499 1149 7,
1515 1113 1563 1143 19.
1580 1112 1654 1143 vide
1667 1113 1782 1144 Notas.

642 1151 728 1183 tulis.
750 1152 835 1183 Eun.
848 1163 878 1183 v.
891 1154 921 1190 4,
936 1154 985 1183 18.
1017 1153 1112 1189 Quod
1121 1163 1195 1184 cum
1228 1153 1280 1185 Tu
1293 1154 1391 1185 verba
1405 1154 1514 1185 fundis
1528 1154 1591 1192 hic,
1604 1157 1757 1195 sapientia
1766 1157 1783 1186 Ρ

640 1196 740 1226 salute
749 1196 818 1235 ejus
828 1195 893 1226 fiat.
914 1195 1054 1237 Adelph.
1064 1195 1107 1230 iv.
1125 1197 1151 1232 1,
1166 1197 1194 1226 3.
1230 1196 1368 1238 Adelph.
1385 1207 1415 1228 v.
1435 1198 1463 1234 1,
1480 1197 1510 1230 7.
1548 1197 1594 1228 At
1610 1203 1645 1228 tu
1661 1197 1717 1239 qui
1730 1208 1782 1229 ea-

684 1236 800 1278 saluio]
818 1239 982 1268 Saturam.-
1007 1238 1048 1269 ad
1070 1248 1195 1269 coenam
1225 1241 1314 1278 piem
1326 1249 1370 1276 es,
1383 1239 1590 1280 magistratus
1602 1240 1664 1271 adi.
1686 1240 1782 1271 Phor.

94 1195 279 1237 sacrilegus]
295 1195 384 1231 Quid
399 1195 457 1232 ais,
480 1197 607 1227 saerile-

50 1241 119 1279 ga?
142 1238 228 1269 Eun.
245 1249 274 1269 v.
295 1239 321 1276 l,
339 1239 388 1269 13.
421 1238 522 1269 Hunc
533 1248 607 1280 per-

53 1280 181 1311 terrebo
202 1283 391 1321 sacrilegum
417 1280 501 1312 Eun.
524 1291 553 1312 v.
578 1282 608 1318 3,

58 1324 106 1354 13.
145 1323 175 1354 Ο
189 1323 321 1360 scelera,
337 1334 357 1354 o
371 1333 491 1364 genera
510 1325 607 1355 sacri-

55 1367 133 1407 lega.
158 1365 297 1408 Adelph.
314 1365 360 1397 iii.
377 1367 407 1403 2,
425 1366 455 1396 6.

97 1408 235 1450 saelum]
263 1408 352 1440 Olim
382 1408 545 1449 quondam
572 1419 606 1439 a·

54 1451 122 1492 pud
136 1453 257 1482 melum
278 1451 379 1492 prius.
411 1451 497 1482 Eun.
521 1451 554 1482 ii.
579 1452 609 1488 2,

59 1495 108 1525 15.
128 1493 257 1525 Hocine
265 1496 395 1525 metum.
407 1494 469 1524 Ad.
481 1493 527 1524 iii.
538 1495 568 1531 2,
579 1494 608 1524 6.

96 1535 272 1577 saevidieus]
291 1537 343 1567 Ne
366 1542 397 1567 te
419 1535 521 1567 iratus
543 1535 610 1567 suis

47 1581 204 1612 Asaevidict's
219 1579 315 1610 dictis
334 1579 481 1620 protelet.
510 1578 608 1612 Phor.

54 1622 75 1653 i.
92 1624 121 1659 4,
140 1623 191 1653 36.

97 1664 204 1706 mio]
218 1665 281 1701 Ah,
294 1666 417 1696 nomm·
430 1669 607 1706 tantopere.

56 1708 142 1739 And.
159 1718 188 1738 v.
207 1709 236 1744 2,
254 1707 305 1740 27.

96 1750 232 1791 mitia]
247 1751 336 1781 Num
345 1759 450 1780 meam
461 1751 609 1781 aeaem‘eimn

54 1793 198 1824 veritus?
224 1793 308 1823 Eun.
326 1803 355 1823 v.
373 1794 403 1829 2,
423 1793 472 1823 15.

96 1835 206 1876 savos]
220 1835 293 1876 Ego
304 1835 359 1866 ille
371 1833 533 1876 agresti-is,
549 1845 607 1865 εω-

54 1890 113 1915 vos,
130 1877 241 1913 tristis,
280 1888 383 1914 arena,
406 1877 607 1914 triculentus,

54 1927 162 1952 tenax.
187 1920 259 1951 Ade
272 1920 324 1962 ph.
343 1930 372 1950 v.
389 1922 420 1958 4,
440 1921 488 1950 12.
522 1920 608 1951 Con-

53 1964 175 1995 clusam
196 1963 248 1994 hic
270 1964 374 1994 habeo
395 1972 530 1994 uxorem
550 1973 607 1994 εω-

55 2017 130 2037 vam.
156 2006 286 2037 Phorm.
303 2016 333 2036 v.
353 2007 380 2042 1,
401 2006 450 2038 17.

98 2048 164 2089 sal]
181 2048 247 2083 Qui
269 2049 367 2079 habet
387 2050 445 2084 eal,
467 2046 553 2088 quod
575 2047 609 2078 in

54 2098 88 2122 te
97 2098 156 2122 est.
182 2091 267 2121 Eun.
281 2091 327 2121 iii.
343 2092 371 2126 1,
385 2091 433 2121 10.
448 2090 521 2121 vide
532 2090 607 2120 Not.

97 2132 326 2173 submoneam]
340 2135 529 2164 Salsamenta
540 2132 609 2163 haec

54 2176 104 2207 fac
123 2182 326 2207 macerentur
345 2175 490 2217 pulchre.
513 2175 607 2206 Adel.

55 2218 100 2249 iii.
118 2220 148 2255 3,
166 2219 216 2249 26.

97 2261 213 2301 salsus]
246 2261 321 2291 Hoc
349 2261 514 2297 salsum'st,
548 2260 609 2291 hoc

56 2303 258 2340 adustum’st,
280 2303 341 2334 hoo
363 2302 530 2334 lautum’st
550 2312 608 2344 pa-

55 2357 137 2377 rum.
161 2346 301 2387 Adelph.
319 2345 364 2376 iii.
381 2347 411 2382 3,
429 2345 480 2378 71.

642 1286 768 1311 vocant.
793 1280 876 1311 Eun.
890 1279 924 1311 ii.
939 1282 968 1316 2,
984 1282 1034 1311 28.
1073 1280 1194 1311 Saltem

642 1324 787 1354 salutare.
806 1322 926 1354 Heaut.
940 1322 973 1353 ii.
986 1324 1016 1360 ³,
1030 1324 1100 1354 138.
1126 1323 1194 1364 Op-

643 1364 751 1406 periar
761 1364 927 1396 hominem
942 1365 1004 1402 hic,
1017 1371 1054 1396 ut
1067 1367 1195 1397 salutem

643 1414 677 1438 et
701 1407 884 1448 conloquar.
919 1407 1058 1450 Adelph.
1085 1408 1132 1439 iii.
1164 1409 1194 1446 3,

645 1451 697 1481 92.
744 1450 816 1491 Ego
843 1450 932 1481 Deos
961 1450 1092 1482 Penatis
1118 1450 1194 1481 hinc

645 1495 812 1524 salutatum
855 1493 987 1524 domum
1035 1492 1194 1524 devortar.

644 1535 774 1566 Phorm.
789 1535 823 1566 ii.
839 1536 867 1572 1,
884 1536 936 1566 81.

685 1577 798 1618 salvos]
813 1579 916 1609 Salvos
927 1577 972 1609 sis
983 1577 1084 1609 Crito.
1109 1577 1193 1608 And.

641 1620 683 1651 iv.
710 1622 740 1658 ὅ,
766 1621 795 1653 7.
843 1622 946 1652 Salvos
968 1631 1050 1658 sum,
1075 1620 1103 1651 si
1126 1620 1195 1651 haec

643 1673 719 1694 vera
730 1669 815 1694 sunt.
840 1663 926 1694 Eun.
938 1673 967 1694 v.
984 1663 1014 1700 6,
1031 1663 1061 1694 9.
1100 1663 1146 1694 Et
1159 1673 1195 1694 re

641 1708 726 1737 salva
740 1711 774 1736 et
783 1706 920 1747 perdita.
944 1706 1028 1737 Eun.
1045 1705 1079 1736 ii.
1097 1706 1126 1742 2,
1142 1706 1193 1738 27.

643 1748 758 1786 Ehem,
797 1750 909 1779 salvom
950 1754 984 1779 te
1026 1748 1195 1779 advenisse

641 1791 775 1832 gaudeo.
800 1791 885 1822 Eun.
901 1801 931 1822 v.
952 1792 982 1827 5,
1006 1791 1036 1822 6.
1083 1790 1118 1821 Si
1143 1800 1195 1821 me

643 1833 690 1864 vis
704 1835 816 1864 salvom
827 1844 897 1864 esse
909 1839 941 1864 et
951 1843 1020 1864 rem
1037 1838 1070 1864 et
1081 1832 1194 1864 fllium.

644 1876 764 1907 Heaut.
779 1886 808 1907 v.
826 1877 856 1913 2,
872 1877 924 1907 68.
968 1877 1071 1907 Salvos
1092 1875 1194 1913 nobis,

644 1919 732 1950 Deos
754 1929 871 1959 quaeso,
893 1924 930 1949 ut
951 1918 1023 1949 siet.
1054 1917 1195 1959 Adelph.

1229 1280 1262 1311 ii.
1280 1282 1309 1318 3,
1327 1282 1379 1312 56.
1425 1282 1558 1313 Dictum
1580 1285 1713 1323 rapienti
1733 1288 1784 1313 sat

1229 1329 1287 1354 est.
1312 1324 1441 1355 Phorm.
1465 1324 1511 1355 iii.
1536 1326 1566 1362 3,
1590 1326 1620 1355 8.
1659 1324 1783 1356 Mulier

1227 1368 1349 1406 sapiens
1363 1376 1407 1397 es.
1447 1367 1576 1398 Phorm.
1593 1378 1623 1398 v.
1641 1368 1670 1404 8,
1687 1366 1739 1400 57.

1270 1410 1440 1453 sapienter]
1480 1411 1641 1449 Sapienter
1681 1409 1782 1441 vitam

1227 1450 1379 1482 instituit.
1403 1451 1489 1483 And.
1512 1451 1533 1483 i.
1561 1453 1588 1490 1,
1610 1453 1663 1483 40.
1702 1452 1781 1483 Pul-

1227 1493 1304 1524 chre
1319 1493 1480 1525 mehercle
1493 1494 1626 1532 dictum,
1643 1499 1677 1526 et
1696 1497 1781 1535 sapi-

1227 1541 1322 1567 enter.
1346 1536 1430 1567 Eun.
1447 1536 1493 1567 iii.
1511 1538 1538 1574 1,
1552 1537 1603 1567 26.
1643 1537 1734 1569 Bene
1748 1543 1784 1569 et

1227 1580 1381 1618 sapienter
1391 1578 1475 1610 dixti
1486 1579 1618 1610 dudum.
1640 1579 1780 1621 Adelph.

1229 1631 1258 1652 v.
1276 1622 1305 1658 8,
1323 1622 1374 1652 30.

1270 1663 1440 1705 capientia]
1453 1664 1516 1701 Tu,
1527 1669 1666 1705 quantus
1678 1674 1780 1706 quan-

1229 1711 1290 1743 tus,
1308 1706 1354 1738 nil
1369 1706 1432 1738 nisi
1453 1709 1606 1747 sapientia
1628 1717 1672 1739 es.
1718 1708 1783 1739 Pro

1228 1759 1301 1780 mea
1320 1751 1482 1789 sapientia.
1513 1749 1654 1792 Adelph.
1676 1749 1723 1781 iii.
1751 1751 1782 1788 3,

1229 1792 1272 1822 40
1287 1797 1319 1822 et
1336 1793 1386 1824 73.

1271 1833 1372 1874 sapio]
1387 1834 1439 1866 Tu
1454 1834 1519 1876 pol,
1535 1834 1563 1866 si
1581 1837 1673 1875 rapis,
1697 1835 1784 1876 quod

1229 1875 1292 1908 scis
1321 1877 1436 1908 nescis.
1476 1877 1561 1908 Eun.
1591 1877 1634 1908 iv.
1665 1878 1697 1915 4,
1728 1878 1782 1909 54.

1231 1918 1313 1950 Illuc
1329 1925 1378 1950 est
1497 1942 1506 1951 .
1529 1919 1651 1955 Quanti
1666 1925 1717 1951 est
1730 1931 1782 1952 sa-

643 1961 688 1992 iii.
706 1962 732 1998 1,
758 1962 806 1992 11.
847 1961 1008 1992 Erubuit:
1039 1962 1124 1992 salva
1145 1971 1196 1992 res
1225 1964 1324 2000 pere?
1359 1962 1445 1993 Eun.
1475 1962 1518 1993 iv.
1547 1962 1578 2000 7,
1606 1963 1645 1993 12
1669 1969 1703 1994 et
1729 1963 1782 1995 21.

643 2010 702 2035 est.
727 2003 866 2045 Adelph.
883 2003 925 2035 iv.
943 2005 973 2039 5,
990 2004 1020 2034 9.
1059 2003 1195 2034 Gaudeo

644 2054 755 2078 natum
777 2046 880 2083 illum,
903 2052 938 2077 et
958 2045 1047 2077 illam
1068 2047 1192 2076 salvam.

646 2089 727 2120 Hec.
744 2088 789 2120 iv.
806 2090 837 2125 4,
854 2090 905 2119 21.
944 2088 1065 2119 Venire
1086 2090 1197 2120 salvom

644 2131 812 2173 volupe’st.
836 2131 966 2162 Phorm.
983 2130 1025 2162 iv.
1043 2132 1072 2167 3,
1090 2132 1119 2161 5.

687 2173 822 2214 Samius]
854 2175 958 2205 Samia
987 2172 1067 2203 mihi
1094 2179 1197 2204 mater

643 2216 721 2248 fuit:
744 2227 782 2247 ea
794 2216 957 2247 habitabat
970 2214 1087 2247 Rhodi.
1109 2215 1194 2247 Eun.

644 2259 663 2290 i.
682 2261 711 2296 2,
729 2259 780 2291 27.

685 2300 805 2341 sancte]
814 2301 875 2332 Vel
884 2301 937 2332 hic
947 2300 1136 2342 Pamphilus
1141 2301 1195 2340 ju-

644 2345 735 2375 rabat
749 2344 898 2384 quotiens
921 2343 1084 2379 Bacchidi,
1100 2353 1196 2384 quam

99 2388 222 2428 saltem]
252 2390 366 2419 Saltem
390 2387 513 2428 aliquot
541 2387 611 2418 dies
643 2392 754 2418 sancte.
780 2386 862 2417 Hoc.
879 2386 900 2416 i.
918 2387 945 2423 l,
958 2387 987 2416 3.
1016 2387 1126 2417 Sancte
1138 2385 1194 2416 ad-

55 2431 173 2472 profer.
198 2430 284 2461 And.
301 2430 334 2461 ii.
355 2431 382 2464 1.
399 2432 450 2461 28.
483 2430 518 2460 Si
530 2430 611 2460 illud
639 2431 737 2470 jurat.
763 2429 845 2459 Hec.
862 2428 895 2459 ii.
914 2429 943 2465 2,
961 2428 1011 2458 26.

57 2484 122 2504 non
151 2473 237 2510 licet,
267 2475 374 2504 saltem
403 2473 465 2503 hoo
491 2472 609 2503 licebit.

686 2470 826 2511 sanctus]
845 2471 953 2502 Nimis
968 2475 1091 2501 sanetas
1111 2479 1195 2511 nup-

57 2517 142 2547 Eun.
155 2515 197 2546 iv.
210 2517 239 2551 2,
256 2516 304 2546 12.
336 2517 450 2546 Saltem
460 2515 609 2546 salutare.
644 2513 706 2545 tias
721 2514 854 2545 student
867 2513 981 2544 facere.
1006 2512 1146 2553 Adelph.
1165 2522 1195 2544 v.

58 2559 179 2589 Heaut.
189 2558 222 2588 ii.
233 2559 264 2594 3,
277 2559 347 2588 138.
375 2559 488 2588 Solum
499 2556 611 2598 quanti
645 2556 674 2594 7,
695 2557 721 2587 1.
759 2556 901 2587 Sanctius
918 2565 1014 2596 quam
1031 2556 1196 2595 jusjuran-

58 2602 218 2641 empta’st.
239 2599 379 2641 Adelph.
392 2599 426 2631 ii.
440 2601 470 2637 2,
480 2601 532 2631 41.
566 2599 612 2630 Ut
644 2599 731 2630 dum.
756 2599 839 2629 Hec.
856 2608 885 2629 v.
905 2598 932 2635 1,
950 2599 1001 2628 25.

56 2645 163 2674 saltem
189 2642 298 2679 sciam,
323 2641 402 2682 quid
427 2643 468 2673 de
492 2642 551 2673 hac
575 2651 611 2673 re

57 2686 153 2716 dicat.
177 2685 307 2716 Phorm.
324 2683 358 2715 ii.
377 2685 407 2722 4,
424 2686 455 2715 3.

686 2640 875 2681 sandalium]
888 2639 1022 2671 Utinam
1034 2638 1093 2670 tibi
1109 2649 1196 2670 oom-

646 2683 787 2724 mitigari
800 2683 928 2714 videam
939 2684 1079 2714 sandalio
1090 2687 1196 2723 caput.
1230 2681 1256 2712 ι’

101 2726 195 2767 salto]
225 2727 276 2758 Tu
305 2727 391 2758 inter
420 2736 475 2758 eas
499 2726 612 2758 restim
647 2727 732 2757 Eun.
749 2736 779 2757 v.
797 2725 827 2762 7,
843 2726 874 2756 4.

688 2767 778 2808 sone]
795 2769 874 2799 Sane
895 2767 1036 2808 quidem.
1067 2766 1152 2798 And.
1175 2766 1197 2797 i.
1234 2767 1362 2798 Phorm.
1386 2766 1432 2799 iii.
1459 2768 1489 2804 3,
1512 2767 1542 2798 8.
1587 2767 1686 2799 Pone
1710 2767 1786 2809 plus

60 2771 196 2801 ductans
204 2771 342 2800 saltabit.
360 2769 454 2800 Adel.
465 2769 508 2800 iv.
520 2769 550 2806 7,
561 2770 611 2799 34.

103 2811 202 2853 salve]
220 2811 332 2843 Satine
345 2813 453 2843 salve?
478 2811 530 2842 dic
552 2811 613 2842 mi-
648 2812 678 2847 2,
695 2812 747 2841 24.
785 2812 865 2841 Sane

62 2855 105 2886 hi.
130 2855 216 2886 Eun.
232 2865 261 2885 v.
279 2856 310 2891 5,
327 2855 356 2885 8.

1231 2003 1324 2035 Foris
1337 2015 1452 2044 sapere.
1477 2005 1598 2036 Heaut.
1622 2015 1650 2035 v.
1677 2006 1705 2042 1,
1729 2007 1781 2037 50.

1230 2045 1284 2077 Ad
1309 2046 1417 2077 omnia
1442 2046 1505 2078 alia
1528 2053 1624 2079 aetate
1649 2050 1784 2088 sapimus

1229 2088 1358 2120 rectius.
1382 2089 1522 2131 Adelph.
1538 2100 1568 2120 v.
1587 2091 1617 2127 3,
1633 2090 1685 2120 48.
1723 2092 1782 2122 Sa-

1227 2133 1318 2171 piunt
1346 2141 1420 2162 mea
1444 2131 1614 2163 sententia.
1651 2132 1782 2164 Pborm.

1230 2173 1263 2204 ii.
1281 2175 1310 2211 2,
1327 2174 1379 2205 21.

1271 2215 1338 2257 sat]
1355 2218 1411 2248 Sat
1427 2221 1485 2247 est.
1509 2216 1594 2248 And.
1610 2216 1632 2248 i.
1657 2218 1686 2254 1,
1712 2217 1783 2249 143.

1230 2259 1287 2289 Sat
1301 2258 1413 2289 habeo.
1437 2259 1514 2290 And
1528 2258 1563 2289 ii.
1585 2260 1612 2295 1,
1632 2260 1684 2290 35.
1727 2261 1784 2292 Sat

1229 2301 1336 2338 habet,
1366 2307 1436 2332 tum
1463 2301 1492 2332 si
1520 2301 1686 2343 recipitur.
1727 2304 1784 2334 Sat

1229 2343 1306 2374 scio.
1329 2343 1415 2374 Eun.
1429 2342 1475 2374 iii.
1489 2344 1572 2380 232
1585 2350 1619 2375 et
1627 2345 1679 2374 34.
1711 2344 1784 2376 Etsi

1229 2385 1258 2416 is
1284 2395 1411 2426 quoque
1438 2395 1547 2417 rerum
1573 2395 1705 2418 suarum
1734 2391 1789 2418 eat

1230 2427 1340 2469 agitat.
1374 2428 1494 2459 Heaut.
1517 2427 1551 2459 ii.
1578 2429 1606 2466 1,
1631 2429 1680 2460 13.
1709 2428 1784 2460 vide

1232 2470 1344 2502 Notas.
1398 2470 1540 2502 Tantum
1575 2475 1626 2502 sat
1661 2471 1783 2503 habea?

1232 2513 1352 2544 Heaut.
1369 2512 1412 2544 iv.
1430 2514 1459 2550 3,
1478 2514 1531 2543 40.
1577 2513 1786 2546 Adtentioroe

1230 2565 1342 2586 sumus
1350 2555 1392 2586 ad
1405 2564 1475 2586 rem
1491 2564 1613 2592 omnes,
1625 2565 1722 2596 quam
1734 2561 1787 2588 nt

1231 2603 1289 2628 est.
1327 2597 1423 2633 Quod
1436 2597 1509 2628 illos
1523 2602 1574 2629 sae
1587 2603 1666 2629 Μαι
1680 2602 1784 2630 acuet.

1231 2639 1371 2681 Adelph.
1387 2650 1417 2671 v.
1442 2640 1472 2676 3,
1496 2641 1538 2671 48
1561 2645 1595 2671 et
1615 2640 1668 2672 49.
1707 2640 1785 2672 Νοιι

1247 2681 1391 2723 ignihoc
1411 2686 1462 2713 sae
1484 2683 1556 2713 est?
1590 2682 1672 2714 Hee.
1695 2681 1730 2714 ii.
1756 2684 1785 2721 1,

1232 2725 1284 2755 39.
1331 2723 1465 2755 Dictum
1491 2723 1631 2766 sapienti
1651 2730 1703 2756 sat
1725 2730 1784 2757 eet.

878 2809 943 2852 pol.
966 2809 1053 2841 And.
1068 2809 1090 2840 i.
1113 2810 1145 2847 4,
1168 2810 1198 2840 2.
1233 2819 1328 2850 quam
1340 2813 1389 2840 m
1401 2814 1479 2840 erat.
1499 2809 1629 2841 Phorm.
1641 2819 1671 2841 v.
1687 2811 1717 2846 3,
1735 2811 1784 2841 14.

649 2854 739 2885 Bene
754 2863 835 2884 sane.
860 2852 945 2884 And.
962 2862 992 2883 v.
1009 2853 1039 2890 2,
1057 2851 1086 2885 7.
1121 2853 1201 2883 Sane

1276 2849 1389 2892 satias]
1405 2851 1470 2883 Ubi
1485 2853 1584 2883 ntia-r
1592 2851 1693 2893 coepit
1704 2852 1786 2890 lieri,

105 2897 204 2937 salve]
242 2896 324 2932 Quis
361 2896 413 2927 hic
451 2896 614 2937 loquitur?
648 2895 756 2927 hercle
771 2901 809 2926 ut
822 2894 912 2926 dicis.
936 2895 1020 2926 Eun.
1037 2894 1083 2926 iii.
1102 2895 1131 2931 5,
1148 2894 1198 2924 59.
1233 2899 1396 2926 commuto
1409 2893 1526 2926 locum.
1550 2894 1635 2926 Eun.
1652 2904 1680 2925 v.
1700 2896 1730 2931 5,
1754 2896 1784 2925 3.

67 2939 192 2980 Mysis?
234 2941 330 2971 Salve.
377 2939 425 2970 Μ.

67 2981 245 3024 Pamphile.
268 2982 354 3013 And.
370 2981 391 3014 i.
408 2983 438 3019 5,
456 2983 506 3013 ³2.
527 3014 531 3016 ,

464 2939 493 2970 Ο
524 2940 616 2976 sulm,
651 2939 753 2970 Recte
765 2948 837 2970 sane
846 2937 1024 2978 interrogas

1027 2936 1060 2968 ti.
1075 2936 1160 2968 Eun.
1170 2947 1199 2967 v.
1215 2959 1218 2974 ,
1236 2938 1339 2967 Satias
1348 2937 1416 2977 jam
1432 2942 1521 2968 tenet
1537 2936 1718 2968 studiorum
1740 2936 1784 2967 is-

651 2982 681 3018 5,
708 2981 755 3012 11.
805 2980 856 3012 lta
881 2990 946 3011 non
973 2985 1009 3011 ut
1033 2979 1120 3017 olim,
1144 2979 1219 3014 sedl
1236 2985 1352 3011 torum.
1375 2978 1458 3012 Hec.
1475 2978 1516 3010 iv.
1534 2980 1564 3017 2,
1586 2980 1632 3010 18.
