1852 3216
79 131 221 162 semu
241 116 312 174 n.]

655 117 1008 164 ADELPHJ.

1517 121 1604 165 397

81 217 124 247 50
140 207 380 259 Postremo,
400 207 574 263 quando
596 222 681 265 ego
708 209 879 252 conscia
901 209 1007 252 mihi
1036 224 1146 262 sum,
1172 225 1200 253 a
1223 224 1293 253 me
1314 209 1484 266 culpam
1507 225 1605 254 esse

224 273 335 315 hanc
354 273 529 329 procul;

138 339 297 395 Neque
325 340 524 396 pretium,
557 353 696 396 neque
722 355 813 383 rem
839 339 968 383 ullam
998 340 1309 392 intercessisse,
1338 339 1412 383 illa
1437 348 1515 384 aut
1538 357 1607 384 me

224 405 455 461 indignam,
477 405 621 456 Geta3

139 471 369 527 Experiar.

223 536 298 579 Tu
317 544 523 593 quantum
542 545 667 592 potes

517 471 686 519 .Quid
716 471 844 514 istic?
885 471 1046 514 accedo
1075 479 1125 514 ut
1155 471 1305 515 melius
1338 472 1471 516 dicas.
1528 473 1606 516 So.

139 601 244 652 Abi,
257 610 386 657 atque
401 602 590 658 Hegioni
609 610 792 658 cognato
806 601 936 659 hujus
950 618 1041 645 rem
1055 618 1222 646 omnem
1238 612 1412 647 narrato
1430 604 1579 648 ordine
1595 621 1606 648 :

142 667 259 710 Nam
280 669 316 710 is
337 676 484 710 nostro
505 668 667 710 Simulo
687 668 767 710 fuit
788 683 990 719 summus,
1011 676 1057 711 et
1072 684 1151 710 nos
1171 669 1302 712 coluit
1320 685 1532 713 maxume.

84 741 125 772 55
143 733 232 776 Gn.
263 733 379 775 Nam
407 733 551 776 hercle
581 733 688 776 alius
717 748 841 775 nemo
869 734 1044 790 respicit
1071 749 1165 777 nos.

226 816 320 843 mea
340 801 571 850 Canthara,

142 867 278 910 Curre
294 884 305 909 ι

225 933 349 975 nobis
370 933 463 975 siet.

1226 735 1302 777 So.
1330 735 1525 791 Propera
1544 742 1608 787 tu,

349 867 622 910 obstetricem
650 881 834 918 arcesse,
859 872 909 908 ut
936 880 1069 921 quum
1097 880 1207 921 opus
1238 866 1307 916 sit,
1337 881 1392 908 ne
1420 867 1464 908 in
1489 881 1607 909 mora

335 1129 587 1178 ACTUS
635 1129 912 1177 TERTII
957 1129 1212 1178 SCENA
1255 1130 1350 1178 ΙΙΙ.

647 1254 831 1287 ΒΕΜΕΔ.

881 1254 1041 1287 SYRUS.

142 1338 378 1381 DrsPsnn!
410 1336 717 1393 Ctesiphonem
736 1338 880 1379 audivi
897 1336 1033 1379 filium

126 1441 178 1471 50.
203 1441 364 1476 Postremo,
387 1440 506 1480 quando
531 1449 586 1479 ego
608 1441 726 1469 conseia
747 1440 822 1469 nihi

349 1493 380 1524 p
372 1492 408 1513 -ο
430 1482 600 1522 quoniam:
626 1481 674 1512 vel
695 1484 822 1522 quando,

347 1569 519 1599 —Mutato
561 1568 673 1599 ordine
708 1568 822 1606 scribe,

81 1614 200 1654 qnando
212 1624 266 1653 ego
280 1614 353 1642 mihi
367 1623 431 1642 sum
446 1614 571 1642 conscia.
602 1612 638 1642 B.

127 1657 178 1687 51.
194 1657 298 1696 Neque
313 1667 375 1686 rem
390 1653 500 1695 ullam]
518 1655 591 1685 Hoc
606 1661 656 1685 est
669 1656 822 1695 (Exempli

79 1702 186 1740 gratia
217 1700 280 1730 Ms-
309 1698 371 1738 H.)
407 1698 655 1734 internuncium,
692 1706 822 1739 pactum

82 1742 175 1780 clam,
205 1749 262 1773 aut
290 1741 493 1783 promissum.
538 1741 582 1772 Et
608 1741 690 1772 bene
719 1748 821 1772 totum

83 1786 264 1817 execrative
286 1785 389 1816 dixit:
413 1791 449 1815 ut
468 1783 523 1814 alii
544 1783 685 1815 facinora
706 1784 820 1815 abhor-

82 1836 175 1860 reant
201 1829 237 1867 (a
250 1827 391 1868 facinore
420 1829 609 1858 abhorreant.
658 1827 721 1858 Ms.
748 1827 820 1867 H.).

83 1872 161 1914 Illa]
195 1872 277 1902 Filia
298 1871 430 1902 scilicet.
471 1871 702 1912 D.—-Repone,
724 1873 820 1902 inter-

81 1916 464 1947 cesseautillaautmei.
484 1916 521 1944 G.
554 1914 592 1945 B.

126 1960 179 1990 52.
216 1957 386 1998 Experiar]
426 1957 524 1998 Apud
555 1956 683 1997 judices
718 1967 820 1997 agam.

86 2002 169 2037 Qud
178 2004 276 2033 istuc.
271 2005 284 2024 ⁷
301 2001 443 2032 Verbum
457 2009 505 2031 est
516 2011 601 2041 aegre
616 2000 820 2031 consentien-

138 2045 268 2086 ·quasi
290 2044 345 2085 qui
366 2044 462 2081 dicat,
487 2043 570 2078 Quid
589 2046 638 2074 hic
659 2045 822 2074 resistam?

82 2091 210 2126 Accede,
226 2094 261 2119 ut
274 2090 379 2119 melius
393 2085 494 2127 dicas]
514 2087 527 2117 1
532 2087 553 2117 d
564 2094 621 2124 est,
638 2094 675 2117 ut
686 2097 821 2117 consen-

83 2132 172 2170 tiam,
183 2131 271 2163 velut
285 2131 340 2172 qui
356 2130 471 2161 melius
485 2130 605 2171 posim
621 2129 727 2160 dicere
741 2128 820 2170 (Ve-

83 2176 143 2206 ha
162 2177 267 2206 nelias
286 2180 391 2215 poten-r
404 2176 447 2205 sis
462 2176 570 2204 dicere.
610 2173 690 2204 Mss.
715 2173 822 2209 Forte,

82 2220 131 2250 vel
151 2224 185 2249 αι
211 2219 294 2258 quid,
323 2218 408 2255 etc..)
456 2219 606 2250 Quantum
628 2222 723 2256 potes,
751 2215 820 2256 abi]

86 2261 187 2293 Deest
198 2264 277 2292 cieo.-
300 2268 337 2291 ut
350 2261 403 2297 sit,
418 2266 562 2301 quonlam
572 2265 667 2300 potes,
679 2262 739 2290 cito
760 2261 821 2290 abi.

85 2304 226 2335 D.—Ne
240 2315 351 2336 versus
370 2303 413 2335 sit
429 2305 518 2343 justo
539 2303 673 2344 longior,
696 2313 755 2344 pro
769 2314 821 2333 ac-

83 2349 156 2379 oedo
177 2357 297 2389 repone
320 2349 401 2385 cedo,
423 2347 455 2377 h.
482 2357 509 2378 e.
534 2347 684 2384 concedo,
709 2346 821 2384 fateor,

85 2400 233 2431 agnosco,
249 2398 281 2422 te
295 2390 411 2421 melius
425 2390 542 2421 dicere
574 2389 612 2420 B.

128 2434 180 2464 53.
202 2436 303 2474 Atque
325 2435 406 2465 He'
370 2432 472 2474 grotti]
491 2433 587 2475 Apud
604 2432 821 2463 Menandrum

86 2475 238 2507 Sestum
258 2476 355 2508 frater
376 2476 548 2507 inducitur.
593 2475 713 2517 Hujus]
732 2476 757 2507 F
759 2476 824 2506 111ae

84 2529 153 2550 ωε
172 2518 303 2550 scilieet.
335 2519 374 2550 D.
378 2519 509 2560 —Lege
527 2529 602 2550 cum
618 2520 730 2550 Bemb.
760 2531 823 2550 rem

83 2567 228 2593 enar-rato
240 2573 351 2593 mea
364 2564 477 2593 ordine.
506 2562 544 2593 Β.

128 2606 180 2636 54.
204 2603 332 2645 M]
355 2604 483 2636 Nomen
499 2605 601 2646 panis
614 2605 748 2647 puellae:
772 2604 822 2636 di-

85 2647 279 2679 minutivum
294 2658 311 2678 a
328 2647 427 2683 Simo,
442 2647 494 2678 vel
510 2647 649 2679 Simone.
684 2649 729 2679 Et
743 2655 824 2679 nota

84 2701 204 2723 nomen
218 2690 253 2721 in
270 2689 406 2722 ramam
422 2690 543 2722 rabula
555 2691 670 2722 Latine
681 2691 822 2722 diminu-

85 2735 197 2766 tivum.
235 2731 423 2773 Sin-lossii
443 2732 590 2774 sume]
613 2735 760 2770 Senum,
781 2744 823 2765 an

83 2778 125 2809 ad
139 2784 321 2819 cognatum,
333 2787 374 2807 an
390 2775 431 2806 ad
443 2776 581 2807 amicum
597 2776 758 2807 refertur?
780 2787 822 2808 an

79 2821 228 2852 absolute
238 2819 391 2862 ponier
412 2826 448 2850 ut
462 2819 496 2850 in
507 2818 675 2856 Eunucho,
687 2821 825 2851 Plau-ino

80 2866 181 2896 sal-te
196 2875 338 2895 smum
352 2874 438 2894 snam
462 2865 469 2871 ’
571 2863 593 2892 't
614 2864 742 2895 Gnatho.
780 2864 824 2894 Ee

79 2919 137 2939 ια
152 2909 245 2939 odnie
267 2904 409 2946 nataae]
432 2905 476 2936 Et
499 2904 712 2938 miserabilium
732 2907 824 2937 coluit

83 2949 206 2984 dicum
227 2956 287 2989 est,
305 2959 402 2993 quam
420 2948 449 2981 si
466 2948 598 2987 diceret,
612 2950 693 2981 colit.
730 2948 822 2991 Virg.

866 1438 941 1469 AEn.
957 1437 1001 1469 ix.
1019 1439 1092 1469 300.
1114 1438 1511 1481 Pacaputhocjmper
1528 1445 1608 1482 quod

861 1487 953 1521 poter
965 1487 1036 1513 ante
1050 1484 1174 1513 solebat.
1214 1484 1315 1514 Colere
1330 1483 1428 1521 enim,
1440 1491 1474 1515 et
1487 1487 1604 1526 major-

865 1525 938 1556 ibus
959 1531 993 1556 et
1013 1524 1191 1556 minoribus
1211 1526 1372 1557 convenit.
1418 1527 1471 1565 Et,
1491 1528 1567 1559 AEn.
1583 1528 1605 1560 i.

869 1568 917 1598 16.
941 1570 1121 1599 Posthabito
1136 1570 1263 1600 coluisse
1277 1571 1374 1600 Samo.
1406 1570 1447 1601 D.
1449 1573 1607 1603 -Noetro

863 1613 978 1642 Simulo
987 1611 1057 1652 suit
1071 1623 1210 1643 summm.
1227 1615 1247 1633 ⁸
1266 1612 1415 1652 (Excidit
1430 1613 1604 1656 forte,1gi-

865 1660 916 1685 tur
930 1666 982 1686 nos
996 1666 1074 1685 nunc
1087 1658 1248 1695 respiciet,-
1269 1663 1327 1687 aut
1340 1656 1429 1688 aliud
1449 1658 1606 1698 ejusmodi

867 1697 941 1739 Ζ.);
963 1698 1320 1739 sedparumistucest‚
1336 1699 1605 1733 etiamnormaae-

864 1743 1037 1772 imecocuit.
1070 1742 1107 1772 E.

907 1785 958 1815 55.
981 1784 1064 1825 Nos]
1089 1784 1312 1826 Monosyllabo
1326 1785 1408 1823 finit,
1424 1786 1606 1819 vultuosam

863 1827 1049 1911 {2252253
1061 1828 1510 1903 Tssssiissussffissinissfflsssmzss‘
1514 1842 1607 1904 ..1¹:3⁰

863 1913 1041 1962 dimentum
1054 1921 1104 1945 est
1114 1925 1179 1945 mea
1189 1914 1307 1955 potius,
1318 1925 1414 1956 quam
1428 1925 1606 1957 pronomen

994 1957 1090 1988 'vum
1130 1957 1232 1988 Deest
1246 1957 1333 1988 enim
1350 1969 1434 1996 cara,
1454 1959 1505 1990 vel
1527 1959 1606 2000 quid

865 1999 952 2031 tale:
983 2011 1046 2040 quo
1067 2000 1187 2037 addito,
1209 2010 1387 2041 pronomen
1408 2008 1511 2034 staret
1529 2014 1604 2034 nea.

865 2043 1041 2084 D.—-Lege
1052 2054 1202 2083 propere.-
1224 2043 1353 2075 adverb.
1385 2045 1423 2075 B.

908 2087 959 2117 56.
985 2086 1098 2127 Curre]
1130 2086 1216 2118 Mire
1241 2086 1363 2118 dictum
1393 2094 1442 2119 est
1470 2087 1606 2127 ancillae,

863 2141 960 2160 curre.
1011 2131 1062 2167 Ut,
1085 2141 1174 2170 quum
1195 2141 1268 2170 opus
1287 2129 1347 2171 sie]
1371 2131 1412 2162 Id
1432 2138 1491 2168 est,
1507 2142 1607 2172 quum

865 2173 977 2204 adesse
998 2173 1134 2214 coeperit
1154 2180 1275 2214 partus.
1312 2175 1363 2204 Ne
1378 2176 1410 2204 in
1424 2186 1508 2206 mora
1522 2177 1607 2206 nobis

864 2215 947 2265 εἰει]
957 2216 1094 2247 Locutio
1108 2217 1211 2257 qualis
1224 2226 1332 2258 supra,
1349 2217 1434 2248 And.
1450 2217 1485 2249 ii.
1502 2219 1532 2249 5.
1555 2220 1605 2250 13.

866 2266 899 2290 et
914 2259 959 2290 iii.
980 2261 1005 2290 l.
1023 2260 1053 2291 9.
1085 2260 1126 2290 D.

912 2303 939 2333 l.
955 2304 1112 2343 Disperii.
1108 2306 1117 2323 ¹
1146 2304 1351 2342 Ctesiphonem
1369 2305 1475 2335 audior·
1487 2304 1605 2346 filiun]

867 2345 933 2377 Hic
954 2345 1135 2377 ostenditur
1155 2345 1241 2386 quod
1262 2346 1366 2377 severi
1388 2346 1545 2386 homines,
1567 2359 1606 2380 ac

864 2389 944 2420 recti
960 2396 993 2420 et
1006 2388 1143 2426 honesti,
1157 2396 1286 2420 teuacoe
1300 2389 1352 2420 vel
1370 2389 1498 2421 ridiculi
1519 2398 1606 2441 sunt,

865 2431 916 2463 vel
944 2432 1019 2463 odio
1048 2432 1207 2463 habentur
1240 2442 1367 2473 quoquo
1403 2434 1605 2467 accesserint.

868 2475 991 2517 Magno
1005 2482 1114 2507 autem
1128 2475 1254 2512 affectu,
1270 2482 1303 2506 et
1317 2475 1409 2516 quasi
1423 2476 1606 2510 exclaman-

867 2518 909 2550 tis
930 2518 1053 2550 addi-lit
1063 2521 1188 2558 filiun-.-
1209 2518 1301 2559 quasi
1315 2529 1444 2551 causam
1458 2520 1608 2554 redderet

865 2572 924 2593 cur
959 2562 1095 2599 dixerat,
1128 2563 1295 2602 Disperii!
1338 2561 1562 2614 D.—Dinpen‘.i
1572 2564 1606 2607 l]

867 2605 949 2636 Haec
971 2615 1069 2637 scena
1089 2604 1272 2636 illusionem
1293 2604 1400 2642 habet,
1421 2616 1485 2647 qus
1505 2607 1608 2641 utitur

1225 2647 1328 2689 possit
1339 2647 1459 2680 fallere.
1483 2650 1608 2684 Deme·

866 2698 974 2723 tamen
988 2690 1142 2733 opinione
1148 2690 1320 2739 comperit,
1333 2691 1419 2732 quod
1430 2692 1516 2726 lilius
1527 2705 1606 2727 mus

864 2733 1049 2766 interfuerit
1073 2733 1239 2775 rspuoni:
1275 2734 1418 2775 graviter
1437 2735 1545 2770 ferens
1563 2739 1607 2770 ad

865 2777 997 2808 domum
1011 2783 1184 2818 properat:
1206 2776 1390 2818 ingemiscit
1403 2778 1491 2812 enim
1506 2780 1535 2812 si
1553 2781 1605 2813 fu-

867 2820 930 2851 erit
958 2819 1056 2851 etiam
1086 2819 1157 2869 ipse
1192 2827 1372 2862 corruptus.
1421 2823 1560 2864 Disperii
1571 2824 1605 2866 J]

867 2863 971 2894 Valde
991 2862 1084 2904 perii,
1106 2862 1135 2894 si
1155 2865 1241 2894 illc-
1260 2869 1359 2904 potest
1380 2863 1479 2898 frater
1506 2868 1605 2900 etiam

865 2916 1081 2949 comimpere,
1096 2908 1149 2948 qni
1165 2906 1297 2949 alie-jun
1309 2910 1375 2951 spes·
1387 2913 1443 2942 al.
1480 2911 1520 2943 P.

864 2658 978 2680 servus
988 2647 1037 2679 uti
1048 2647 1213 2679 dominum
