1852 3216
132 185 270 213 semu
292 170 343 225 1.]

683 167 1098 212 EUNUCHUS.

1594 170 1674 211 179

246 259 366 301 Illius
386 258 588 309 formam;
620 265 669 300 tu
687 258 819 315 hujus
840 265 1013 301 contra:
1047 257 1233 312 denique

189 335 228 364 55
247 325 334 367 Par
354 340 434 380 pro
453 325 549 380 pari
567 324 744 374 referto,
767 324 885 379 quod
905 338 999 364 eam
1019 323 1230 364 mordeat.

244 390 286 432 T
290 404 335 431 H.
360 390 408 431 Si
428 390 601 444 quidem
622 404 688 431 me
709 395 886 438 amaret,
909 395 999 429 tum
1019 387 1131 428 istuc
1150 386 1393 441 prodesset,
1417 385 1611 429 Gnatho.

246 455 340 497 GN.
365 455 556 502 Quando
576 452 697 504 illud,
719 454 837 509 quod
858 460 907 494 tu
927 452 1021 502 das,
1044 458 1270 506 exspectat
1291 458 1421 506 atque
1442 458 1579 501 amat3

243 520 344 562 Jam
365 520 531 561 dudum
551 527 594 561 te
615 527 754 561 amat:
782 519 871 574 jam
895 517 1060 558 dudum
1079 516 1139 558 illi
1158 515 1282 559 facile
1303 516 1369 567 fit,

245 584 379 633 Quod
400 584 566 626 doleat:
599 585 751 626 metuit
771 597 956 638 semper,
978 597 1105 636 quem
1125 583 1221 637 ipsa
1237 596 1352 624 nunc
1372 583 1489 638 capit

187 658 229 687 60
245 650 466 700 Fructum,
488 664 541 696 ne
562 650 737 704 quando
757 649 892 690 iratus
914 655 963 688 tu
983 646 1064 688 alio
1085 647 1297 689 conferas.

245 714 335 756 ΤΗ.
359 714 480 755 Bene
501 714 637 755 dixti:
667 728 717 755 ac
737 712 841 754 mihi
860 713 971 754 istuc
992 726 1076 765 ηομ
1097 713 1140 753 in
1159 718 1343 754 mentem
1363 720 1555 755 venerat.

246 779 340 821 GN.
365 778 638 829 Ridiculum3
670 793 756 819 non
776 778 890 819 enim
909 777 1147 831 cogitaras:
1180 784 1384 818 caeterum

246 843 368 885 Idem
388 843 472 885 hoc
493 850 585 885 tute
606 842 756 884 melius
777 848 939 897 quanto
959 842 1209 892 invenisses,
1232 841 1433 883 Thraso!

129 982 263 1008 cantare.
303 975 356 1006 Sic
372 975 439 1006 Cic.
457 975 551 1005 Tusc.
573 974 594 1004 i.
618 975 647 1004 2.
676 973 879 1014 Epaminon-

130 1019 187 1050 das
206 1019 323 1050 fidibus
342 1017 496 1059 praeclare
518 1019 659 1047 cecinisse
679 1016 806 1047 dicitur.
842 1016 878 1047 B.

174 1063 224 1093 54.
253 1063 298 1092 Tu
313 1060 403 1100 hujus
418 1059 541 1100 contra]
561 1059 626 1090 Hic
647 1065 751 1090 contra
776 1059 880 1090 vicem

130 1104 299 1145 significat.
332 1104 374 1134 D.

173 1148 223 1178 55.
251 1147 338 1182 Quod
356 1157 421 1177 eam
442 1144 594 1185 mordeat]
620 1146 707 1179 Quod
720 1155 799 1186 par,
823 1150 880 1175 aut

128 1190 274 1221 absolute
292 1189 387 1226 Quod,
404 1199 476 1229 quae
489 1199 550 1220 res.
576 1189 617 1219 D.
620 1189 730 1219 —Par
742 1199 799 1227 pro
807 1190 879 1227 pari

128 1231 256 1273 referto]
270 1232 479 1263 Proverbium
493 1231 581 1272 vulgi
598 1241 653 1262 ore
665 1230 744 1262 satis
754 1231 877 1268 tritum,

130 1282 162 1306 et
192 1275 277 1316 quod
308 1274 610 1316 interpretationem
632 1284 698 1304 non
721 1273 876 1314 requirit:

129 1319 222 1357 cujus
238 1325 346 1348 tamen
369 1317 537 1348 occasione
560 1316 705 1347 Siculum
728 1316 878 1356 adagium

129 1361 300 1397 annotabo,
316 1361 408 1399 cujus
428 1359 631 1400 ignoratione
653 1369 718 1389 non
738 1358 827 1389 leves
845 1359 880 1389 in

129 1403 294 1434 veteribus
323 1402 414 1433 libris
444 1412 569 1432 errores
600 1400 738 1432 subnati.
784 1401 880 1436 Quod

130 1445 231 1486 igitur
247 1445 356 1476 Latini
372 1447 438 1475 Par
454 1447 536 1484 pari,
553 1445 614 1475 hoc
637 1443 737 1474 Siculi
762 1444 882 1474 Μοῖτον

132 1487 201 1518 ἀντὶ
216 1489 327 1526 μοΐτου
339 1487 470 1518 dicunt:
499 1493 531 1517 et
545 1488 655 1524 μοΐτον
665 1486 730 1517 illis
746 1491 880 1516 mutuum

131 1537 190 1561 est.
230 1531 334 1561 Varro
350 1530 390 1560 de
407 1530 442 1560 L.
462 1530 498 1560 L.
521 1529 576 1560 lib.
598 1529 640 1559 iv.
662 1539 734 1569 pag.
755 1530 806 1559 42.
846 1531 881 1559 Si

130 1575 232 1609 datur,
245 1575 325 1613 quod
338 1574 495 1608 reddatur,
512 1577 646 1602 mutuum
657 1584 668 1606 ,·
691 1573 770 1611 quod
785 1573 883 1602 Siculi

130 1616 248 1654 μοῖτον.
294 1616 346 1645 Ila
363 1617 472 1645 scribit
492 1616 626 1654 Sophron
643 1615 753 1653 μοΐτον
774 1613 880 1644 ἀνατί-

131 1660 238 1696 θημον.
277 1657 420 1688 Omnino
436 1657 629 1698 legendum:
653 1658 795 1696 Sophron,
811 1657 880 1695 μοῖ-

131 1712 190 1731 τον
219 1700 288 1731 ἀντὶ
309 1701 427 1739 μοῖτου.
474 1700 615 1730 Siculam
642 1709 754 1730 vocem
783 1699 880 1730 etiam

134 1743 321 1783 Hesychius
336 1742 490 1783 agnoscit,
507 1742 564 1773 sed
586 1742 709 1783 pariter
723 1752 760 1772 ac
776 1742 882 1772 Varro

131 1785 324 1816 mendosus:
345 1784 466 1821 Movrol,
477 1784 621 1823 ἔννοιμοι,
631 1784 779 1825 Ιπαροιμία
790 1787 881 1816 Σικε-

132 1829 211 1859 λοῖς.
235 1826 256 1864 ἢ
277 1828 340 1868 ’γὰρ
361 1826 453 1866 χάρις
466 1826 578 1865 pon-bv
595 1826 762 1867 οἶνόχαριν.
801 1828 882 1862 Quae

132 1871 231 1901 verba
247 1870 292 1900 sic
309 1870 527 1901 restituenda:
552 1871 655 1908 μοῖτοι
675 1868 745 1900 ἀντὶ
755 1870 880 1907 μοῖτων,

131 1911 279 1952 παροιμία
308 1913 462 1949 Σικελοῖς,
493 1911 514 1948 ἢ
543 1912 606 1952 ’γὰρ
636 1910 728 1951 χάρις
762 1912 879 1950 μοῖτος.

133 1957 261 1992 Mai-rou,
275 1954 442 1995 οἰνόχαριν.
474 1955 582 1985 Aliter
596 1955 664 1985 haec
681 1954 825 1995 Scaliger
840 1954 881 1985 ad

133 1998 270 2028 Varron.
285 1998 338 2028 lib.
355 1998 396 2028 iv.
415 1998 587 2028 emendare
603 2003 716 2034 tentat,
733 1997 799 2034 sed,
811 2007 883 2028 meo

128 2040 261 2080 judicio,
286 2041 379 2071 irrito
402 2047 530 2071 conatu.
580 2041 694 2080 Itaque
720 2040 884 2071 Lucianus

131 2083 166 2114 in
187 2083 396 2124 Imaginibus,
412 2094 443 2124 p.
462 2084 535 2114 562.
575 2082 682 2114 Μύθον
700 2082 770 2113 ἀντὶ
787 2082 886 2121 μύθου

133 2125 269 2167 ἀμεῖψαι,
284 2127 367 2166 αὐτῷ
379 2127 424 2165 τῷ
436 2125 547 2167 μέτρῳ,
562 2126 670 2166 φασὶν,
683 2126 703 2163 ἢ
715 2125 766 2156 καὶ
779 2125 883 2156 λώϊον.

133 2170 299 2200 Sermonem
307 2171 450 2209 pensabis
461 2172 528 2209 ipsa
539 2180 687 2205 mensura,
698 2170 778 2209 quod
785 2171 882 2205 aiunt,

133 2217 188 2242 aut
199 2215 290 2244 etiam
303 2214 485 2243 cumulatius
498 2224 507 2241 .-
530 2212 629 2243 dubio
640 2211 751 2252 procul
765 2212 884 2242 Μοΐτον

133 2254 203 2286 ἀντὶ
214 2256 325 2294 μοΐτου
333 2254 469 2295 ἀμείψω,
484 2255 518 2286 id
530 2261 589 2291 est,
602 2256 669 2285 Par
674 2256 748 2294 pari
759 2253 882 2294 referre,

133 2304 166 2328 et
181 2308 254 2338 quae
268 2305 456 2339 sequuntur,
474 2297 612 2339 scripsit.
652 2296 883 2328 L.—Particu-

133 2339 198 2372 lam
210 2352 276 2381 pro,
292 2351 366 2372 cum
382 2351 401 2372 a
416 2347 555 2381 quatuor
569 2340 661 2371 codd.
678 2339 771 2376 absit,
788 2347 820 2371 et
835 2340 884 2371 lo-

135 2393 192 2414 cus
207 2384 278 2415 sine
297 2383 354 2415 illa
373 2394 393 2415 a
413 2383 527 2415 Servio
548 2383 589 2414 ad
610 2383 687 2414 AEn.
710 2382 731 2413 i.
756 2383 828 2413 265.
852 2390 886 2414 et

136 2426 303 2464 Cicerone,
315 2426 474 2464 laudetur,
488 2426 643 2463 delemus,
658 2432 690 2457 et
702 2425 743 2456 ad
755 2436 886 2457 versum

137 2467 336 2500 fulciendum
351 2469 439 2501 illius
451 2469 522 2500 loco
538 2475 572 2501 tu
586 2469 783 2511 reponimus.
816 2469 854 2499 B.

193 2511 244 2542 56.
283 2514 317 2543 Si
340 2514 459 2552 quidem
482 2524 527 2543 me
554 2517 681 2549 amaret,
715 2517 777 2543 tum
804 2514 883 2542 istuc

132 2555 298 2593 prodesset,
325 2555 461 2596 Gnatho]
491 2555 556 2586 His
578 2554 746 2586 versiculis
771 2565 882 2596 perso·

138 2606 213 2626 narn
234 2596 347 2627 militis
370 2603 403 2628 et
427 2597 610 2629 Gnathonis
630 2597 883 2634 continentibus,

138 2637 298 2677 οἰκονομία
323 2639 497 2677 inducitur,
524 2640 610 2680 quod
631 2640 806 2671 verisimile
831 2640 883 2677 sit,

137 2680 230 2711 facile
255 2681 391 2712 militem
412 2681 496 2713 ferre
517 2693 622 2723 posse,
645 2682 798 2724 anteponi
823 2663 885 2713 sibi

138 2723 331 2760 Phaedriam,
347 2723 402 2764 qui
414 2734 449 2754 se
464 2734 592 2765 semper
606 2725 804 2756 intellexerit
819 2735 885 2756 non

137 2766 248 2796 amari.
296 2766 380 2796 Nam
396 2766 423 2797 si
441 2766 502 2797 hoc
518 2767 621 2804 tollas,
638 2774 694 2798 aut
709 2768 884 2799 excluden-

137 2808 198 2839 dus
213 2815 262 2839 est
287 2808 444 2846 Phaedria,
461 2815 517 2839 aut
531 2819 573 2840 ex
588 2809 697 2840 dolore
715 2810 828 2842 militis
850 2810 886 2842 in

137 2851 198 2881 hac
223 2851 330 2882 fabula
357 2851 395 2882 fit
417 2851 525 2882 exitus
549 2851 699 2892 tragicus.
754 2852 800 2883 Et
825 2853 885 2883 hoc

137 2893 242 2930 miles,
260 2901 295 2924 ut
311 2893 450 2935 sapiens,
467 2893 594 2925 locutus
609 2901 667 2925 est.
714 2894 801 2935 Ergo
816 2905 886 2926 me-

138 2935 272 2967 minisse
288 2936 450 2974 convenit,
469 2936 622 2968 ridiculas
644 2947 800 2978 personas
821 2948 886 2969 non

138 2978 270 3011 omnino
282 2979 396 3012 stultas
409 2986 442 3011 et
454 2979 610 3011 excordes
625 2979 735 3011 induci
748 2981 886 3021 apoetis

923 973 1064 1004 comicis.
1111 973 1197 1004 Nam
1220 974 1310 1005 nulla
1334 974 1506 1006 delectatio
1533 980 1591 1012 est,
1615 974 1672 1006 ubi

923 1016 1065 1053 omnino,
1083 1016 1138 1056 qui
1153 1016 1327 1054 deluditur,
1345 1017 1426 1048 nihil
1441 1017 1535 1058 sapit.
1582 1017 1676 1049 Stul-

923 1058 995 1089 titia
1006 1065 1115 1089 autem
1131 1065 1180 1089 est
1195 1059 1229 1089 in
1246 1059 1297 1090 his
1313 1066 1450 1100 quatuor
1465 1060 1569 1091 modis
1582 1072 1589 1091 :
1614 1067 1676 1092 aut

923 1111 988 1132 non
1007 1101 1117 1132 venire
1133 1101 1167 1132 in
1180 1108 1332 1139 mentem,
1346 1103 1431 1143 quod
1443 1109 1588 1144 oportet3
1604 1109 1671 1141 aut,

922 1144 951 1175 si
974 1144 1109 1181 venerit,
1134 1155 1199 1175 non
1224 1151 1354 1181 tenere3
1377 1151 1434 1176 aut
1455 1146 1575 1176 bonum
1593 1156 1671 1176 con-

922 1186 1032 1218 silium
1062 1187 1221 1224 amittere,
1260 1195 1316 1219 aut
1340 1188 1460 1219 malum
1488 1188 1673 1220 admittere.

923 1229 1007 1260 Vide
1027 1240 1114 1271 erge,
1138 1237 1174 1261 ut
1195 1231 1256 1261 hoc
1279 1231 1364 1271 quod
1387 1231 1555 1262 commode
1577 1231 1672 1263 miles

921 1272 1057 1310 viderat,
1074 1283 1140 1303 non
1156 1273 1307 1310 tenuerit,
1332 1280 1499 1314 totumque
1515 1274 1671 1305 amiserit.

925 1315 998 1346 Hoc
1021 1322 1129 1346 autem
1152 1315 1273 1346 idcirco
1294 1316 1492 1357 interposuit
1514 1323 1620 1358 poeta,
1636 1322 1674 1348 ut

923 1358 1117 1395 ostenderet,
1135 1358 1213 1398 quid
1235 1359 1352 1389 veneni
1375 1359 1511 1390 haberet
1527 1366 1672 1390 assenta-

924 1400 988 1431 tio:
1013 1411 1072 1441 per
1095 1411 1189 1440 quam
1213 1411 1279 1431 non
1301 1401 1397 1432 modo
1420 1409 1565 1432 errantes
1582 1402 1670 1433 deci-

923 1442 1068 1483 piuntur,
1085 1453 1122 1473 ac
1137 1443 1320 1484 praecipites
1330 1451 1426 1479 eunt;
1451 1454 1563 1475 verum
1574 1445 1674 1476 etiam

924 1485 1088 1526 sapientes
1112 1486 1286 1522 interdum,
1311 1487 1445 1526 sanique
1472 1494 1673 1518 evertuntur.

925 1529 1168 1568 D.—Siqu1'dem
1192 1539 1237 1559 me
1260 1528 1393 1569 amaret]
1421 1529 1513 1560 Bona
1536 1530 1673 1570 questio,

923 1571 1134 1601 contemsisse
1151 1570 1229 1610 (qua
1250 1571 1415 1602 contemni
1434 1582 1468 1602 se
1486 1572 1540 1611 Z.)
1557 1572 1674 1604 doleat.

925 1613 1033 1650 Non,
1025 1614 1141 1653 inquit,
1154 1613 1269 1654 diligit.
1309 1614 1376 1644 Hic
1387 1614 1564 1655 respondet
1578 1625 1677 1656 para-

925 1655 1016 1693 situs,
1039 1656 1180 1697 probans
1202 1656 1278 1696 quia
1300 1656 1416 1697 diligit,
1440 1667 1482 1687 ex
1503 1657 1555 1688 his
1577 1668 1673 1699 argu-

925 1698 1054 1735 mentis,
1070 1701 1190 1740 quando
1211 1701 1291 1730 illud
1304 1701 1384 1740 quod
1397 1702 1452 1730 dat
1467 1702 1561 1738 miles,
1578 1711 1674 1731 mere-

926 1744 989 1772 trix
1016 1747 1134 1780 spectat
1163 1747 1253 1782 atque
1284 1748 1379 1773 amat.
1421 1744 1507 1782 Ergo
1529 1745 1605 1774 utile
1629 1749 1676 1775 est

925 1786 1078 1815 consilium
1096 1787 1175 1825 quod
1189 1787 1247 1815 tibi
1261 1787 1340 1815 dedi.
1374 1785 1412 1816 E.

970 1827 1021 1859 57.
1049 1829 1175 1860 Quando
1190 1829 1276 1863 illud,
1292 1829 1371 1868 quad
1382 1833 1415 1858 tu
1424 1830 1489 1865 das,
1502 1827 1674 1868 exspectat]

927 1869 1001 1899 Hac
1031 1869 1194 1900 sententia
1224 1870 1349 1900 tollitur
1378 1870 1475 1901 militi
1505 1869 1676 1912 (putabam

924 1910 962 1942 τὸ
978 1914 1096 1942 tollitur
1118 1912 1234 1949 valere,
1259 1912 1412 1950 aufertur,
1435 1912 1592 1954 eripitur:
1617 1914 1676 1944 sed

925 1954 1077 1985 sollicitat
1098 1954 1271 1985 lectionem
1287 1955 1492 1996 Wielingius,
1508 1962 1540 1986 et
1555 1956 1675 1987 substi-

927 1996 989 2027 tuit
1007 1997 1067 2034 vel,
1082 1999 1160 2028 Haec
1174 1999 1325 2028 sententia
1346 2000 1465 2029 tollitur
1478 2000 1581 2036 militi,
1597 1999 1629 2030 h.
1646 2009 1676 2030 e.

927 2039 1047 2070 fertur:
1084 2040 1144 2076 vel,
1172 2041 1244 2071 Hae
1264 2043 1414 2071 sententia
1438 2043 1557 2072 tollitur
1579 2044 1676 2079 miles,

927 2082 959 2112 h.
977 2092 1003 2113 e.
1020 2082 1180 2120 laudatur,
1196 2082 1248 2114 vel
1263 2083 1477 2123 intumescit),
1490 2084 1576 2124 quod
1587 2091 1677 2115 recte

928 2131 1091 2156 senserat:
1125 2136 1185 2156 nec
1207 2126 1421 2167 persuadetur
1447 2133 1566 2164 tamen,
1591 2127 1678 2167 quod

927 2175 1053 2199 ametur
1068 2169 1108 2199 ab
1124 2168 1236 2199 amica.
1266 2169 1308 2199 D.

971 2212 1022 2242 58.
1046 2213 1117 2242 Jam
1132 2213 1244 2241 dudum
1259 2217 1343 2242 amat
1355 2211 1401 2252 te]
1419 2211 1482 2243 Vel
1494 2211 1631 2243 nimium
1644 2218 1678 2244 et

926 2253 1030 2290 valde,
1049 2254 1099 2285 vel
1115 2253 1320 2296 jampridem.
1361 2255 1519 2286 D.-—Jam
1535 2259 1633 2286 tutum
1649 2261 1678 2287 te

927 2296 1027 2337 amat]
1046 2297 1178 2328 Servius
1194 2297 1325 2328 AEneid.
1342 2297 1384 2328 iv.
1395 2297 1437 2328 ad
1445 2297 1538 2329 illum
1548 2308 1678 2330 versum

931 2341 958 2370 1.
983 2342 1053 2371 Jam
1069 2342 1180 2371 dudum
1195 2342 1301 2371 saucia
1316 2351 1399 2371 cura.
1431 2340 1468 2371 L.

973 2383 1023 2414 59.
1052 2385 1139 2416 Quod
1151 2382 1270 2423 doleat]
1290 2383 1363 2414 Hoc
1376 2383 1417 2414 ad
1432 2382 1513 2414 illud
1528 2382 1677 2422 refertur,

928 2425 1014 2467 quod
1042 2436 1140 2467 supra
1167 2425 1260 2463 dixit,
1289 2427 1356 2456 Par
1379 2437 1435 2465 pro
1460 2428 1533 2466 pari
1554 2425 1677 2467 referto,

929 2471 1009 2510 quod
1022 2479 1087 2499 eam
1102 2471 1245 2499 mordeat.
1281 2469 1322 2499 D.
1325 2468 1443 2499 —Etsi
1466 2468 1570 2500 nostri
1584 2468 1678 2501 codd.

927 2517 1038 2543 metuet
1052 2512 1180 2548 habent,
1198 2511 1330 2552 vulgare
1346 2517 1455 2542 tamen
1470 2511 1678 2544 retinendum

927 2565 998 2586 esse
1014 2564 1139 2585 censeo.
1173 2554 1211 2585 Β,

972 2598 1023 2628 60.
1051 2598 1101 2627 Ne
1123 2598 1243 2637 quando
1264 2599 1364 2627 iratus
1387 2601 1420 2627 tu
1442 2598 1503 2627 alio
1517 2576 1677 2645 ’confero-s]

928 2640 974 2671 Et
988 2639 1042 2670 hic
1062 2639 1168 2670 locum
1190 2649 1251 2680 pro
1272 2649 1411 2680 persona
1432 2638 1559 2680 posuit:
1584 2646 1620 2671 ut
1635 2650 1678 2672 ne

928 2683 1061 2719 diceret,
1077 2684 1119 2712 ad
1133 2684 1236 2712 aliam.
1270 2682 1311 2712 D.

972 2725 1023 2755 61.
1047 2726 1093 2755 At
1107 2726 1181 2755 mihi
1196 2726 1275 2755 istuc
1286 2735 1344 2755 non
1354 2725 1386 2754 in
1399 2729 1524 2755 mentem
1535 2724 1677 2766 venerat]

930 2767 983 2798 Sic
999 2766 1280 2808 pronunciandum
1295 2772 1355 2804 est,
1366 2766 1457 2807 quasi
1472 2766 1568 2798 militi
1583 2777 1677 2798 mon-

929 2810 986 2841 stri
1015 2808 1120 2840 simile
1147 2808 1304 2846 videatur,
1326 2808 1456 2850 sapiens
1477 2808 1601 2840 dictum
1621 2809 1679 2840 alii

928 2853 1020 2894 prius
1034 2851 1162 2882 venisse
1178 2851 1213 2881 in
1228 2857 1380 2888 mentem,
1397 2861 1493 2892 quam
1509 2851 1580 2883 sibi.
1613 2853 1655 2882 D.

974 2895 1025 2925 62.
1050 2893 1243 2935 Ridiculum]
1267 2893 1330 2925 Vel
1350 2893 1524 2932 hominem,
1542 2894 1593 2925 vel
1609 2894 1678 2925 dic-

931 2943 999 2968 tum
1010 2937 1240 2978 significamus.
1266 2937 1515 2968 D.—Ridicule:
1531 2948 1589 2968 non
1600 2939 1677 2968 enim

931 2978 1101 3020 cogitaras]
1119 2979 1284 3012 Parasitus
1299 2979 1427 3012 tametsi
1438 2980 1559 3011 bonum
1571 2979 1678 3010 consi·
