1852 3216
301 574 734 651 PUBLII
790 575 1424 654 TERENTII

168 781 1552 848 HEAUTONTIMORUMENOS.

101 1049 213 1078 ACTA
247 1048 375 1076 LUDIS
407 1047 703 1075 MEGALENSIB.
743 1046 783 1075 L.
818 1046 1044 1075 CORNELIO
1083 1047 1305 1085 LENTULO,

1347 1048 1387 1077 L.
1427 1049 1622 1077 VALERIO

158 1117 324 1145 FLACCO
353 1116 534 1144 AEDILIB.
558 1115 767 1144 CURULIB·
813 1115 960 1143 EGERE
988 1115 1029 1143 1..
1048 1116 1259 1144 AMBIVIUS
1289 1116 1468 1154 TURPIO,
1490 1116 1530 1146 L.
1546 1117 1624 1145 AT-

156 1185 301 1213 TILIUS
322 1184 655 1213 PRAENESTINUS.

155 1253 234 1281 EST
255 1253 526 1281 MENANDRU.

155 1321 235 1349 BUS
271 1320 478 1349 DEXTRIS.

157 1390 269 1418 COSS.

708 1183 854 1211 monos
875 1182 1004 1211 FEcrr
1025 1183 1215 1212 FLACCUS
1235 1184 1413 1213 omum.
1463 1184 1622 1213 GRAEcA

577 1251 690 1280 Ac'rA
707 1251 885 1279 Prummu
902 1251 1036 1279 'rmus
1051 1252 1306 1290 mmmmm,
1322 1252 1493 1280 DmNDE
1514 1253 1626 1281 DUA-

541 1319 655 1349 ACTA
692 1319 873 1356 TERTIO,

915 1319 963 1348 Μ.
1004 1319 1242 1357 JUVENTIO,
1283 1320 1330 1349 M.
1368 1321 1623 1350 SEMPRONIO

626 1498 1104 1546 PROLOGUS.

269 1608 346 1651 NE
367 1608 435 1651 cui
457 1608 511 1650 sit
529 1614 721 1650 vostrum
739 1607 905 1659 mirum,
926 1622 1003 1650 cur
1022 1608 1158 1664 partis
1175 1608 1264 1650 seni

270 1674 408 1716 Poeta
427 1673 611 1723 dederit,
631 1688 729 1728 quae
750 1680 849 1715 sunt
869 1672 1218 1724 adolescentium,

271 1740 324 1782 Id
343 1740 527 1796 primum
547 1739 711 1782 dicam:
744 1739 915 1790 deinde,
936 1739 1055 1795 quod
1073 1739 1184 1791 veni,
1205 1738 1395 1796 eloquar.

146 1854 173 1885 1.
198 1854 247 1884 Ne
261 1854 311 1884 cui
325 1854 366 1884 είι
387 1857 516 1883 vestrum
537 1850 662 1892 mirum]
687 1850 844 1892 Prologus

102 1896 298 1928 concitatus:
322 1906 396 1927 nam
413 1901 444 1926 et
460 1905 494 1926 se
509 1900 635 1936 purgat,
648 1900 681 1925 et
692 1894 841 1925 adversa-

102 1939 187 1971 rium
215 1939 332 1970 acriter
357 1945 465 1970 terret.
510 1938 611 1968 Actor
639 1947 775 1978 quoque,
802 1947 844 1968 ex

102 1982 269 2014 commodo
275 1993 343 2019 suo,
353 1992 410 2013 cur
419 1982 500 2012 hanc
509 1980 675 2012 comoediae
683 1980 843 2011 actionem

102 2026 290 2068 susceperit,
318 2035 430 2057 causas
459 2024 559 2056 affert.
618 2025 730 2055 Partes
761 2022 843 2064 seni]

104 2069 194 2101 Bene
213 2069 306 2107 dixit,
326 2074 453 2109 partes.-
477 2078 551 2098 nam
567 2077 665 2108 quum
687 2066 846 2098 comoedia

103 2113 243 2154 quinque
259 2119 349 2144 actus
368 2112 493 2148 habeat,
506 2117 585 2147 erat,
601 2117 638 2141 ut
658 2110 763 2151 inquit
780 2110 841 2141 Pe-

102 2156 227 2194 dianus,
249 2165 389 2197 persona
408 2154 585 2203 primarum
607 2153 759 2195 partium,
775 2160 844 2185 erat

103 2206 137 2230 et
157 2199 380 2235 secundarum,
403 2205 437 2229 et
457 2198 503 2229 sic
525 2197 730 2238 reliquarum.
776 2196 844 2228 Cic.

102 2242 138 2273 in
154 2242 298 2274 Divinat.
316 2252 385 2284 cap.
405 2242 453 2272 15.
478 2246 513 2272 ut
533 2243 566 2271 in
586 2242 740 2272 actoribus
756 2241 843 2271 Grae·

103 2287 223 2325 defieri
237 2287 379 2323 videmus,
394 2296 471 2325 saepe
493 2285 588 2320 illum,
604 2286 656 2325 qui
670 2289 716 2315 est
736 2294 843 2314 secun-

102 2330 210 2360 darum
224 2335 279 2360 aut
293 2331 451 2360 tertiarum
468 2329 613 2368 partium.
660 2327 763 2358 Erant
781 2326 843 2368 igi-

103 2377 157 2403 tur
183 2379 292 2414 partes
320 2382 444 2409 senum,
474 2377 567 2402 erant
594 2369 843 2402 adolescentum.

105 2414 195 2446 Hinc
212 2421 348 2447 tracmm
364 2421 421 2452 est,
438 2420 474 2446 ut
489 2414 624 2451 dicatur,
640 2424 721 2445 meae
735 2420 844 2455 partes

105 2464 190 2494 sunt,
208 2464 271 2489 tuae
291 2464 399 2507 partes
421 2464 504 2489 sunt.
549 2456 638 2498 Seni]
663 2457 726 2488 Per
747 2468 845 2488 senem

104 2499 258 2541 intellig-it
271 2511 305 2532 se
321 2501 436 2542 ipsum,
452 2501 507 2542 qui
518 2501 586 2541 jam
601 2499 693 2532 senio
707 2499 751 2531 sit
765 2511 843 2531 con-

105 2542 216 2574 fectus.
275 2544 312 2575 C.
314 2544 480 2575 —Omnes
515 2544 566 2575 hae
601 2543 766 2575 comoediae
803 2544 843 2575 de

104 2587 219 2617 Graeco
229 2586 390 2618 translatae
397 2593 482 2623 sunt,
489 2597 509 2618 a
520 2586 701 2618 Menandro
712 2586 843 2628 quidem

106 2636 252 2670 quatuor,
263 2629 334 2660 duae
346 2630 385 2660 ab
401 2629 605 2670 Apollodoro.
646 2630 841 2661 Heautonti-

105 2683 310 2704 morumenos
334 2672 505 2704 Menandri
527 2679 597 2709 est;
622 2675 714 2714 cujus
735 2673 842 2715 prolo-

104 2726 164 2757 gns
179 2715 384 2763 partitionem
407 2722 505 2753 tenet,
520 2715 555 2747 in
570 2726 633 2757 qua
647 2716 751 2753 docet,
766 2716 844 2757 quid

105 2759 139 2790 in
151 2759 326 2800 quastione
336 2758 388 2795 sit,
404 2758 461 2790 id
452 2769 558 2800 ipsum
573 2769 615 2790 ne
629 2759 767 2801 populus
782 2759 843 2791 mi-

105 2810 240 2840 raretur,
270 2801 454 2833 dissolvere.
498 2803 548 2833 Ne
574 2804 623 2833 cui
648 2804 690 2833 sit
714 2808 845 2834 vestrum

105 2848 222 2882 univ-um,
245 2857 299 2877 cur
316 2850 422 2885 partes
443 2847 508 2876 seni
525 2850 616 2885 poeta
636 2846 763 2882 dederit,
779 2857 846 2886 qua

105 2895 175 2920 nunt
189 2887 437 2929 adolescentium]
455 2888 546 2919 Duas
560 2894 668 2929 partes
682 2888 844 2930 proponit,

106 2942 203 2963 unam
219 2932 303 2973 quod
325 2939 438 2963 contra
458 2931 724 2962 consuetudinem
745 2941 845 2963 senex

106 2975 256 3017 prologus
286 2974 443 3017 processit
474 2974 508 3005 in
537 2974 726 3015 publicum:
764 2974 846 3007 solet

997 1851 1148 1891 quoniam
1171 1856 1283 1882 contra
1305 1850 1600 1883 consuetudinem
1590 1863 1627 1897 ιιι

887 1850 1054 1943 proqggum
1069 1904 1208 1936 persona
1215 1894 1373 1935 processit
1386 1904 1496 1933 senex,
1506 1895 1627 1928 idcirco

885 1937 969 1967 hanc
987 1936 1125 1978 primam
1146 1937 1266 1978 populo
1286 1937 1356 1969 vult
1377 1937 1500 1969 solvere
1522 1949 1625 1979 quaes-

886 1980 1017 2011 tionem.
1057 1980 1098 2011 E.
1099 1980 1265 2012 ——contra
1284 1990 1407 2011 morem
1427 1980 1480 2012 hic
1503 1981 1626 2014 Teren·

887 2023 953 2054 tius
973 2022 1098 2064 prologi
1124 2031 1232 2073 partes
1256 2023 1406 2055 Ambivio
1430 2023 1503 2066 ipsi,
1527 2025 1627 2057 totius

885 2066 993 2107 gregis
1008 2066 1138 2097 domino
1153 2073 1187 2098 et
1196 2067 1263 2106 jam
1279 2066 1347 2098 seni
1361 2067 1459 2099 dedit.
1494 2068 1627 2101 Etenim

886 2120 928 2140 ex
943 2109 1005 2140 Ad.
1022 2109 1102 2151 prol.
1119 2111 1170 2140 22.
1193 2118 1226 2141 et
1242 2110 1345 2141 Plaut.
1363 2110 1453 2142 Trin.
1475 2111 1556 2153 prol.
1576 2112 1626 2143 16.

885 2152 1057 2202 colligitur,
1078 2153 1227 2194 prologos
1249 2153 1289 2184 ab
1304 2153 1376 2185 aliis
1391 2164 1460 2185 esse
1481 2164 1627 2204 pronun-

887 2196 997 2234 ciatos,
1013 2206 1077 2227 non
1093 2197 1133 2227 ab
1145 2196 1314 2234 actoribus,
1326 2196 1381 2238 qui
1397 2196 1492 2239 primi
1507 2197 1542 2229 in
1557 2208 1627 2230 sce-

887 2250 962 2270 nam
981 2239 1119 2277 veniant,
1135 2239 1318 2282 primasque
1333 2245 1430 2281 agant
1439 2247 1557 2282 partes.
1586 2241 1626 2273 B.

930 2284 959 2314 3.
986 2285 1072 2317 Quod
1085 2282 1168 2324 veni]
1187 2283 1298 2321 Deest,
1313 2289 1454 2325 propter.
1479 2283 1626 2316 c.-De-

886 2328 966 2364 inde,
981 2328 1060 2367 quod
1073 2328 1149 2364 veni,
1167 2326 1305 2368 eloquar]
1331 2326 1443 2358 Altera
1462 2327 1531 2359 hec
1551 2338 1629 2369 pm

887 2379 945 2400 est.
982 2369 1094 2401 Simile
1108 2375 1216 2401 autem
1231 2369 1311 2401 mihi
1325 2369 1452 2401 videtur
1466 2370 1542 2402 huic
1557 2381 1629 2403 esse

886 2412 1082 2455 principium
1096 2412 1315 2445 Divinationis
1328 2424 1356 2445 c.
1375 2414 1402 2444 1.
1434 2413 1583 2455 Namque
1595 2420 1630 2446 et

886 2455 962 2493 illic,
976 2456 1061 2497 quod
1073 2455 1179 2488 subito
1198 2463 1321 2488 mutata
1340 2456 1505 2488 voluntate
1518 2457 1559 2488 ad
1572 2467 1627 2489 ac-

886 2500 1062 2531 cusandum
1071 2499 1290 2537 descenderat,
1298 2499 1415 2531 mirum
1424 2500 1508 2531 dixit
1516 2499 1628 2539 videri,

885 2542 938 2574 vel
969 2542 1142 2583 judicibus,
1172 2543 1224 2574 vel
1252 2542 1555 2575 circumstantibus:
1589 2554 1628 2576 ac

886 2594 1057 2628 propterea
1077 2597 1112 2618 se
1133 2585 1274 2628 primum
1294 2586 1328 2618 id
1345 2586 1428 2617 velle
1442 2586 1628 2620 dissolvere.

886 2631 922 2660 Si
936 2632 1003 2670 quie
1017 2634 1155 2667 vestrum,
1163 2629 1297 2670 judices,
1313 2635 1367 2661 aut
1382 2641 1481 2661 emm
1499 2633 1552 2671 qn·
1569 2633 1626 2662 ad-

886 2678 965 2710 sunt,
971 2672 1057 2714 sorte
1067 2675 1207 2704 miratur.
1245 2672 1346 2704 Vides
1361 2672 1413 2704 hic
1427 2674 1561 2705 verbum
1572 2685 1627 2706 no-

886 2718 965 2747 verit
984 2726 1120 2765 semper
1132 2715 1254 2755 (mirum
1273 2718 1313 2747 ab
1334 2717 1474 2749 cicerone
1494 2717 1548 2757 Ζ.)
1568 2727 1626 2760 ap-

886 2759 985 2801 poni:
1008 2759 1055 2790 ita
1069 2758 1155 2790 enim
1172 2765 1204 2790 et
1218 2759 1271 2790 hic
1284 2758 1377 2797 dixit,
1392 2770 1430 2791 na
1444 2762 1494 2792 cni
1506 2762 1549 2792 sit
1561 2771 1627 2792 ves-

887 2807 966 2834 trum
975 2804 1091 2833 mirum.
1126 2802 1243 2833 Hanc
1234 2802 1334 2844 igitur
1343 2802 1549 2845 partitionem
1561 2803 1627 2836 sol-

889 2845 944 2883 vit,
961 2845 1008 2876 uti
1023 2845 1119 2882 dicat,
1134 2856 1188 2876 cur
1201 2851 1307 2886 partes
1319 2848 1385 2877 seni
1396 2851 1485 2887 poeta
1499 2848 1627 2886 dederit,

886 2899 953 2929 quae
967 2894 1040 2920 sunt
1054 2890 1292 2920 adolescentium.
1325 2889 1419 2925 Quod
1433 2889 1538 2931 primo
1549 2901 1627 2932 pro-

886 2938 1047 2973 posuerat,
1063 2931 1169 2973 primo
1183 2931 1299 2964 solvit·
1326 2934 1481 2965 Oratorem
1500 2945 1545 2965 me
1564 2945 1627 2966 esse

887 2977 989 3012 voluit,
1015 2987 1073 3006 non
1099 2977 1262 3016 prologum.
1310 2978 1447 3007 Vestrum
1473 2977 1628 3018 judicium

107 3018 193 3050 enim
219 3019 305 3051 istud
327 3018 467 3050 officium
489 3017 743 3050 adolescentibus
764 3017 844 3050 dari.
879 3018 968 3059 secu,
980 3030 1025 3050 me
1037 3024 1166 3050 actorem
1178 3021 1272 3052 dedit.
1301 3019 1396 3056 Quod
1410 3026 1518 3052 autem
1533 3020 1626 3058 dixit,
