1852 3216
95 135 234 164 semu
257 119 336 174 1v.]

683 115 1031 159 ADELPHl.

1529 116 1614 158 449

153 210 340 253 Odium:
371 207 440 250 ille
461 206 568 249 alter
588 206 678 249 sine
697 205 844 248 labore
863 207 1003 262 patria
1022 207 1185 262 potitur
1203 205 1449 249 commoda:

150 275 275 318 Illum
295 280 461 324 amant;
493 288 558 315 me
578 272 786 328 fugitant:
817 271 876 314 illi
895 272 1076 314 credunt
1095 271 1271 314 consilia
1289 272 1448 313 omnia:

146 340 271 383 Illum
290 339 474 395 diligunt
492 355 502 381 :
537 339 654 395 apud
674 337 789 381 illum
812 344 911 380 sunt
931 338 1055 379 ambo
1072 355 1083 389 ;
1114 348 1196 393 ego
1216 337 1413 380 desertus
1434 351 1541 379 sum.

91 415 134 446 20
150 406 272 448 Illum
287 413 334 447 ut
349 407 476 455 vivat,
492 412 660 461 optant:
682 420 817 447 meam
827 411 968 446 autem
982 411 1158 445 mortem
1171 410 1424 459 exspectant
1435 402 1609 445 scilicet.

149 471 215 513 Ita
235 486 309 513 eos
329 486 423 513 meo
443 470 589 512 labore
609 471 787 513 eductos
807 484 1018 519 maxumO,
1038 468 1108 510 hic
1128 468 1228 511 fecit
1249 483 1348 510 suos

151 536 288 578 Paulo
305 544 470 578 sumtu:
503 536 712 578 miseriam
728 550 892 578 omnem
908 549 989 589 ego
1004 535 1149 590 capi03
1179 534 1247 576 hic
1264 534 1426 589 potitur
1439 533 1609 588 gaudia.

151 602 267 657 Age,
289 617 383 657 age,
404 617 517 644 nunc
537 602 807 657 experiamur
826 608 991 651 contra,
1009 600 1160 655 ecquid
1182 614 1263 654 ego
1282 600 1466 654 possiem

153 668 320 711 Blande
342 669 498 719 dicere,
521 675 596 709 aut
616 668 799 723 benigne
820 667 974 716 facere,
994 665 1167 721 quando
1187 665 1270 707 hoc
1289 672 1506 720 provocat.

91 743 132 772 25
150 734 249 790 Ego
270 750 442 790 quoque
462 750 487 776 a
506 734 610 776 meis
630 748 696 775 me
717 732 861 783 amari,
883 739 926 774 et
946 731 1216 787 magnipendi
1236 730 1420 786 postulo.

149 800 197 841 Si
218 801 261 842 id
286 800 335 842 fit
355 800 514 850 dando,
536 806 664 854 atque
682 798 975 853 obsequendO,
997 812 1081 838 non
1100 797 1348 852 posterioris
1368 796 1513 839 feram.

150 865 328 908 Deerit:
360 866 404 908 id
424 879 518 907 mea
538 864 705 906 minime
726 863 872 913 refert,
894 863 968 918 qui
987 877 1080 903 sum
1099 869 1203 904 natu
1221 877 1458 904 maxumus.

353 1040 605 1090 ACTUS
650 1039 933 1094 QUINTI
987 1038 1238 1087 SCENA
1282 1039 1341 1086 V.

663 1165 821 1197 SYRUS.

866 1165 1048 1197 DEMEA.

143 1251 295 1294 Hnus!
328 1251 509 1300 Demea,
532 1256 656 1305 rogat
674 1248 806 1290 frater
824 1263 878 1289 ne
899 1249 1027 1290 abeas
1047 1247 1229 1304 longius.

142 1318 232 1360 DF..
252 1317 363 1366 Quis
376 1316 533 1358 homo?
564 1330 590 1356 o
610 1315 717 1370 Syre
738 1321 898 1363 noster,
914 1312 1027 1355 salve
1044 1329 1053 1355 :
1086 1313 1189 1368 quid
1202 1312 1282 1355 fit?
1312 1313 1417 1368 quid
1434 1314 1605 1368 agitur?

144 1383 222 1425 SY.
240 1383 394 1425 Recte.
427 1381 516 1424 DE.
535 1379 803 1436 Optume’st:
827 1379 918 1435 jam
931 1393 1043 1420 nunc
1057 1378 1151 1420 haec
1167 1378 1248 1420 tria
1263 1378 1444 1433 primum
1459 1378 1606 1420 addidi

130 1495 186 1528 17.»
196 1496 308 1526 Patrio
319 1495 437 1534 potitur
451 1490 615 1532 commodo]
632 1489 825 1522 Accusativo

85 1549 160 1569 casu
183 1537 308 1574 extulit,
325 1536 410 1577 quod
431 1546 490 1567 nos
504 1534 643 1566 ablativo
665 1534 822 1565 dicimus:

85 1581 119 1612 id
135 1588 192 1618 est,
205 1582 308 1621 patrio
319 1582 438 1620 potitur
451 1580 605 1609 commodo.
650 1577 768 1608 Accius
790 1576 825 1607 in

84 1624 329 1665 Clyoemnestra,
348 1622 438 1663 seros
450 1624 606 1662 potiuntur
626 1622 743 1661 plagas.
783 1620 823 1650 D.

83 1669 239 1698 —Patria
261 1669 380 1707 potitur
408 1664 573 1705 commodo]
605 1664 735 1695 Servius
766 1662 821 1693 ΖΕ-

84 1710 168 1742 neid.
191 1710 237 1741 iii.
261 1710 333 1742 278.
357 1709 399 1740 ad
423 1708 503 1739 illud
524 1710 678 1748 insperato
704 1708 823 1738 tandem

85 1755 192 1785 tellure
203 1755 305 1794 potiti.
337 1753 373 1783 L.

129 1797 178 1828 19.
217 1798 307 1827 Illum
336 1797 492 1836 diligunt.-
529 1795 612 1834 opud
640 1795 724 1824 illum
754 1797 824 1823 sunt

83 1842 190 1871 ambo:
223 1851 277 1880 ego
306 1841 442 1870 desertus
470 1836 551 1878 sum]
588 1836 653 1867 Hic
683 1835 823 1867 ostendit

84 1883 257 1914 Terentius
277 1892 389 1913 verum
411 1889 535 1923 patrem
554 1887 586 1911 et
606 1878 821 1911 molestiorem

82 1933 116 1958 et
131 1926 276 1958 odiosum
286 1936 356 1956 esse
369 1924 471 1965 magis
483 1922 746 1955 adolescentibus.
779 1922 820 1952 D.

126 1971 176 2001 20.
204 1971 296 2001 Illum
318 1974 353 1999 ut
379 1970 470 2004 vivat,
498 1965 620 2008 optant]
649 1964 821 2005 Σύλληψις.

84 2012 170 2044 Nam
186 2011 232 2044 sic
248 2018 373 2043 veteres
394 2011 615 2051 loquebantur.
660 2009 730 2040 Nos
746 2018 823 2039 vero

82 2055 220 2087 dicimus
244 2057 299 2087 Iun·
322 2060 449 2095 optant:
484 2064 549 2085 non
576 2055 669 2083 illum.
715 2050 821 2092 Illum]

85 2099 271 2131 Micionem.
305 2099 346 2129 D.

125 2144 176 2174 23.
207 2144 298 2174 Nune
327 2139 532 2181 experiamur]
565 2138 672 2179 Magis
702 2137 823 2169 comice

81 2186 250 2228 pluraliter
263 2187 452 2226 experiamur
464 2183 556 2220 dixit,
569 2192 663 2223 quam
685 2181 712 2213 si
735 2181 821 2212 dice-

81 2235 139 2267 ret,
155 2231 302 2269 experiar.
322 2228 496 2268 D.—Lege
512 2233 545 2257 et
559 2225 730 2266 distingue,
745 2223 823 2265 'Age

81 2284 159 2303 nunc
179 2273 259 2313 jam,
289 2273 478 2312 experiamur
504 2281 594 2310 porro
621 2271 734 2306 contra,
765 2273 822 2299 etc.

83 2315 167 2347 Nam
175 2315 245 2356 jam
261 2322 294 2346 et
305 2326 395 2355 porro
407 2320 496 2345 extat
508 2313 541 2344 in
556 2311 722 2343 Bembino.
759 2311 823 2342 Sed

81 2365 118 2389 ut
132 2368 244 2389 versus
258 2365 331 2396 stet,
342 2357 515 2389 delendum
530 2363 579 2387 est
592 2355 683 2397 prius
693 2366 759 2395 age.
784 2354 819 2385 Β.

125 2402 176 2432 24.
203 2403 328 2435 Quando
356 2403 413 2432 huc
438 2398 597 2440 provocat]
627 2399 703 2429 Non
732 2397 822 2429 addit

83 2443 173 2485 quis:
196 2444 253 2475 sed
266 2444 486 2485 intellig-imus,
504 2442 681 2474 Micionem
695 2440 820 2482 signifi-

82 2487 158 2518 cari.
190 2487 344 2518 D.-——Hoe
360 2485 518 2527 provocat]
542 2485 648 2526 Vulgo
669 2495 703 2516 eo
717 2497 729 2516 .·
766 2483 821 2515 alii

81 2532 147 2560 huc.
192 2529 257 2560 Sed
287 2530 397 2561 Bemb.
425 2529 628 2570 antiquorum
655 2537 744 2559 more
765 2529 819 2559 hoe

80 2583 141 2614 pro
162 2574 227 2603 huc.
272 2571 434 2612 Provocat]
460 2572 500 2603 In
520 2578 683 2603 certamen
701 2579 815 2602 vocatz

82 2615 186 2646 Plaut.
200 2616 293 2647 Curc.
305 2614 337 2646 ii.
351 2616 380 2646 3.
394 2615 444 2648 76.
460 2617 605 2646 Provocat
615 2625 660 2646 me
669 2616 701 2645 in
709 2615 817 2651 aleam,

80 2665 115 2690 ut
129 2670 183 2699 ego
197 2660 308 2689 Iudam.
336 2658 373 2689 Β.

125 2703 176 2733 25.
193 2703 302 2742 Magni
312 2702 406 2741 pendi
415 2699 549 2741 postulo]
567 2699 669 2741 Diligi
683 2705 716 2730 et
730 2709 817 2730 ama-

80 2745 118 2776 ri.
151 2745 189 2776 E.

125 2789 176 2819 26.
200 2790 235 2819 Si
256 2789 290 2818 id
303 2789 343 2827 fit
364 2788 473 2824 dando,
497 2791 587 2826 atque
620 2784 818 2826 obsequendo]

82 2831 171 2863 Bene
194 2838 341 2862 naturam
363 2836 492 2861 secutus
509 2835 567 2866 at,
583 2828 638 2869 qui
653 2835 753 2859 artem
769 2827 818 2869 ig-

80 2881 183 2912 norat,
206 2881 324 2916 putans
346 2873 398 2914 agi
420 2872 526 2904 verbis
555 2871 663 2903 omnis
691 2871 818 2908 debere,

80 2925 146 2949 non
166 2917 272 2949 dando
293 2923 326 2948 et
347 2916 559 2957 obsequendo.
605 2916 639 2946 Si
659 2916 694 2945 id
703 2913 760 2955 fit]
780 2913 820 2945 Id

82 2968 141 2998 est,
162 2961 236 2992 Jam
259 2971 278 2991 s
300 2959 410 2991 liberis
429 2958 455 2990 si
473 2957 713 3000 magnipendor.
752 2958 822 2988 Non

863 1491 1043 1530 posteriores
1049 1488 1169 1530 feram]
1187 1489 1379 1520 Sabauditur
1390 1495 1495 1530 portes
1507 1502 1518 1521 .·
1540 1496 1606 1528 aut,

867 1544 924 1564 non
934 1535 1025 1573 parvi
1037 1532 1156 1573 sociam
1170 1531 1287 1572 (fiam),
1302 1532 1337 1563 id
1348 1538 1406 1570 est,
1419 1543 1484 1564 non
1495 1533 1606 1565 vincar

868 1586 886 1606 a
904 1576 1056 1607 Micione.
1098 1576 1142 1606 Et
1163 1575 1329 1607 translatio
1351 1582 1401 1607 est
1421 1586 1440 1607 a
1460 1576 1605 1618 partibus

868 1619 1059 1650 histrionum
1075 1618 1109 1650 in
1125 1618 1239 1650 fabula.
1271 1620 1341 1650 Non
1358 1622 1538 1659 posteriores
1550 1619 1603 1660 se-

865 1661 948 1703 ram]
972 1662 1101 1693 Primus
1122 1662 1157 1693 in
1180 1662 1230 1693 his
1248 1672 1312 1700 ero,
1328 1661 1442 1703 inquit,
1457 1662 1492 1693 in
1508 1661 1557 1704 (in
1571 1674 1606 1694 eo

865 1717 925 1742 ero,
941 1708 1049 1746 inquit,
1063 1708 1084 1737 ι’.
1098 1716 1123 1736 e.
1139 1707 1171 1736 in
1188 1704 1287 1746 Mss.)
1302 1706 1408 1737 dando
1429 1712 1524 1747 atque
1546 1707 1603 1737 ob-

866 1749 1037 1789 sequendo.
1084 1749 1240 1780 D.—-Non
1273 1751 1452 1789 posteriores
1482 1747 1603 1790 seram]

868 1792 941 1823 Hoc
957 1798 1016 1830 est,
1032 1802 1096 1823 non
1110 1791 1268 1834 posterior
1284 1792 1431 1823 habebor.
1464 1792 1502 1823 Ε.

908 1835 960 1867 27.
977 1837 1084 1866 Deerit
1096 1837 1112 1866 ‚⁹
1134 1837 1168 1866 id
1181 1846 1246 1866 mea
1257 1837 1375 1866 minime
1386 1833 1495 1876 refert]
1509 1835 1603 1873 Vide,

865 1888 1031 1909 remanere
1053 1878 1087 1909 in
1106 1878 1230 1909 Demea
1245 1887 1308 1908 non
1324 1877 1454 1925 penitus
1469 1880 1602 1918 ejectam

865 1920 1067 1952 securitatem
1077 1919 1287 1962 (severitatem.
1299 1920 1364 1960 Z.).
1386 1921 1605 1952 D.—Deen‘et

865 1966 899 1995 id
908 1975 973 1995 mea
984 1966 1103 1995 minime
1113 1962 1223 2004 refert]
1250 1963 1357 1995 Facile
1374 1964 1603 2006 patrimonium

865 2017 1015 2049 quaeram,
1031 2007 1116 2038 unde
1131 2006 1304 2048 producam
1322 2006 1428 2038 vitam.
1460 2007 1499 2038 E.

912 2052 939 2081 1.
962 2052 1073 2082 Heus!
1095 2051 1217 2086 Demea,
1233 2048 1440 2091 rogatsroter,
1456 2062 1493 2082 ne
1512 2053 1603 2082 abeas

867 2093 1000 2134 longius]
1019 2092 1083 2124 Hic
1096 2093 1236 2124 ostendit
1246 2099 1352 2135 poeta,
1360 2103 1454 2134 quam
1466 2094 1603 2126 absurde

866 2137 1001 2168 blandus
1023 2143 1157 2168 conetur
1178 2146 1257 2173 esse,
1274 2136 1328 2177 qui
1348 2146 1413 2167 non
1428 2136 1545 2168 soleat:
1569 2142 1604 2169 et

865 2191 959 2221 quam
994 2180 1164 2211 immodica
1192 2179 1236 2210 sit
1262 2179 1432 2221 repentina
1461 2179 1602 2221 largitas,

866 2223 921 2255 ubi
942 2222 1068 2254 animus
1087 2233 1107 2254 a
1127 2222 1283 2264 parcitate
1305 2222 1405 2254 nimia
1420 2222 1455 2254 in
1472 2229 1599 2255 contra-

866 2266 948 2298 rium
958 2266 1072 2298 vitium
1082 2265 1275 2308 profusionis
1286 2265 1472 2297 excurrerit.
1495 2267 1602 2298 Heu!

866 2311 988 2346 Demea,
1011 2315 1099 2350 rogat
1111 2309 1226 2350 frater,
1242 2320 1278 2340 ne
1295 2310 1388 2340 abeas
1404 2309 1537 2351 longius]
1555 2309 1603 2341 Ut

863 2359 1006 2395 apparet,
1018 2354 1085 2393 jam
1106 2352 1277 2384 edormivit
1296 2351 1459 2394 crapulam
1481 2352 1601 2394 Syrus:

864 2404 897 2428 et
918 2396 996 2428 satis
1016 2395 1180 2427 moraliter
1196 2395 1279 2427 dixit
1284 2394 1390 2436 frater
1401 2408 1412 2427 .·
1434 2405 1494 2427 nec
1508 2395 1600 2427 addi-

863 2440 911 2471 dit
931 2445 1008 2471 tuus.
1047 2438 1174 2480 Frater]
1195 2438 1372 2470 Moraliter.
1407 2438 1492 2470 Nam
1510 2439 1601 2472 deest

864 2488 942 2514 tuus.
974 2483 1015 2514 D.

904 2528 933 2557 2.
960 2528 986 2557 Ο
1001 2528 1076 2567 Syre
1088 2530 1197 2562 noster,
1212 2526 1292 2556 soloe
1306 2537 1317 2556 .·
1339 2524 1502 2567 quidsstt]
1524 2525 1603 2558 sm.

861 2580 926 2601 non
947 2569 1015 2600 haec
1042 2569 1166 2605 blanda,
1189 2568 1245 2599 sed
1275 2568 1355 2599 dura
1383 2573 1467 2599 sunt.
1511 2568 1600 2602 Nam

859 2615 939 2644 solve
955 2612 1038 2643 dixit
1052 2612 1092 2650 ei,
1109 2622 1174 2643 non
1189 2611 1292 2643 solum
1305 2621 1399 2652 quem
1411 2621 1496 2654 saepe
1507 2611 1600 2645 vide·

859 2655 910 2693 rit,
930 2655 987 2687 sed
1008 2665 1081 2686 cum
1100 2665 1164 2695 quo
1181 2653 1277 2685 toties
1297 2653 1480 2695 litigaverit.
1518 2654 1602 2691 Quia

853 2701 894 2738 fit
906 2702 921 2729 .⁷
958 2700 1033 2740 quid
1056 2700 1160 2739 agitur
1169 2697 1202 2738 2]
1231 2697 1412 2739 luten-ngat
1438 2703 1472 2729 et
1499 2708 1599 2740 quum

861 2741 951 2779 sciat,
968 2747 1001 2772 et
1012 2750 1111 2780 quum
1125 2741 1255 2772 damnet
1269 2746 1359 2772 actus
1373 2741 1450 2782 ejus.

906 2786 935 2815 3.
958 2783 1068 2825 Recte]
1090 2783 1179 2815 Bene
1193 2783 1360 2825 respondit
1373 2790 1475 2817 recte.-
1493 2784 1546 2817 he
1559 2795 1597 2818 e·

861 2827 929 2859 nim
944 2826 1211 2868 interrogationes
1225 2826 1266 2858 de
1280 2826 1382 2859 salute
1396 2833 1491 2870 uque
1505 2827 1597 2861 ineo-

861 2870 1007 2902 lumitate
1023 2871 1092 2911 ejus
1106 2875 1191 2908 sunt,
1207 2869 1262 2911 qui
1274 2869 1495 2912 interrogatur.
1518 2873 1597 2904 Hae

863 2912 941 2954 trio]
959 2913 1059 2944 Deest
1072 2915 1171 2945 verbo.
1197 2913 1353 2945 D.—Jaa
1366 2925 1445 2946 nune
1456 2917 1521 2947 hee
1533 2918 1597 2947 tria

861 2959 990 2997 primum
1006 2958 1113 2987 addidi
1124 2962 1237 2997 praeter
1250 2956 1407 2999 nomon]
1427 2957 1598 3001 Expressit

1021 3001 1040 3030 3
1059 3008 1085 3030 κ
