1852 3216
470 185 1288 243 COMMENTARIUM·

185 298 407 344 RUFINI
438 297 495 341 V.
525 298 584 340 D.
614 295 1033 340 GRAMMATICI
1064 294 1541 340 ANTIOCHENSIS

557 395 613 446 {N
637 395 814 432 METRA
835 395 1175 432 ΤΕΒΕΝΓῙΑΝΑ.

108 493 253 529 Libellus,
263 472 418 522 adu-«ianm
434 492 465 520 in
477 490 558 530 plur.
576 490 647 520 locis
661 493 828 530 corruptus,
839 490 974 520 meliores
987 489 1102 519 codices
1116 493 1170 519 aut
1184 490 1328 520 medentis
1343 500 1462 520 manum
1475 495 1622 530 expectat.

108 579 344 618 Eun-rmus
371 578 410 615 in
437 575 712 615 commentario
737 574 911 614 Terentii
928 575 976 613 de
998 574 1141 619 fabula,
1166 574 1240 613 hoc
1262 583 1333 621 est,
1353 575 1403 614 de
1420 577 1622 624 comoedia,

108 634 163 671 sic
182 633 299 671 dicit:
328 631 512 670 concinna
530 638 770 681 argumento,
791 629 1059 667 consuetudini
1078 642 1259 679 congrua,
1278 629 1385 667 utilis
1409 632 1622 678 sententiis,

108 695 219 739 grata
237 685 395 730 salibus,
414 681 504 736 apta
520 693 659 722 metro.
704 683 757 721 Et
774 692 908 734 postea
927 683 982 721 sic
999 696 1008 720 :
1037 692 1186 720 veteres
1206 683 1277 721 etsi
1298 684 1357 722 usi
1375 684 1449 735 ipsi
1468 699 1623 737 quoque

108 741 242 779 metris
261 739 515 790 negligentius
535 738 687 776 iambici
706 751 843 775 versus
862 737 1051 775 duntaxat
1070 737 1107 774 in
1126 737 1296 775 secundo
1313 746 1353 776 et
1366 747 1506 788 quarto
1523 740 1622 786 loco,

108 804 236 833 tamen
256 807 279 832 a
296 793 479 832 Terentio
498 792 701 830 vincuntur
726 791 959 829 resolutione
985 790 1100 842 hujus
1125 791 1249 836 metri,
1270 801 1456 842 quantum
1481 802 1622 844 potest,

109 847 335 887 comminuti
356 846 407 885 ad
429 846 635 897 imaginem
654 859 779 896 prosae
798 845 994 883 orationis.
1050 845 1177 895 Asper
1196 845 1234 882 in
1254 847 1528 886 commentario
1546 847 1626 886 Te-

109 902 223 940 rentii
242 902 321 939 sic:
355 901 471 939 hosce
490 914 626 938 versus
650 913 764 950 agere
791 899 996 950 coepisset:
1034 903 1057 919 “
1070 899 1173 938 itane
1194 900 1316 950 patris
1338 900 1395 938 iiis
1412 901 1624 941 adventum

109 959 237 994 ver-'itu
263 955 352 993 hinc
380 956 507 993 abisse
535 953 726 991 domum.”
786 953 839 991 Et
865 953 1047 1003 deinceps
1074 966 1164 1003 quae
1191 962 1405 1003 sequuntur
1431 955 1623 1005 quadrati.

110 1009 322 1048 Diomedes
335 1008 414 1047 sic:
442 1007 701 1058 septenarium
714 1019 869 1045 versum
886 1006 1011 1044 Varro
1029 1006 1112 1044 fieri
1131 1006 1224 1044 dicit
1237 1007 1310 1045 hoc
1327 1008 1457 1053 modo,
1473 1022 1561 1047 cum
1575 1010 1623 1048 ad

110 1064 279 1102 iambum
294 1062 515 1113 trisyllabus
529 1075 599 1112 pes
614 1060 782 1106 additur,
798 1070 838 1098 et
850 1060 894 1098 fit
907 1059 1005 1098 tale:
1028 1064 1051 1081 ‘⁸
1063 1060 1159 1111 quid
1174 1063 1471 1100 immerentibus
1486 1065 1624 1102 noces?

111 1117 207 1168 quid
225 1116 374 1154 invides
393 1115 583 1154 amicisv’
609 1114 783 1153 similiter
801 1114 840 1152 in
857 1114 1044 1152 Terentio
1063 1128 1197 1152 versus
1216 1122 1298 1154 est:

166 1174 190 1192 ‘⁶
207 1170 306 1208 Nam
336 1175 369 1208 si
396 1169 591 1207 rEmittz'mt
618 1172 816 1219 quippiam
845 1168 1084 1206 Phflfimenae
1112 1168 1295 1207 dfilfzresss’
1340 1169 1394 1207 Et
1421 1170 1461 1208 in
1486 1170 1626 1210 Plauto

112 1237 216 1276 saepe
239 1224 334 1262 tales
356 1224 612 1274 reperiuntur.
661 1222 788 1261 Varro
812 1222 862 1260 de
887 1222 1019 1273 lingua
1045 1222 1183 1261 Latina
1209 1222 1259 1260 ad
1286 1223 1518 1263 Marcellum
1546 1226 1626 1264 sic:

112 1291 232 1329 quare
249 1278 287 1316 in
303 1277 526 1329 hujusmodi
544 1277 638 1315 locis
656 1277 748 1327 poni
765 1285 918 1327 oportet
936 1287 1067 1315 notam
1085 1277 1125 1314 in
1143 1285 1405 1316 transversum
1429 1278 1530 1317 inter
1548 1279 1627 1331 syl-

112 1332 233 1378 labas,
260 1332 499 1383 frequentius
526 1331 576 1369 ad
601 1339 819 1368 extremum
837 1343 1006 1375 versum,
1025 1330 1231 1376 senarium,
1250 1339 1289 1369 et
1318 1331 1474 1378 similes,
1500 1333 1533 1371 si
1555 1347 1628 1385 pro

112 1385 229 1438 longa
252 1388 411 1424 brevem
435 1385 651 1430 habebunt,
666 1393 710 1422 ut
734 1384 774 1423 in
802 1385 899 1422 hoc:
929 1386 1112 1422 “amiens
1130 1388 1304 1423 summus
1322 1387 1431 1424 meiis
1450 1391 1490 1425 et
1507 1389 1628 1438 popii-

114 1439 205 1478 laris
224 1439 364 1478 Getass’
409 1438 608 1477 Charisius
626 1439 704 1477 sic:
733 1438 992 1489 septenarium
1011 1451 1167 1476 versum
1189 1438 1273 1476 fieri
1298 1439 1392 1478 dicit
1410 1440 1536 1480 Varro
1554 1442 1629 1480 hoc

114 1494 244 1540 modo,
264 1507 352 1532 cum
369 1493 420 1531 ad
438 1493 608 1531 iambum
626 1492 850 1543 trisyllabus
868 1506 938 1543 pes
956 1492 1123 1537 additur,
1143 1501 1187 1530 ut
1205 1493 1413 1544 praefatum
1431 1503 1503 1533 est.
1531 1495 1628 1534 Bas-

115 1548 195 1586 sius
221 1547 272 1586 ad
300 1547 494 1585 Neronem
522 1547 572 1585 de
599 1546 763 1585 iambico
790 1546 844 1584 sic
872 1546 995 1584 dixit:
1023 1546 1212 1585 iambicus
1238 1556 1367 1585 autem
1393 1561 1481 1586 cum
1508 1549 1629 1600 pedes

115 1602 231 1640 etiam
255 1601 436 1652 dactylici
460 1600 611 1652 generis
637 1610 819 1645 assumat,
840 1599 982 1638 desinit
1009 1600 1196 1638 iambicus
1213 1600 1350 1646 videri,
1370 1601 1444 1639 nisi
1471 1616 1630 1654 percus-

116 1655 224 1694 sione
254 1656 308 1693 ita
335 1654 609 1699 moderaveris,
642 1663 686 1693 ut
717 1667 804 1692 cum
836 1653 976 1705 pedem
1005 1653 1218 1705 supplodis,
1251 1655 1457 1694 iambicum
1489 1657 1628 1696 ferias:

116 1709 281 1760 ideoque
298 1708 363 1747 illa
378 1708 465 1747 loca
481 1708 740 1760 percussionis
757 1721 833 1746 non
851 1708 1042 1759 recipiunt
1059 1708 1177 1746 alium
1195 1722 1310 1759 quam
1335 1709 1517 1757 iambum,
1538 1720 1577 1750 et
1594 1712 1631 1750 ei

117 1776 250 1814 parem
269 1763 530 1801 tribrachum:
558 1770 626 1800 aut
651 1762 685 1800 si
712 1762 869 1800 alterius
893 1762 1138 1800 exhibuerint
1165 1763 1278 1800 metri
1303 1764 1495 1814 speciem:
1524 1766 1631 1816 quod

118 1816 218 1862 dico,
237 1815 416 1867 exemplo
442 1816 579 1854 faciam
604 1815 802 1854 illustrius.
852 1815 926 1853 Est
951 1816 991 1853 in
1020 1816 1211 1854 Eunucho
1235 1816 1407 1855 Terentii
1434 1819 1564 1857 statim
1590 1821 1629 1857 in

118 1871 242 1921 prima
266 1871 406 1921 pagina
429 1870 492 1908 hic
512 1883 647 1907 versus
674 1870 894 1908 trimetrus:
924 1873 948 1890 ‘⁴
961 1869 1142 1914 exclusit,
1162 1871 1326 1916 remeat,
1346 1870 1528 1910 redeam?
1556 1879 1631 1912 non

119 1930 152 1962 si
178 1937 239 1962 me
263 1923 473 1962 obsecret?
522 1923 638 1961 Hunc
661 1923 786 1974 incipe
814 1923 940 1967 ferire,
965 1923 1159 1961 videberis
1183 1923 1344 1962 heroum
1365 1924 1508 1964 habere
1531 1927 1631 1965 inter

118 1991 254 2016 manus
282 1977 331 2016 ad
358 1991 545 2015 summam
576 1977 710 2028 paucis
739 1976 897 2028 syllabis
925 1976 964 2014 in
996 1986 1194 2027 postremo
1224 1979 1395 2023 mutatis,
1429 1988 1533 2018 totus
1559 1982 1634 2019 erit

120 2032 274 2070 herous.
323 2035 346 2052 “
362 2031 553 2076 Exclusit,
572 2039 740 2076 revocat,
761 2030 945 2068 redeam?
973 2044 1049 2068 non
1070 2031 1102 2068 si
1124 2045 1211 2069 mea
1237 2031 1342 2069 fiat.’'
1387 2032 1533 2072 Ponam
1558 2035 1631 2073 du-

121 2086 226 2123 bium
243 2085 414 2123 secundo
427 2086 513 2123 loco
527 2085 677 2136 pedem,
694 2085 853 2135 propius
871 2083 1063 2122 accedam.
1097 2089 1120 2105 “
1131 2085 1261 2123 Heros
1280 2086 1437 2133 atrides,
1457 2088 1631 2127 coelitfim

121 2145 242 2177 testor
270 2139 423 2177 fidem.'’
475 2138 601 2176 Varro
629 2139 666 2176 in
696 2138 789 2176 VII.
820 2137 1009 2176 clausulas
1040 2152 1195 2189 quoque
1225 2140 1392 2190 primum
1422 2142 1633 2192 appellatas

120 2193 266 2238 dicunt,
287 2193 391 2243 quod
417 2192 639 2231 clauderent
666 2192 907 2237 sententiam,
934 2200 978 2229 ut
1008 2192 1112 2243 apud
1133 2192 1320 2231 Accium:
1350 2197 1437 2232 “an
1454 2195 1539 2234 haec
1550 2197 1634 2247 jam

120 2246 229 2285 obliti
247 2256 336 2284 sunt
355 2247 529 2298 Phryges
543 2247 589 2284 2⁹⁷
626 2246 912 2297 Nonnunquam
933 2247 981 2283 ab
999 2246 1059 2283 his
1078 2246 1227 2284 initium
1248 2246 1304 2292 fit,
1324 2257 1366 2286 ut
1385 2248 1488 2299 apud
1508 2249 1634 2289 Caeci-

120 2300 235 2338 lium:
266 2301 344 2338 “di
370 2302 456 2340 boni
482 2301 575 2351 quid
602 2300 729 2338 h6e?”
777 2300 895 2351 Apud
924 2299 1177 2338 Terentium:
1207 2300 1452 2340 “discriicit'ir
1479 2305 1636 2342 finimiss'

123 2354 231 2392 Idem
251 2353 376 2393 Varro
404 2355 442 2392 in
470 2355 607 2393 eodem
634 2352 701 2393 lib.
722 2353 816 2392 VII.
846 2354 893 2391 de
921 2353 1054 2404 lingua
1080 2353 1218 2392 Latina
1245 2354 1294 2392 ad
1323 2354 1554 2395 Marcellum
1579 2359 1635 2397 sic

123 2407 240 2446 dicit:
268 2417 335 2446 aut
364 2408 401 2446 in
430 2418 646 2446 extremum
676 2409 867 2446 senarium
896 2407 1058 2446 totidem
1089 2408 1350 2459 semipedibus
1379 2409 1540 2460 adjectis
1568 2411 1637 2450 fiat

124 2462 292 2499 comicus
324 2462 545 2513 quadratus,
579 2471 622 2500 ut
653 2462 741 2500 hic:
775 2462 897 2500 “heri
929 2461 1078 2512 aliquot
1109 2462 1384 2500 adolescentuli
1417 2464 1563 2503 coimus
1595 2466 1635 2504 in

123 2515 311 2553 Piraeeo.’'
355 2516 570 2554 Trimetros
590 2530 725 2554 versus
755 2515 939 2554 iambicos
956 2515 1128 2554 Terentii
1146 2526 1185 2554 et
1203 2515 1330 2554 Plauti
1349 2526 1388 2554 et
1407 2526 1636 2558 caeterorum

125 2569 355 2607 comicorum
374 2579 413 2607 et
430 2571 662 2621 tragicorum
683 2569 742 2607 M.
758 2569 910 2607 Tullius
930 2570 1100 2608 senarios
1119 2570 1214 2608 dicit
1232 2580 1271 2608 et
1286 2571 1468 2610 nominat.
1510 2573 1640 2616 Quin-

126 2621 280 2660 tilianus
298 2623 413 2661 etiam
430 2624 624 2662 trimetros
644 2624 815 2662 senarios
833 2624 1058 2662 nominavit.
1094 2623 1145 2661 Et
1165 2623 1321 2662 Flavius
1340 2622 1466 2675 Caper
1483 2626 1523 2665 in
1542 2628 1636 2666 arti-

125 2676 198 2713 bus
217 2677 295 2714 suis
321 2677 515 2716 trimetros
534 2692 669 2716 versus
697 2678 881 2715 iambicos
899 2677 1073 2716 Terentii
1100 2677 1269 2715 senarios
1296 2678 1518 2730 appellavit.
1574 2681 1638 2720 De

126 2730 258 2767 metris
275 2729 446 2769 Terentii
463 2739 502 2769 et
517 2731 642 2770 Plauti
659 2739 698 2769 et
712 2740 941 2769 caeterorum
956 2732 1190 2770 comicorum
1203 2739 1243 2768 et
1255 2731 1488 2783 tragicorum
1503 2733 1640 2773 Victo-

127 2783 231 2821 rinus
246 2783 300 2821 sic
311 2783 426 2822 dicit:
447 2795 631 2835 quantum
643 2794 770 2824 autem
783 2785 834 2823 ad
846 2799 1001 2823 versum
1013 2785 1201 2823 comicum
1212 2793 1374 2836 spectat,
1384 2795 1429 2825 nt
1441 2787 1639 2838 paululum

127 2850 347 2887 evagemur,
376 2838 455 2876 scio
481 2838 667 2890 plurimos
695 2839 899 2885 affirmare,
926 2839 1178 2877 Terentianae
1205 2839 1268 2877 vel
1295 2840 1462 2879 maxime
1490 2841 1639 2881 fabulas

127 2900 293 2928 metrum
325 2891 374 2928 ad
403 2891 645 2943 disciplinam
674 2892 902 2931 Graecarum
936 2892 1214 2931 comoediarum
1243 2907 1322 2932 non
1352 2894 1579 2941 custodisse,
1613 2897 1638 2935 i.

128 2957 222 2993 quas
251 2944 476 2991 Menander,
496 2945 712 2992 Philemon,
734 2946 927 2998 Diphilus,
953 2955 991 2984 et
1018 2947 1147 2985 caeteri
1175 2946 1391 2986 ediderunt.
1440 2949 1575 2988 Nostri
1601 2964 1640 2988 n.

850 3015 874 3036 a
894 3013 915 3038 c
