1852 3216
110 131 252 161 scena
272 116 342 173 11.]

699 118 1040 163 HECYRA.

1551 94 1635 162 ἑ183
1647 111 1656 118 ·’

192 208 312 250 Bene
333 208 612 252 conveniebat
631 210 867 253 saneinter
884 224 958 253 eas
975 225 984 253 ε
1018 210 1186 254 interim
1220 227 1222 229 ·

191 273 316 315 Miris
337 274 474 315 modis
495 275 639 317 odisse
660 276 793 332 coepit
812 276 1073 319 Sostratam:
1104 288 1109 308 s

111 346 171 377 105
192 338 350 394 Neque
370 338 465 381 lites
483 339 580 382 ullae
600 341 710 383 inter
729 356 816 392 eas,
837 341 1070 398 postulatio

193 403 442 460 Nunquam.
474 404 558 448 ΡΗ.
571 405 690 454 Quid
703 407 857 463 igitur?

888 407 969 450 ΡΑ.
985 409 1032 450 Si
1048 408 1220 464 quando
1227 407 1383 452 adeam
1392 411 1633 451 accesserat

194 469 540 521 confabulatum,
563 471 711 527 fugere
731 487 755 514 e
776 480 1009 528 conspectu
1028 473 1147 516 ilico:

197 534 361 577 Videre
382 534 494 577 nolle
511 552 522 577 t
553 536 736 593 denique
756 538 830 580 ubi
849 553 935 580 non
954 540 1046 595 quit
1065 540 1170 595 pati,

194 600 373 643 Simulat
392 616 437 643 se
458 617 483 643 a
503 609 637 644 matre
657 604 815 645 arcessi
834 604 890 645 ad
909 619 998 647 rem
1018 605 1199 648 divinam
1219 622 1229 648 z
1260 605 1378 648 abiit.

111 674 180 705 110
195 666 284 708 Ubi
303 666 385 709 illic
406 667 497 709 dies
519 675 586 710 est
604 668 847 724 compluriS,
869 671 1028 712 arcessi
1041 671 1191 726 jubet:

196 731 359 774 Dixere
381 747 551 774 causam
574 740 689 785 tunc,
711 735 855 777 nescio
874 750 1024 790 quam:
1055 736 1207 779 iterum
1223 737 1377 793 jubet:

152 830 156 836 .
190 797 334 839 Nemo
353 798 514 840 remisit
530 815 540 839 :
571 807 800 855 postquam
818 809 1041 843 arcessunt
1060 802 1251 857 saepius,-

108 893 184 924 dum
200 892 311 924 audire
326 892 478 934 cupienti,
495 893 546 924 vel
562 893 650 934 quasi
669 894 708 925 ad
727 894 843 926 moles-

107 942 173 967 tam
195 935 470 978 percontatricem.
505 937 727 978 D.—Repone
746 939 859 977 primo-

107 981 159 1010 hos
173 981 355 1020 diesffcompl.
396 979 447 1010 Ita
469 976 845 1022 enim'passim,'aliquot

106 1024 159 1053 hos
174 1024 247 1059 dies,
265 1027 321 1053 etc.
353 1022 390 1053 Β.

153 1066 222 1096 103.
244 1067 328 1097 Bene
350 1067 540 1096 conveniebat
561 1065 648 1108 sane]
672 1068 764 1104 Bene,
786 1077 845 1108 pro

106 1108 262 1140 multum:
285 1115 317 1139 et
331 1119 412 1146 sane,
428 1108 550 1139 valide:
575 1109 650 1150 quia
665 1109 719 1150 qui
738 1120 843 1147 sanus,

107 1151 192 1183 idem
216 1158 248 1182 01
270 1151 404 1183 validus.
443 1152 685 1184 D.—Rescribe
707 1163 748 1190 ex
774 1154 843 1186 cod.

107 1194 211 1235 Regio
226 1197 407 1226 convenibat.
441 1195 478 1226 Β.

151 1239 221 1269 104.
245 1239 370 1270 Interim
392 1241 477 1269 miris
498 1240 593 1270 modis
621 1238 735 1280 odisse]
769 1239 843 1271 Huc

106 1291 207 1322 usque
230 1281 463 1313 Parmenonem
485 1288 581 1330 poeta
607 1283 705 1313 verba
732 1293 844 1324 passus

106 1331 155 1355 est
164 1325 286 1356 dicere:
310 1332 426 1356 caetera
437 1326 561 1366 actibus
573 1331 766 1364 servaturus.
789 1327 844 1365 Ju-

107 1370 194 1398 terim
206 1370 292 1399 miris
302 1367 412 1408 modis]
427 1367 512 1399 Mire
525 1367 564 1399 ad
574 1368 671 1399 finem
681 1368 845 1400 eomoediae

107 1419 215 1442 rerum
245 1411 429 1452 explanatio
455 1417 645 1443 reservatur.
698 1412 845 1453 Namque

107 1453 135 1485 si
163 1464 294 1494 quaeras,
318 1454 439 1485 fallitur
465 1455 632 1492 Parmeno,
655 1465 753 1495 quum
779 1465 845 1486 non

107 1497 181 1528 odio
202 1507 322 1535 socrus,
344 1497 401 1528 sed
423 1497 544 1538 pudore
570 1497 764 1529 simultatem
787 1498 843 1529 ad-

106 1549 218 1572 versus
251 1550 377 1571 socrum
413 1540 603 1572 Philumena
635 1541 843 1573 simulaverit.

106 1582 250 1624 Interim]
265 1583 365 1614 Modo
376 1590 527 1625 repente:
552 1591 584 1615 et
597 1590 645 1615 est
657 1584 843 1616 adverbium

105 1627 269 1668 temporis.
312 1628 406 1658 Miris
423 1626 533 1668 modis]
559 1627 653 1658 Miris
676 1627 842 1669 exemplis.

106 1670 276 1701 D.—Cum
305 1670 391 1712 apud
423 1670 623 1708 Cledonium,
647 1681 719 1713 pag.
750 1671 842 1702 1915.

105 1723 296 1754 quamquam
318 1713 480 1751 mendose,
496 1713 585 1746 locus
606 1720 715 1745 noster
732 1714 842 1746 laude-

106 1762 158 1787 tur
180 1756 243 1791 sic3
273 1757 366 1787 Miris
387 1759 480 1787 modis
502 1759 597 1788 odisse
618 1759 706 1789 aiunt
726 1759 842 1789 adoles-

105 1804 216 1830 centem
239 1801 405 1830 Sostratam
416 1811 428 1835 ,·
465 1799 547 1831 forte
575 1800 627 1831 hic
657 1810 716 1842 pro
743 1803 843 1841 coepit,

105 1842 191 1883 quod
202 1841 294 1873 facile
306 1848 412 1884 potest
427 1842 634 1884 subintelligi,
647 1843 842 1875 substituen-

105 1885 181 1916 dum
198 1892 246 1916 est
259 1887 427 1917 adolescens
436 1899 449 1921 ‚·
470 1886 555 1926 quod
571 1886 675 1928 ipsum
692 1886 731 1917 de
747 1887 842 1918 mulia

104 1938 159 1959 ere
174 1928 312 1959 occurrit
327 1929 411 1959 infra
426 1929 468 1959 iv.
485 1930 513 1959 4.
532 1930 581 1960 39.
600 1935 631 1960 et
646 1929 731 1960 alibi.
762 1930 799 1961 B.

112 1991 114 1993 v
150 1973 219 2003 105.
236 1971 422 2012 Postulatio]
439 1972 672 2014 Expostulatio‚
689 1973 817 2012 querela
834 1985 843 2004 t

104 2014 160 2046 sed
179 2015 309 2057 proprie
339 2017 535 2055 expostulatio
562 2022 611 2047 est
637 2016 722 2057 apud
752 2015 844 2048 illum

104 2058 219 2100 ipsum,
237 2058 291 2099 qui
307 2059 506 2100 peccaverit:
526 2061 700 2099 postulatio,
724 2059 764 2090 de
786 2059 841 2090 illo

105 2101 190 2142 apud
206 2101 349 2133 alterum.
384 2102 424 2132 D.

152 2145 221 2175 106.
248 2147 330 2179 Quid
351 2147 447 2186 igitur
459 2144 492 2186 ?]
511 2145 612 2176 Recte
628 2145 718 2182 dixit,
736 2145 764 2176 si
780 2145 843 2176 hoc

105 2197 170 2219 non
186 2187 255 2225 fuit,
273 2188 350 2229 quid
366 2189 468 2229 ergo?
508 2190 684 2226 Postulatio,
701 2189 839 2229 querela,

105 2236 139 2262 et
165 2231 254 2272 quasi
278 2233 366 2272 justa
391 2231 595 2273 interpositio
630 2231 841 2272 querelarum.

107 2274 229 2305 D.-—Si
244 2277 360 2315 quando
382 2277 424 2306 ad
438 2286 502 2306 eam
518 2280 684 2306 accesserat
699 2275 841 2316 confabu-

107 2319 209 2355 latum,
213 2316 325 2358 sugere
337 2329 352 2349 e
362 2323 517 2358 conspectu
529 2320 598 2349 ilico
610 2331 619 2349 .·
635 2321 735 2350 videre
748 2318 842 2359 nolle]

107 2360 189 2391 Cum
205 2371 314 2392 socrus
326 2362 476 2392 accedere
493 2361 589 2392 vellet
605 2361 787 2402 frequenter
802 2362 842 2393 ad

107 2412 234 2441 nurum,
250 2414 335 2445 810ρο
356 2404 506 2445 fugiebat.
553 2404 724 2445 Fugitandi
747 2415 843 2436 causa

107 2446 174 2476 haec
186 2453 249 2485 est,
262 2447 336 2486 quia
350 2447 457 2489 puella
469 2454 527 2485 est,
543 2458 638 2488 quam
655 2448 842 2490 Pamphilus

107 2488 241 2520 violarat
255 2489 424 2530 aliquando
440 2497 542 2528 noete,
559 2498 590 2523 et
607 2501 647 2522 ex
669 2491 724 2522 illa
739 2502 842 2522 annu-

107 2531 173 2562 lum
187 2532 377 2570 detraxerat,
394 2540 426 2564 et
441 2534 522 2565 hanc
538 2540 611 2575 post
626 2534 705 2565 duos
717 2545 843 2566 menses

106 2574 200 2605 duxit
222 2585 363 2612 uxorem,
381 2583 414 2607 et
427 2576 550 2608 duobus
572 2578 735 2609 mensibus
757 2588 840 2619 nup-

107 2618 223 2649 tiarum
236 2628 306 2649 eam
321 2629 385 2649 non
398 2620 521 2660 attigit:
545 2626 618 2661 post
633 2631 708 2652 vero
719 2631 790 2652 cum
805 2631 842 2652 ea

107 2670 176 2692 esse
188 2661 295 2702 coepit.
334 2662 386 2692 Ex
400 2662 505 2703 primo
516 2673 699 2704 compressu
711 2664 843 2704 gravida

105 2704 190 2735 facta
220 2710 269 2735 est
298 2704 412 2746 puella.
459 2705 532 2736 Hoc
562 2705 660 2746 igitur
686 2713 841 2743 metuens,

107 2748 191 2788 quod
218 2749 285 2787 jam
312 2747 443 2788 gravida
470 2758 539 2779 esse
565 2749 723 2790 coepisset‚
752 2759 842 2780 suam

107 2790 311 2834 praesentiam
335 2801 435 2822 nurus
458 2791 563 2822 socrui
589 2791 775 2832 denegabat,
801 2803 843 2823 ne

106 2840 218 2876 partus
240 2834 275 2865 in
291 2840 382 2865 utero
397 2841 590 2865 cerneretur.
637 2834 757 2866 Eadem
777 2835 843 2866 dis-

107 2877 193 2908 cedit
208 2877 248 2908 ad
264 2883 407 2914 matrem,
423 2879 465 2908 ad
479 2888 539 2908 rem
555 2879 696 2915 divinam,
713 2878 773 2909 hoc
784 2885 843 2916 est,

108 2926 240 2962 propter
261 2920 451 2951 sacrificium
469 2926 607 2952 evocata.
653 2921 777 2963 Saepius
793 2932 843 2952 re-

107 2962 166 3002 dit,
189 2970 221 2995 et
242 2962 376 3006 (Saepius
396 2966 526 3004 repetita
545 2969 590 2996 est
615 2966 670 2996 sed
685 2964 737 3005 Z.)
760 2974 844 3006 aegra

887 894 1036 927 simulata
1049 901 1114 932 est;
1137 902 1169 927 et
1180 907 1289 928 socrus
1299 906 1371 928 cum
1381 896 1421 927 ad
1432 894 1628 927 visitandum

887 938 1020 976 veniret,
1037 939 1176 970 admissa
1191 950 1255 971 non
1272 946 1329 971 est.
1368 939 1432 971 Sed
1446 939 1492 971 ita
1507 939 1575 970 haec
1590 944 1628 970 ut

886 981 1079 1021 conjecturis
1094 982 1271 1020 confirmet,
1289 993 1359 1024 quae
1373 983 1497 1023 (Itaque
1512 984 1561 1013 hic
1575 993 1627 1013 ve-

886 1025 932 1055 lut
950 1024 1129 1065 conjecturis
1149 1027 1309 1065 coufirmat,
1337 1028 1415 1067 quod
1443 1026 1503 1064 Z.),
1526 1026 1554 1056 si
1574 1025 1627 1057 vel

888 1074 1020 1109 propter
1033 1067 1124 1105 iram,
1139 1068 1189 1100 vel
1205 1076 1336 1110 propter
1351 1069 1424 1100 odia
1439 1080 1512 1100 cum
1530 1070 1625 1100 Pam-

886 1110 976 1152 philo
986 1121 1055 1142 esse
1067 1112 1133 1152 jam
1148 1111 1255 1149 nollet,
1268 1112 1388 1143 idcirco
1403 1112 1540 1144 infirmae
1550 1119 1627 1143 sunt

888 1154 967 1194 (sint
984 1154 1038 1194 Z.)
1055 1155 1185 1196 nuptiae.
1232 1156 1318 1187 Nam
1332 1167 1420 1187 sene-z·
1442 1162 1534 1197 pater
1554 1167 1626 1187 rure

886 1199 967 1228 venit
976 1210 986 1228 .-
1007 1203 1124 1237 patrem
1133 1201 1271 1230 continuo
1285 1202 1418 1230 convenit
1430 1201 1625 1232 Philumenae.

887 1242 931 1271 Et
953 1243 1027 1281 quid
1049 1244 1175 1283 egerint,
1201 1242 1324 1273 nescire
1344 1253 1378 1274 se
1400 1253 1512 1274 servus
1536 1242 1626 1274 dicit.

891 1283 941 1314 Ita
952 1283 992 1315 ad
1007 1282 1203 1325 postremum
1217 1285 1378 1316 conclusio
1391 1291 1448 1324 est,
1462 1293 1494 1317 et
1509 1287 1626 1328 proba·

889 1332 966 1364 tum,
983 1327 1067 1367 quod
1082 1327 1218 1359 infirmae
1233 1328 1299 1360 sint
1315 1329 1445 1370 nuptiae.
1477 1330 1515 1361 E.

934 1369 1004 1403 107.
1027 1372 1146 1412 Fugere
1167 1382 1183 1402 e
1204 1376 1360 1411 conspectu
1382 1371 1480 1413 illico]
1505 1373 1594 1404 Bene
1609 1383 1628 1404 e

887 1418 1063 1453 conspectu.-
1095 1420 1215 1455 utpote,
1247 1425 1317 1455 quae
1342 1422 1470 1447 caveret
1492 1416 1625 1457 gravida

887 1456 1034 1498 intelligi.
1080 1456 1143 1487 Sed
1174 1464 1281 1488 tamen
1316 1458 1490 1500 subjungit,
1524 1461 1626 1490 videre

887 1501 986 1531 nolle.-
1025 1505 1061 1531 ut
1084 1499 1266 1541 ignorantia
1292 1501 1502 1534 Parmenonis
1523 1513 1623 1545 appa-

886 1549 965 1579 reat,
988 1543 1042 1583 qui
1065 1550 1289 1584 argumentum
1311 1545 1457 1577 odiorum
1477 1545 1624 1583 credidit,

887 1585 971 1626 quod
993 1586 1184 1618 Philumena
1206 1597 1309 1628 neque
1325 1587 1427 1619 videri
1444 1589 1548 1626 vellet,
1566 1599 1625 1620 ne-

886 1639 947 1669 que
964 1628 1081 1661 videre.
1118 1631 1237 1671 Fugere
1251 1642 1267 1662 e
1280 1630 1452 1672 conspeetu]
1470 1632 1522 1664 Ne
1535 1632 1624 1665 vide-

884 1678 983 1703 retur.
1015 1673 1057 1704 D.
1620 1686 1622 1689 ·

932 1716 1001 1747 108.
1029 1717 1137 1748 Videre
1158 1716 1252 1758 nolle]
1278 1717 1329 1748 Ne
1348 1717 1481 1749 videret.
1526 1720 1624 1750 Deni-

886 1770 942 1799 que
959 1761 1012 1790 ubz'
1033 1771 1090 1791 uon
1105 1762 1171 1800 quit
1190 1759 1275 1801 pati]
1301 1760 1374 1792 Pati
1397 1767 1430 1792 et
1452 1761 1623 1799 sustinere,

887 1808 920 1842 et
948 1801 1100 1833 sustineri
1132 1802 1271 1844 intelligi
1306 1810 1413 1845 potest
1443 1804 1501 1835 hoc
1531 1804 1601 1836 loco
1614 1816 1626 1836 τ

887 1850 994 1877 utrum
1023 1851 1192 1886 postquam
1223 1857 1287 1877 non
1323 1846 1429 1888 potuit
1464 1847 1623 1881 sustinere

885 1889 1036 1919 socrum?
1060 1899 1100 1919 an
1120 1896 1288 1930 postquam
1310 1888 1398 1920 illam
1413 1900 1523 1922 socrus
1539 1890 1623 1922 ferre

886 1941 951 1962 non
966 1931 1081 1972 potuit,
1094 1931 1140 1962 810
1155 1942 1189 1962 80
1201 1932 1358 1964 celantem
1370 1943 1486 1966 nurum
1498 1934 1511 1964 t
1543 1934 1624 1967 Ρο1-Δ

886 1976 935 2005 est
965 1974 1061 2005 etiam
1087 1974 1133 2005 sic
1157 1974 1303 2016 intelligi,
1333 1975 1398 2007 Ubi
1421 1986 1486 2009 non
1515 1977 1624 2018 potuit

886 2023 1057 2058 augmenta
1088 2017 1153 2049 odii
1183 2018 1233 2049 sui
1262 2018 1332 2060 ipsa
1362 2029 1461 2050 nurus
1491 2020 1559 2061 pati
1589 2021 1625 2052 etl

884 2060 1058 2097 continere,
1077 2061 1228 2102 migravit
1249 2061 1289 2093 ad
1311 2072 1436 2093 socrum
1454 2062 1488 2103 (a
1504 2063 1621 2103 socru).

884 2105 954 2134 Non
965 2105 1031 2144 quit
1041 2103 1128 2144 pati]
1143 2104 1294 2136 Tolerare
1307 2111 1362 2136 aut
1373 2105 1501 2137 tolerari
1515 2118 1522 2137 :
1546 2106 1622 2148 quia

880 2148 982 2187 patior
1001 2157 1169 2178 commune
1193 2154 1250 2179 est.
1297 2148 1381 2179 Nam
1401 2151 1504 2189 patior
1527 2155 1565 2188 te,
1588 2155 1625 2181 et

883 2201 902 2220 α
919 2195 957 2227 te,
974 2189 1117 2221 dicimus.
1153 2191 1308 2222 D.—Non
1321 2194 1387 2232 quit
1398 2191 1484 2233 pati]
1503 2193 1565 2224 Ms.
1579 2193 1621 2224 R.

885 2243 942 2264 nou
957 2235 1054 2273 quivit
1065 2236 1141 2273 pati.
1174 2234 1211 2265 L.

932 2277 1001 2307 109.
1028 2276 1133 2317 Abiit]
1163 2277 1297 2318 Proprie
1326 2280 1425 2309 abiit.-
1456 2279 1530 2319 quia
1555 2289 1621 2312 non

886 2319 1094 2361 exspectavit,
1123 2326 1159 2351 ut
1187 2320 1378 2352 mitteretur.
1431 2322 1622 2354 D.—Recte

887 2362 1063 2394 Bembinus
1078 2363 1174 2394 habet
1189 2366 1231 2395 ad
1244 2370 1368 2396 matrem
1380 2377 1392 2401 ‚·
1415 2371 1448 2396 et
1468 2376 1527 2407 pro
1542 2368 1622 2398 abiit

885 2405 963 2447 legit
979 2408 1052 2437 abit.
1086 2407 1123 2437 B.

932 2450 1001 2480 110.
1033 2451 1092 2480 Ubi
1112 2451 1177 2481 illic
1197 2452 1262 2482 dies
1282 2455 1328 2481 est
1348 2450 1528 2492 complures]
1549 2451 1619 2493 Ἀρ-

885 2491 983 2533 χαίως
998 2494 1071 2531 dies,
1091 2503 1154 2523 non
1171 2495 1276 2524 diebus
1290 2493 1381 2524 dixit.
1428 2496 1549 2526 Arcessi
1561 2495 1620 2536 ju-

888 2535 951 2576 bet]
978 2536 1062 2566 Non*
1078 2536 1200 2567 addidit
1223 2548 1298 2577 quae,
1322 2536 1397 2577 quia
1420 2537 1622 2580 intelligitur.

886 2579 1049 2610 D.-—-Dies
1064 2585 1109 2611 est
1124 2579 1297 2621 compluris]
1316 2579 1470 2612 Priscian.
1488 2581 1541 2614 lib.
1558 2581 1604 2614 iii.

931 2623 1000 2653 111.
1024 2624 1136 2653 Dia-ere
1159 2634 1279 2654 causam
1303 2628 1373 2654 tunc
1394 2625 1620 2667 nescioquam]

888 2665 966 2696 Ideo
988 2667 1085 2696 nescio
1099 2677 1196 2706 quam,
1212 2665 1287 2706 quia
1308 2665 1427 2698 nullius
1456 2669 1626 2706 momenti,-

885 2718 922 2739 ac
936 2708 1056 2739 falsam.
1090 2708 1266 2750 D.—Ejice
1281 2708 1360 2740 illud
1374 2715 1445 2748 tum,
1459 2717 1514 2742 aut
1530 2717 1621 2749 tunc,-

885 2752 969 2791 quod
994 2757 1026 2782 et
1050 2761 1176 2782 versum
1201 2758 1320 2792 gravat,
1343 2758 1376 2783 01
1397 2753 1505 2785 80110111
1525 2754 1622 2787 habet

885 2794 1050 2830 incertam,
1068 2801 1100 2825 et
1112 2794 1191 2825 nihil
1207 2794 1331 2826 confert
1344 2797 1521 2830 tententiae.
1553 2798 1591 2830 B.

931 2838 1001 2867 112.
1027 2838 1121 2868 Nemo
1143 2837 1275 2879 remisit]
1303 2838 1369 2870 Hic
1387 2840 1455 2880 ,iam
1478 2841 1621 2884 apertius

886 2879 995 2910 odium
1007 2879 1142 2918 videtur,
1155 2880 1210 2912 ubi
1222 2891 1280 2913 nec
1291 2882 1359 2922 jam
1374 2882 1504 2924 fingitur
1514 2895 1619 2916 causa.

887 2923 1048 2963 Postquam
1083 2923 1256 2966 arcessunt]
1293 2924 1488 2959 Subauditur
1515 2931 1621 2965 nostri,

888 2965 920 2997 id
936 2973 994 3004 est,
1011 2965 1100 2998 missi
1115 2977 1134 2999 a
1149 2978 1259 2999 socru:
1274 2969 1435 3010 Postquam
1449 2971 1621 3012 arcessunt]
