1852 3216
144 115 285 145 semu
303 102 367 158 v.]
438 101 1381 147 HEAUTONTIMORUMENOS.

1588 106 1673 149 327

201 192 286 235 Cn.
310 192 473 235 Videre
492 193 634 249 egisse
647 193 738 248 jam
756 193 902 235 nescio
921 193 1027 249 quid
1046 208 1144 236 cum
1164 209 1280 237 sene.

199 257 278 300 SY.
302 257 374 300 De
395 257 467 300 illo
486 258 604 314 quod
625 258 819 301 dudum?
849 258 1012 301 dictum
1027 274 1078 302 ac
1097 259 1256 302 factum
1275 259 1460 302 reddidi.

200 324 285 367 Cn.
305 324 484 367 Bonane
505 324 626 367 fide?
674 324 752 367 Sv.
776 323 900 366 Bona
918 323 1078 367 hercle.
1129 325 1214 367 Cu.
1235 325 1340 367 Non
1359 340 1535 382 possum
1556 327 1646 382 pati

198 389 318 438 Quin
337 390 415 432 tibi
435 398 567 446 caput
584 389 870 432 demulceam:
901 391 1060 433 accede
1080 391 1181 442 huc,
1204 391 1342 447 Syre:

144 464 183 494 15
199 455 371 498 Faciam
389 456 590 498 boni-tibi
610 455 771 511 aliquid
791 470 872 511 pro
892 455 975 498 ista
993 470 1055 507 re,
1077 471 1127 499 ac
1148 456 1315 499 lubens.

198 520 277 563 SY.
299 521 363 564 At
386 523 421 563 si
442 522 567 572 scias,
589 537 717 577 quam
737 522 842 564 scite
862 522 906 563 in
925 530 1110 565 mentem
1130 524 1308 565 venerit.

198 586 283 629 Cn.
307 587 433 630 Vah!
465 587 651 643 gloriare
671 589 864 630 evenisse
885 603 940 631 ex
962 589 1202 631 sententia?

199 653 276 695 SY.
299 653 401 695 Non
422 653 566 696 hercle
587 669 712 696 vero:
744 669 890 696 verum
910 655 1022 699 dico.
1073 654 1158 697 CH.
1183 654 1285 705 Dic,
1304 655 1407 710 quid
1428 657 1528 698 est?

198 719 276 760 δι’.
299 718 388 760 Τιιί
408 718 667 775 Clitiphonis
686 734 784 762 esse
804 721 981 762 amicam
1001 720 1113 763 hanc
1134 720 1398 763 Bacchidem

141 790 183 820 20
199 783 461 827 Menedemo
483 785 593 826 dixit
614 785 776 836 Clinia3
807 793 853 827 et
871 801 923 828 ea
942 787 1080 842 gratia

198 850 354 892 Secum
374 851 623 900 adduxisse,
643 865 699 892 ne
718 858 767 892 tu
787 851 831 892 id
850 852 1203 907 persentisceres.

197 915 282 958 Cn.
305 914 464 958 Probe.
516 916 595 957 SY.
619 915 704 958 Dic
723 916 866 958 sodes.
917 916 1003 958 Cn.
1024 916 1234 968 Nimium,
1255 918 1445 973 inquam.
1492 917 1572 961 SY.
1593 917 1676 961 Im-

281 996 350 1023 mo
370 981 407 1023 si
427 981 550 1023 scias.

194 1045 285 1088 Sed
305 1061 435 1102 porro
453 1045 663 1097 ausculta,
685 1047 804 1102 quod
823 1054 1025 1103 superest
1045 1046 1238 1091 fallaciae.

194 1110 302 1154 Sese
322 1113 415 1168 ipse
436 1112 552 1154 dicet
571 1119 688 1154 tuam
707 1112 865 1155 vidisse
884 1113 1015 1156 filiam
1032 1131 1043 1156 ε

137 1185 178 1215 25
196 1177 307 1233 Ejus
329 1178 410 1220 sibi
429 1176 725 1233 complacitam
743 1177 937 1230 formam,
957 1186 1189 1235 postquam
1207 1181 1452 1236 aspexerit:

192 1243 322 1287 Hanc
334 1259 493 1300 cupere
505 1259 699 1287 uxorem.
731 1244 816 1287 Cn.
833 1244 1028 1287 Modone
1040 1261 1138 1301 quae
1151 1246 1324 1288 inventa
1336 1249 1430 1288 est?
1452 1247 1532 1289 SY.
1545 1247 1670 1290 Eam.

134 1391 208 1420 at?
234 1388 298 1431 ipsi
318 1399 445 1429 quoque
465 1388 547 1430 Syro
569 1388 740 1420 tribuenda
761 1395 880 1421 censet.

137 1432 236 1463 Male.
276 1432 398 1463 Melius
416 1432 617 1463 conveniunt
636 1432 802 1464 Chremeti
823 1443 880 1464 cu-

134 1474 239 1517 pienti
254 1475 376 1512 audire.
392 1475 470 1516 quid
485 1486 559 1506 cum
574 1485 652 1506 sene
668 1475 779 1516 egerit.
813 1476 849 1507 Z.

181 1519 230 1549 11.
251 1520 360 1550 Videre
369 1518 483 1560 egisse]
500 1518 633 1560 Colligit
644 1519 705 1550 hoc
721 1529 762 1550 ex
775 1519 881 1551 verbis

135 1561 219 1603 Syri,
237 1572 258 1592 a
278 1572 342 1602 quo
363 1568 592 1603 exoptaretur·
624 1562 775 1594 credebat
794 1562 882 1594 enim

133 1615 245 1642 senex,
255 1615 291 1636 se
299 1615 320 1636 a
329 1615 424 1636 servo
433 1615 498 1636 non
507 1605 622 1647 optari,
633 1605 696 1636 nisi
707 1605 812 1647 gratia
821 1606 880 1637 fal-

133 1647 246 1680 laciae·
237 1658 271 1679 ιιι
287 1648 527 1680 Menedemum.
549 1648 745 1680 c—Vndm
765 1648 879 1690 egisse]

137 1691 189 1722 De
210 1700 249 1722 eo
270 1692 357 1732 quod
377 1698 485 1723 tecum
505 1691 633 1723 locutus
655 1702 737 1730 sum,
760 1692 880 1724 videris

130 1736 199 1775 jam
220 1734 341 1776 aliqiiid
363 1734 489 1766 fecisse.
527 1735 613 1766 Nam
627 1745 727 1777 supra
740 1735 796 1774 ait,
808 1738 879 1767 hnic

133 1783 236 1809 nostro
251 1780 368 1809 tradita
382 1783 428 1809 est
439 1780 605 1818 provincia.
636 1778 676 1810 E.

181 1821 229 1852 12.
254 1823 301 1852 Ac
313 1821 435 1862 factm
456 1821 595 1870 reddidx]
618 1821 737 1853 Secure
758 1827 790 1853 et
805 1832 879 1852 cum

133 1874 251 1906 magna
267 1864 402 1896 audacia
422 1864 637 1906 pronunciat.
669 1871 702 1896 et
724 1865 797 1906 plus
818 1871 878 1902 est,

131 1917 229 1948 quam
245 1907 273 1938 si
288 1907 501 1948 diceres-feci.
532 1908 569 1939 C.
571 1909 741 1939 ——Dictum
755 1919 791 1939 ac
804 1907 878 1948 sac-

133 1950 213 1992 tm]
233 1951 306 1982 Hoc
322 1958 381 1988 est,
402 1961 476 1982 cum
498 1950 646 1988 dixisses,
666 1951 786 1982 factum
801 1961 878 1983 con-

132 1993 225 2025 tinuo
240 1994 376 2025 reddidi.
409 1995 447 2025 E.

179 2039 228 2069 13.
251 2039 342 2069 Bona
355 2037 471 2079 hercle]
487 2039 600 2069 Hercle
614 2037 762 2069 ornativa

130 2080 214 2112 cula.
261 2081 302 2112 ln
326 2081 450 2112 Andria
466 2093 474 2111 :
509 2092 587 2121 puer
612 2082 760 2112 hercle’st.
806 2081 881 2112 Hoc

132 2123 203 2155 loco
218 2131 326 2166 potest
345 2135 415 2156 esse
437 2124 637 2155 affirmativa.
669 2124 880 2156 C.—Distin-

130 2177 195 2208 gne
205 2167 271 2204 sic3
288 2169 406 2199 Bonan’
415 2169 479 2207 fide
488 2170 505 2198 !
528 2168 586 2198 δι.
599 2169 695 2199 Bona.
718 2167 784 2199 Cn.
797 2169 881 2199 Her-

129 2213 177 2242 de
189 2222 248 2243 non
259 2222 379 2251 possum
390 2213 469 2251 pati.
502 2211 540 2242 Β.

178 2255 226 2285 14.
251 2256 353 2295 Caput
379 2253 578 2295 demulceam]
608 2254 723 2295 Magni
752 2253 879 2285 blandi-

131 2297 233 2328 menti
247 2298 387 2339 signum,
403 2297 488 2339 quod
504 2297 551 2334 fit,
567 2297 694 2339 quoties
710 2297 743 2328 in
762 2308 798 2328 re
819 2308 878 2339 op-

132 2346 199 2371 tata
213 2340 345 2372 domino
357 2351 471 2372 servus
486 2352 529 2372 ex
546 2341 709 2372 sententia
729 2340 878 2381 obsequi-

132 2389 194 2414 tur.
226 2383 263 2415 C.
265 2385 383 2415 —Tibi
397 2390 489 2425 caput
503 2383 701 2425 demulceam]
718 2383 813 2420 Quod
824 2394 877 2415 so-

131 2424 178 2456 let
192 2425 263 2457 fleri
276 2426 329 2458 hin
342 2427 399 2468 qui
413 2427 552 2469 placent,
565 2433 603 2459 ut
617 2438 732 2459 manus
746 2438 807 2469 per
819 2438 873 2458 ca-

131 2474 193 2510 put
206 2475 313 2543 ιῖιξὲ
324 2470 440 2544 duculi}
445 2471 538 2512 quasi
558 2471 705 2512 quadam
727 2471 876 2502 videatur

131 2521 204 2542 ene
231 2521 250 2542 ι
313 2519 369 2544 uo.

179 2555 229 2586 15.
251 2556 332 2586 Boni
352 2555 487 2598 aliq-id]
510 2557 587 2588 Non
613 2557 694 2588 dicit
711 2556 810 2606 quid.
839 2563 876 2588 ut

133 2607 208 2628 eum
219 2597 374 2629 laetiorem
385 2598 508 2637 reddat,
518 2606 551 2631 et
562 2600 597 2631 in
608 2610 666 2642 spe
678 2600 788 2642 magni
799 2599 876 2631 boni

131 2641 285 2672 detineat.
316 2641 354 2672 C.

179 2684 228 2715 16.
252 2686 386 2716 δάεείιι
406 2684 548 2726 neuen]
573 2685 877 2718 MsR-seu'tem‘bi

129 2738 163 2758 u
178 2732 313 2758 nentem.
346 2727 382 2758 L.

178 2772 227 2804 17.
253 2772 394 2802 Glon'an
421 2773 554 2802 neuim
566 2769 600 2812 2]
630 2771 705 2802 Hoc
731 2771 791 2803 tibi
816 2781 877 2813 pro

131 2813 297 2845 voluntate
312 2813 485 2855 contigisse
498 2813 646 2855 gloriaris
658 2815 673 2844 ἲ
703 2814 744 2845 Ε.

178 2858 226 2888 18.
243 2859 355 2889 Hercle
376 2856 462 2898 vero]
486 2857 650 2888 Adverbia
664 2863 742 2888 mint
755 2857 874 2889 confir·

130 2901 261 2932 nativa.
285 2902 356 2932 Nou
369 2902 468 2932 hercle
482 2911 571 2932 vero.-
587 2911 688 2931 venam
701 2900 786 2942 dico]
804 2900 873 2932 Ne-

132 2950 188 2984 gat
208 2954 243 2976 se
262 2943 403 2985 gloriari,
425 2950 457 2975 et
480 2954 514 2975 se
537 2943 715 2976 veridicum
735 2943 872 2976 sanetur.

925 1394 963 1420 ut
985 1388 1030 1426 hi,
1046 1387 1102 1429 qui
1127 1398 1164 1419 re
1189 1398 1307 1437 magna
1330 1395 1469 1430 peracta,
1487 1390 1616 1431 fingunt
1636 1402 1672 1423 se

924 1442 990 1463 non
1005 1431 1155 1481 gloriarh
1179 1438 1217 1463 ut
1228 1432 1295 1463 sint
1311 1432 1441 1473 majoris
1453 1433 1529 1464 fidei
1544 1441 1578 1466 et
1591 1445 1668 1466 auc-

924 1475 1074 1506 toritatis.
1103 1475 1139 1506 C.

970 1519 1019 1550 19.
1038 1519 1099 1549 Tui
1115 1516 1312 1559 Clitiphonis]
1337 1517 1411 1550 Hoc
1433 1524 1493 1556 est,
1509 1520 1595 1560 quod
1614 1531 1670 1553 su-

924 1561 1035 1603 perius
1050 1561 1159 1603 Syrus,
1174 1560 1236 1596 Qui
1249 1563 1308 1592 vim
1324 1567 1441 1593 tamtan
1455 1565 1488 1593 in
1502 1575 1557 1602 me,
1572 1569 1670 1604 etpo-

924 1610 1062 1636 testatem
1076 1606 1201 1636 habeam
1216 1609 1311 1635 tantae
1324 1607 1457 1642 astutiae,
1474 1607 1554 1638 Vera
1568 1609 1671 1640 dicen-

923 1650 970 1687 do,
987 1653 1022 1679 nt
1036 1659 1085 1680 eos
1099 1650 1200 1679 ambos
1210 1646 1334 1687 fallam.
1362 1648 1503 1680 Inferius
1514 1650 1672 1682 Chremes

923 1701 988 1723 non
1010 1691 1121 1723 credet
1145 1690 1340 1722 Menedemo
1362 1691 1555 1725 Bacchidem
1575 1694 1670 1725 Cliti-

920 1734 1039 1776 phonis
1054 1744 1125 1766 esse
1139 1734 1285 1766 amicam.
1314 1735 1351 1766 C.
1352 1737 1459 1766 —Tui
1471 1737 1670 1778 Clitiphonis]

923 1778 997 1809 Hoc
1012 1784 1071 1815 est,
1087 1777 1169 1809 illud
1182 1777 1364 1814 consilium,
1379 1779 1465 1818 quod
1479 1789 1579 1821 supra
1602 1780 1669 1822 sig-

921 1821 1088 1852 nificatum
1103 1827 1162 1857 est,
1178 1827 1215 1852 ut
1227 1821 1346 1852 veritas
1360 1821 1447 1853 dicta
1459 1822 1671 1855 nihilominus

921 1864 1089 1905 implicare
1118 1863 1228 1912 possit
1252 1873 1413 1895 errorem:
1446 1864 1568 1916 quippe
1594 1876 1670 1898 cum

922 1907 1002 1938 dicit
1016 1907 1124 1938 Clinia
1145 1905 1239 1948 patri.
1256 1908 1437 1946 Clitiphonis
1457 1911 1585 1940 amicam
1606 1921 1670 1941 esse

921 1953 1020 1982 hanc.-
1042 1957 1079 1982 ut
1093 1950 1154 1981 hoe
1169 1949 1246 1980 dum
1268 1949 1391 1981 indicat
1412 1960 1533 1989 servm,
1549 1951 1669 1984 nihilo-

922 1993 1030 2025 minus
1044 1993 1194 2024 dominus
1209 1992 1269 2024 filii
1288 1992 1340 2024 sui
1361 1993 1497 2026 amicam
1518 1996 1667 2028 meretri·-

776 2037 878 2080 parti-
921 2047 992 2068 cem
1008 2047 1080 2068 esse
1095 2046 1160 2068 non
1177 2036 1296 2068 credat.
1324 2036 1364 2067 E.

967 2081 1019 2111 21.
1045 2080 1147 2111 Deest
1168 2090 1221 2115 ει,-
1243 2089 1318 2110 cum
1342 2078 1435 2121 prius
1456 2090 1523 2112 non
1543 2092 1587 2118 oe,
1610 2082 1669 2114 sed

926 2123 1120 2155 Bacchidem
1135 2122 1265 2154 dixerit.
1298 2122 1386 2164 Lege
1406 2134 1438 2154 x
1457 2134 1523 2154 m
1537 2127 1668 2157 tradas-

924 2169 1004 2198 isse:
1028 2166 1121 2197 utiv.
1136 2167 1165 2197 3.
1179 2167 1231 2196 44.
1255 2165 1345 2196 etiv.
1360 2167 1391 2196 4.
1405 2167 1456 2197 22.
1489 2166 1527 2198 B.

968 2207 1326 2250 zzlmmosicmtie]
1355 2199 1668 2260 Sic-dixigutqui

921 2253 1141 2302 suspicaretur
1154 2263 1174 2284 a
1193 2252 1366 2284 Chremeta
1380 2251 1514 2291 dictum,
1530 2253 1668 2286 nimium

921 2296 1063 2337 inquam,
1079 2306 1146 2328 non
1161 2295 1255 2332 serio.
1272 2295 1329 2327 sed
1345 2296 1430 2336 joco.
1459 2296 1668 2329 C.—01nnes

921 2339 1024 2371 nostri
1040 2341 1134 2371 lano
1146 2341 1192 2370 sie
1205 2341 1291 2370 satis.
1321 2338 1434 2371 Recte.
1472 2340 1557 2371 Cum
1579 2340 1668 2373 enim

920 2383 1067 2414 laudaret
1078 2382 1235 2414 fallaciam
1244 2382 1401 2414 Chremes
1411 2384 1514 2422 probe,
1523 2385 1667 2416 uanam.-

919 2426 1019 2468 Syrus
1034 2426 1109 2457 ficta
1122 2425 1280 2457 modestia
1294 2425 1479 2468 respondet,
1494 2428 1547 2458 Sic
1565 2429 1666 2464 mis,-

918 2469 1132 2501 medioeriter.
1165 2469 1202 2500 B.

962 2514 1013 2544 23.
1030 2514 1173 2554 Superest
1184 2510 1343 2553 fallacie]
1375 2511 1416 2543 V.
1433 2512 1470 2543 C.
1490 2523 1583 2553 uper
1595 2512 1666 2555 sal·

919 2558 1006 2588 laciae
1022 2561 1077 2587 est.
1103 2555 1323 2597 L.—Repone
1336 2557 1413 2595 qnid
1429 2566 1521 2596 ευμεν
1525 2555 1667 2597 fallacie

918 2605 973 2631 eut.
1003 2599 1041 2630 B.

962 2644 1014 2674 24.
1032 2644 1127 2674 Tuan
1141 2640 1377 2682 vidissefilima]
1394 2640 1510 2682 Neque
1517 2642 1663 2676 hocne·

918 2686 1055 2717 nedemo
1075 2684 1257 2716 crediturus
1277 2691 1327 2715 est
1340 2684 1506 2723 Chremes,
1521 2685 1599 2719 dum
1612 2687 1664 2719 ‹li-

918 2735 971 2760 cet
985 2728 1129 2765 inferius,
1145 2729 1189 2759 Ee
1200 2729 1287 2758 iu·-
1297 2729 1471 2760 ains-noue
1480 2739 1612 2762 men.
1624 2731 1663 2763 C.

916 2772 1052 2813 —Lege
1074 2773 1113 2802 Se
1132 2772 1240 2802 deinde
1265 2772 1344 2801 dicit
1366 2775 1460 2808 tuan,
1481 2777 1538 2804 ete.
1576 2773 1664 2805 Nam

916 2817 994 2847 dicit
1008 2820 1059 2846 est
1072 2814 1107 2845 in
1124 2813 1238 2855 Regio,
1254 2820 1289 2845 et
1302 2813 1428 2846 duobus
1442 2814 1561 2848 Faerni
1575 2817 1662 2859 opti-

917 2858 989 2889 mis.
1035 2859 1105 2889 Sese
1128 2859 1194 2897 ipse
1218 2866 1293 2888 cum
1321 2856 1365 2888 sit
1389 2857 1559 2897 iambum,
1586 2861 1660 2901 quis

917 2901 1005 2933 enim
1028 2900 1111 2932 alius
1134 2900 1196 2932 hoc
1217 2899 1360 2937 diecret·
1386 2910 1508 2944 repone
1530 2905 1661 2936 deinde.-

918 2944 1012 2976 utiv.
1029 2945 1058 2976 8.
1076 2945 1127 2976 24.
1150 2942 1335 2976 ianLS.
1366 2943 1404 2976 B.
