1852 3216
99 164 237 193 soem
260 150 341 206 ιν.]
404 149 1336 193 HEAUTONTIMORUMENOS.

1540 152 1624 194 297

210 239 331 282 Aur.
353 239 527 282 Salvum
547 240 772 283 advenisse
792 240 975 296 gaudeo.
1027 241 1106 283 CL.
1127 240 1335 283 Teneone
1359 248 1417 292 te,

210 304 449 361 Antiphila,
470 321 667 348 maxume
686 306 825 348 animo
845 313 1051 362 exoptata
1070 308 1193 349 meo?

213 371 290 416 SY.
310 371 377 414 Ite
396 372 532 414 intro:
565 387 663 414 nam
681 387 757 414 vos
772 373 860 428 jam
881 372 1046 414 dudum
1065 378 1290 428 exspectat
1310 386 1456 414 senex,

270 565 525 613 ACTUS
570 565 847 613 TERTII
893 565 1142 613 SCENA
1192 566 1452 613 PRIMA.

550 680 786 712 CHREMES.

855 681 1168 712 MENEDEMUS.

214 752 423 794 Luctscrr
444 753 526 794 hoc
539 753 645 808 jam,
664 767 786 795 cesso
806 752 974 808 pultare
995 754 1150 795 ostium

214 819 383 861 Vicini?
415 819 596 874 primum
616 833 640 860 e
661 833 728 860 me
749 826 797 860 ut
817 819 923 860 sciat
943 819 1023 860 sibi
1043 818 1176 860 filiurn

211 885 436 937 Rediisse3
467 885 550 927 etsi
569 884 885 926 adolescentem
903 883 987 926 hoc
1007 883 1119 925 nolle
1140 883 1356 939 intellego.

210 950 388 1001 Verum,
410 965 541 1006 quum
562 950 728 992 videam
749 950 950 991 miserum
968 948 1083 990 hunc
1104 957 1189 990 tam
1210 950 1439 991 cruciarier

174 1025 193 1053 5
210 1016 321 1071 Ejus
341 1016 474 1066 abitu,
495 1015 627 1057 celem
648 1022 734 1056 tam
753 1015 1017 1070 insperatum
1038 1014 1266 1069 gaudium3

209 1081 357 1129 Quum
375 1080 434 1122 illi
454 1079 559 1122 nihil
578 1079 727 1136 pericli
745 1095 802 1122 ex
821 1081 978 1122 indicio
1000 1080 1109 1122 siet?

208 1146 343 1189 Haud
363 1146 538 1189 faciam:
570 1161 682 1196 nam,
704 1146 823 1201 quod
844 1154 1012 1202 potero,
1033 1147 1240 1202 adjutabo
1263 1161 1420 1189 senem.

207 1212 275 1254 Ita
293 1219 343 1254 ut
362 1211 496 1254 filium
512 1225 652 1254 meum
671 1212 806 1254 amico
823 1219 953 1267 atque
974 1211 1129 1268 aequali
1149 1227 1228 1254 suo

206 1277 350 1320 Video
370 1278 591 1328 inservire,
613 1285 658 1320 et
678 1278 839 1319 socium
860 1292 956 1319 esse
975 1278 1019 1319 in
1039 1278 1248 1334 negotiis;

153 1352 191 1383 ιο
207 1344 305 1386 Nos
324 1358 497 1399 quoque
519 1358 644 1385 senes
664 1350 732 1385 est
750 1358 919 1398 aequom
938 1344 1112 1385 senibus
1133 1344 1328 1399 obsequi.

94 1434 241 1475 gratiam,
258 1440 419 1464 amantem
432 1432 565 1474 proprio
579 1431 710 1463 nomine
726 1432 838 1481 appel-

94 1477 184 1508 lavit.
221 1478 319 1514 Salve,
335 1476 430 1508 modo
445 1475 634 1507 admirantis
658 1475 840 1516 interjectio

94 1527 154 1552 est.
177 1521 215 1551 C.
216 1519 368 1551 —Verba
380 1521 478 1557 Salve,
488 1522 586 1550 anime
597 1522 648 1556 mi,
655 1519 757 1560 priori
767 1529 838 1550 ver-

95 1563 146 1595 sui
158 1569 235 1595 sunt
249 1562 451 1605 apponenda.
489 1562 574 1594 Tum
594 1573 668 1593 cum
691 1562 840 1594 omnibus

93 1606 213 1639 nostris
232 1606 324 1638 codd.
339 1605 401 1648 leg.
422 1606 449 1637 Ο
470 1608 511 1637 mi
532 1610 702 1646 exspectate
726 1606 836 1643 Clinia,

138 1693 190 1726 27.
216 1694 348 1725 Teneone
360 1698 389 1724 te
399 1691 432 1733 Γ]
450 1692 522 1724 Prae
537 1691 638 1723 nimio
654 1691 765 1724 amicte
779 1692 835 1723 de-

95 1735 225 1773 siderio,
247 1746 322 1767 cum
343 1735 544 1767 dubitatione
565 1735 716 1776 loquitur.
755 1736 839 1767 Sunt

94 1779 150 1820 qui
170 1779 290 1820 legant,
319 1780 452 1810 Teneone
474 1781 529 1810 te?
558 1785 597 1810 ut
616 1778 774 1810 referatur
798 1778 840 1810 ad

95 1823 203 1860 fidem,
218 1822 266 1853 ita
277 1828 314 1854 ut
327 1821 462 1859 dubitet,
478 1831 520 1853 an
535 1831 555 1852 a
569 1831 605 1853 se
626 1820 765 1853 alienata
786 1821 839 1859 sit,

94 1876 136 1897 an
163 1866 198 1897 in
225 1865 288 1897 fide
317 1865 476 1907 persistat.
518 1864 722 1896 c.—Salvum
748 1866 839 1896 adve-

93 1908 192 1949 nisse]
210 1909 274 1940 Ms-
292 1908 332 1940 R.
348 1910 472 1940 venisse.
503 1907 541 1939 L.

138 1953 189 1983 28.
212 1954 323 1983 Animo
337 1950 496 1992 exoptata]
518 1951 582 1982 ΜΒ.
601 1951 641 1982 R.
657 1956 840 1992 exspectata.

94 1995 243 2027 L—Pro
264 2000 415 2035 exoptata,
431 2001 519 2026 recte
539 1999 710 2034 exoptatam
730 1994 840 2036 legen·

94 2041 172 2071 dum
194 2045 289 2081 putat
313 2038 469 2075 Faernus,
493 2037 548 2078 qui
572 2037 628 2076 ait,
648 2048 735 2080 saepe
758 2048 778 2068 a
799 2037 839 2068 li-

94 2082 210 2114 brariis
246 2081 398 2118 litteram,
435 2081 600 2130 syllabam,
637 2087 671 2112 et
707 2081 840 2112 verbum

93 2125 184 2168 prius
200 2135 270 2157 esse
286 2124 452 2163 omissum,
467 2124 496 2156 si
514 2124 601 2156 idem
622 2124 733 2156 statim
754 2131 839 2156 esset

93 2175 250 2201 secutum.
283 2167 321 2199 Β.

140 2212 168 2244 1.
191 2211 349 2252 Luceacie]
372 2211 452 2243 Veri
478 2210 575 2242 amici
599 2210 739 2242 officium
765 2210 837 2252 pul-

93 2255 253 2287 chen-ime
267 2265 287 2286 a
302 2254 457 2287 Terentio
472 2254 507 2286 in
529 2254 589 2285 hac
610 2264 705 2286 scena
728 2254 836 2296 expri-

94 2298 212 2334 mitur·
243 2298 278 2330 in
305 2309 368 2339 qua
393 2298 516 2329 amicus
544 2297 648 2329 amico
674 2297 780 2334 simul,
806 2304 839 2329 et

94 2341 202 2383 gaudii
233 2341 400 2384 insperati,
430 2341 573 2373 maximo
601 2351 675 2372 cum
712 2340 837 2377 affectu.

94 2385 259 2434 nuncium,
298 2391 331 2416 et
366 2384 537 2416 consilium
573 2384 674 2416 affert.
732 2383 837 2424 Cesso]

95 2427 224 2469 Aliquis
238 2439 355 2459 cessare
372 2428 501 2466 dicitur,
517 2427 551 2460 id
573 2434 632 2466 est,
648 2427 776 2459 tardare
798 2427 839 2458 ad

95 2470 139 2501 ali
140 2470 219 2512 quid
252 2470 400 2503 celeriter
434 2451 665 2513 peragenduin.
722 2470 838 2512 virgil.

97 2513 174 2544 AEn.
202 2513 244 2545 vi.
276 2513 327 2545 51.
366 2516 471 2546 cmm
500 2517 534 2546 in
562 2520 630 2546 vota
654 2517 840 2555 precesque?

98 2558 204 2588 Cenat
218 2556 414 2589 desidiosus:
437 2557 611 2598 requiescit
625 2557 779 2589 defessus.
802 2558 839 2588 C.

96 2601 278 2631 —Luea'scie
309 2601 364 2631 hoc
385 2599 473 2641 jam]
504 2600 692 2632 Notandum
714 2611 756 2632 ex
780 2600 841 2632 hac

97 2642 265 2679 comoedh,
286 2643 372 2683 quod
392 2643 427 2674 in
449 2643 538 2675 nulla
559 2643 624 2675 alia
642 2644 721 2675 licet
745 2654 839 2693 repe-

95 2685 166 2723 riri,
187 2693 225 2717 ut
247 2685 380 2717 biduum
403 2692 531 2734 tempus
552 2686 588 2718 in
608 2687 766 2718 comoedia
786 2687 838 2718 sit.

97 2730 221 2760 Omnes
231 2728 318 2760 enim
330 2739 396 2760 uno
406 2728 460 2760 die
474 2736 565 2761 acuis
575 2739 651 2761 suos
666 2729 839 2771 explicant,

97 2782 140 2803 ex
161 2782 201 2804 eo
222 2772 293 2814 ipso
315 2782 378 2813 quo
399 2779 516 2803 cuncta
537 2771 620 2803 effici
641 2779 787 2814 possunt,
806 2779 841 2804 ut

97 2822 155 2847 aut
171 2815 294 2858 nuptiae
315 2815 527 2853 celebrentur,
543 2821 599 2846 aut
621 2815 763 2856 cognitio
783 2815 842 2847 fiat

98 2868 182 2900 expo
197 2882 206 2890 .
219 2882 227 2890 .
242 2882 250 2890 .
267 2882 276 2889 .
295 2858 435 2900 (supple,
447 2860 512 2895 siti,
524 2863 580 2890 aut
593 2860 696 2889 horum
712 2858 767 2898 Z.)
780 2858 838 2890 ali-

97 2901 193 2942 quid:
216 2908 250 2933 at
265 2901 319 2933 hic
333 2901 423 2933 bidui
438 2901 595 2933 rationem
609 2901 730 2933 versari
744 2901 840 2932 intel—

98 2943 237 2985 ligimus.
275 2945 364 2985 Ergo
380 2944 463 2975 dixit
477 2946 615 2976 Luciscit
629 2946 691 2976 hoc.
731 2944 842 2977 Habet

99 2986 167 3019 haee
186 2998 284 3020 scena
305 2988 542 3026 allocutionem,
558 2987 593 3019 in
614 2997 678 3028 qua
699 2987 841 3020 ostendit

883 1443 918 1464 se
939 1443 1122 1475 properare,
1142 1433 1190 1465 uti
1213 1431 1409 1466 Menedemo
1430 1435 1564 1466 nunciet
1587 1436 1624 1466 fi-

882 1475 963 1508 lium
985 1477 1124 1508 redisse.
1148 1487 1340 1518 quamquam
1363 1477 1422 1509 hoc
1445 1478 1527 1510 nolit
1548 1479 1625 1510 ado·

882 1519 1017 1557 lescenS,
1038 1528 1112 1551 cum
1137 1519 1239 1561 patris
1265 1520 1316 1552 sui
1338 1521 1462 1552 nesciat
1479 1521 1626 1553 volunta-

883 1569 958 1593 tem.
992 1563 1152 1601 E.—Hoc,
1175 1563 1281 1605 inquit
1303 1560 1458 1601 Faernus,
1481 1565 1626 1596 absolute

881 1605 1013 1647 ponitur
1038 1616 1097 1648 pro
1126 1586 1217 1638 οιειο.
1267 1607 1405 1638 Luciscit
1431 1607 1530 1639 habet
1555 1609 1624 1639 cod.

881 1649 1110 1691 perantiquus,
1148 1650 1257 1681 caeteri
1293 1652 1425 1682 lucescit.
1472 1651 1625 1682 B—Da-

881 1692 967 1724 ceria
989 1693 1075 1733 quod
1097 1693 1265 1724 contendit
1287 1692 1363 1725 hinc
1387 1693 1544 1736 reliquam
1571 1706 1626 1726 co

881 1735 1032 1768 moediam
1047 1742 1152 1768 actam
1174 1747 1245 1768 esse
1267 1737 1423 1779 postridie
1445 1748 1551 1775 mane,
1566 1748 1626 1769 nec

883 1779 1042 1820 exemplis
1066 1779 1202 1817 idoneis,
1226 1790 1286 1811 nec
1310 1780 1358 1812 rei
1381 1786 1497 1812 natura
1519 1788 1628 1823 potest

882 1822 1093 1864 comprobari.
1126 1823 1164 1854 Ζ.

883 1908 915 1939 R
926 1866 955 1896 2.
979 1867 1009 1896 Ε
1020 1876 1066 1897 me
1078 1865 1190 1897 Bemb
1202 1865 1260 1898 sed
1275 1876 1387 1898 omnes
1401 1866 1504 1898 nostri
1519 1878 1556 1899 ea.-
1571 1877 1627 1899 me.

916 1914 995 1939 ecte.
1028 1909 1065 1939 B.

927 1952 958 1982 4.
982 1953 1131 1983 Miserum
1151 1950 1245 1992 hunc]
1270 1951 1353 1983 Cum
1374 1951 1500 1984 affectu.
1539 1953 1626 1986 Nam

883 1994 1051 2036 proprium
1061 1994 1129 2026 veri
1141 2000 1191 2025 est
1202 1994 1297 2026 amici
1308 1995 1409 2026 laetari
1422 1996 1519 2027 rebus
1533 2004 1626 2038 pros-

883 2037 971 2079 peris
990 2037 1095 2074 amici,
1111 2045 1144 2069 et
1165 2037 1274 2069 dolere
1295 2037 1448 2070 adversis.
1479 2039 1628 2071 c.—Pro

883 2083 1051 2112 cruciarier
1077 2081 1246 2112 Bentleius
1272 2081 1372 2113 edidit
1401 2091 1475 2114 cum
1500 2083 1627 2115 Faerno

881 2126 1094 2156 excruciarier.
1127 2124 1165 2155 Z.

926 2168 955 2198 6.
975 2169 1072 2201 Quum
1087 2166 1153 2208 illi]
1171 2168 1282 2205 Deest,
1296 2168 1487 2209 praesertim.
1510 2170 1561 2201 Ex
1576 2171 1625 2201 in-

881 2209 977 2251 dicio]
991 2212 1142 2242 Indicium
1156 2210 1287 2252 proprie
1303 2217 1352 2242 est
1367 2210 1433 2243 oris
1448 2218 1482 2243 et
1495 2211 1625 2253 lingue.

882 2254 918 2285 C.
921 2255 1040 2285 —Cum
1056 2255 1103 2286 illi
1118 2256 1197 2285 nihil
1210 2253 1359 2295 periculi]
1377 2252 1423 2285 Ut
1437 2254 1538 2286 celem
1561 2262 1627 2288 tam

882 2297 1081 2338 insperatum
1091 2297 1255 2338 gaudium,
1268 2308 1341 2328 cum
1354 2297 1417 2338 ipsi
1430 2298 1627 2330 adolescenti

882 2340 964 2371 nihil
971 2340 1106 2390 periculi
1113 2341 1202 2372 sitex
1210 2350 1257 2378 eo,
1265 2340 1525 2381 quodindicatur.
1543 2341 1582 2373 E.
1583 2359 1628 2365 ——-

883 2383 997 2415 Nostri
1014 2394 1126 2415 omncs
1145 2385 1242 2418 Quum
1263 2382 1313 2415 illi
1334 2386 1447 2424 pericli
1473 2386 1552 2416 nihil
1578 2396 1627 2423 et,

882 2433 938 2459 etc.
971 2427 1008 2458 B.

927 2469 958 2504 7.
981 2472 1073 2507 Nom,
1096 2472 1175 2512 quod
1192 2468 1311 2511 potero]
1337 2472 1423 2504 Quod
1442 2481 1503 2512 pro
1523 2481 1624 2512 quan-

883 2520 963 2545 tum.
1002 2512 1123 2554 Senem]
1148 2513 1226 2545 Plus
1247 2513 1345 2545 habet
1365 2513 1507 2552 affectus,
1530 2525 1628 2556 quam

883 2557 912 2588 si
924 2557 1046 2589 diceret
1059 2556 1299 2588 Menedemum.
1326 2556 1362 2587 C.
1364 2559 1499 2591 —Quod
1503 2557 1628 2600 potero]

885 2601 924 2631 V.
950 2601 987 2632 C.
1011 2611 1071 2641 qua
1094 2605 1207 2640 potero,
1231 2599 1382 2640 adjuvabo
1406 2611 1512 2632 senem.
1543 2601 1628 2632 L.-

887 2646 983 2681 Quod‚
988 2643 1019 2674 ιι.
1027 2654 1054 2675 e.
1062 2640 1352 2684 quantum‚habent
1359 2643 1563 2693 opfimilibri,
1568 2654 1629 2686 pro

882 2696 982 2728 quam,
999 2686 1108 2727 quod'
1100 2697 1134 2717 ιιι
1150 2686 1340 2727 quibusdam
1355 2695 1391 2717 re
1415 2686 1526 2719 erimr.
1557 2687 1596 2720 B.

927 2730 1025 2761 8.1n
1047 2729 1172 2760 duobus
1192 2728 1350 2770 antiquiss
1446 2729 1539 2763 libris
1562 2730 1626 2764 Ea-

884 2783 981 2804 ernus
996 2769 1118 2814 reperit
1132 2774 1209 2804 Item
1223 2777 1267 2803 ut.
1305 2771 1372 2804 Sed
1392 2774 1493 2806 nentri
1514 2784 1627 2806 omnes

883 2817 935 2848 lta
948 2822 991 2847 ut.
1022 2816 1059 2846 B.

930 2860 978 2890 10.
1003 2860 1068 2890 Νοι
1083 2869 1196 2899 quoque
1210 2869 1295 2890 senes
1309 2864 1355 2890 est
1374 2869 1488 2900 aquom
1507 2862 1627 2892 senibus

883 2901 1021 2943 obsequi]
1037 2902 1139 2933 Juxta
1154 2901 1235 2933 illud
1256 2902 1461 2944 proverbium
1482 2903 1626 2935 usitatis-

883 2946 1011 2982 simum,
1034 2946 1132 2976 Parce
1152 2956 1219 2976 cum
1239 2947 1367 2986 partlm
1380 2945 1531 2987 facillime
1556 2958 1625 2978 con-

880 2993 1058 3029 gregantur.
1098 2987 1299 3021 Naturaliter
1308 2988 1395 3021 enim
1406 2989 1627 3022 adolescentes

1053 3040 1074 3065 Q
1091 3042 1112 3072 ‘l
