1852 3216
598 109 678 152 DE
707 109 962 157 METRlS,
991 108 1124 154 ETC.
1535 111 1615 149 xv*

156 171 169 181 γ’
209 198 266 236 De
287 197 407 236 iambo
428 196 649 233 trochaicum
671 195 961 232 Archilochicum
983 194 1079 231 unde
1102 194 1177 230 fleri
1199 193 1323 231 dicunt
1345 199 1509 230 metrum.

353 245 503 279 Creticon
525 245 715 294 Archilocus
735 254 833 286 supra
853 250 951 286 caput
970 243 1060 275 addit
1080 242 1187 275 iambi.

690 296 823 340 Quales
845 301 930 332 sunt
951 296 1021 331 isti.

354 347 412 379 Dfi
432 347 508 378 boni
528 346 605 388 quId
625 348 727 388 porto,

354 390 420 422 sed
442 390 496 422 nbi
516 390 680 421 inveniam
701 387 917 430 Pamphilum,

354 434 464 465 Lenis
484 435 535 464 est
553 434 662 464 nendo
682 431 769 473 quid.

353 476 444 508 Nlbss
465 483 523 514 est,
545 443 703 507 nondumq
708 475 777 506 haec
797 475 930 506 rescIVit
949 473 1043 505 mala.

601 526 660 562 De
682 526 801 563 iambo
825 525 1099 572 Hipponactico,

352 576 494 608 Ultimus
514 575 759 618 amphibrachys
779 574 922 606 velocem
943 574 1063 606 claudit
1082 574 1234 612 iambum,

351 620 419 651 Aut
440 619 597 652 bacchius·
611 619 674 650 erit
694 618 769 650 finis
790 617 976 649 discrimine
997 617 1095 649 nullo.

353 662 463 695 Utitur
482 662 666 705 -Hipponax
685 662 747 693 hoc
768 668 871 693 metro
891 660 1050 692 maximus
1070 667 1191 693 auctor.

618 713 749 758 Quales
772 719 856 749 sunt
877 713 916 748 hi
938 725 1081 749 versus:

351 762 406 795 Ne
425 762 508 795 forte
527 763 717 805 imprudens
736 762 852 794 faciam
874 762 957 803 quod
979 761 1087 799 nolim,
1110 764 1192 794 scies
1213 763 1342 794 cavebo.

351 807 439 838 Nam
461 808 490 838 si
510 808 678 838 remittant
698 805 863 847 quippiam
886 805 1084 836 Phnfimzznae
1105 805 1239 838 dolores.

350 849 547 891 Legitimum
567 849 729 880 interdum
750 849 810 880 sub
825 848 929 880 scenis
949 848 1042 890 ponit
1062 849 1212 881 iambum.

350 892 538 934 obsequium
559 892 687 930 amicos,
709 892 828 924 veritas
849 891 957 922 odium
978 891 1072 934 parit.

352 936 463 968 Utitur
482 936 534 967 his
555 935 690 967 Plautus
710 935 821 967 mems
842 941 876 966 et
895 934 984 966 mille
1004 940 1117 976 poetae.

351 980 404 1011 De
424 979 600 1022 pedibusq
600 978 694 1010 uibus
714 978 783 1010 haec
803 977 983 1009 consistunt
1002 984 1105 1009 metra
1125 978 1267 1011 notabis:

351 1022 507 1064 Dactylus
527 1028 583 1053 aut
580 990 765 1064 qspondeus
785 1020 879 1070 inest,
902 1020 954 1052 vel
974 1031 1084 1053 cursor
1104 1021 1241 1060 iambus,

352 1067 422 1098 Aut
441 1072 622 1107 anapaestus
643 1065 715 1102 erit,
736 1064 835 1107 positi
854 1063 1039 1095 discrimine
1060 1064 1150 1096 nullo

351 1109 502 1141 Partibus
522 1108 557 1140 in
578 1108 707 1150 quinis:
738 1118 813 1139 nam
833 1113 907 1149 post
927 1107 1013 1139 celer
1034 1114 1123 1139 extat
1143 1108 1277 1141 iambus.

352 1152 578 1195 Pyrrichiusve
598 1151 682 1183 citus
702 1150 802 1182 finem
823 1150 1012 1182 concludere
1033 1151 1143 1193 possit.

676 1201 729 1239 Ut
751 1209 837 1239 sunt
857 1203 898 1239 hi
920 1204 1029 1240 tales:

351 1252 497 1291 exclusit,
518 1258 657 1291 revocat,
679 1252 832 1284 redeam!
869 1262 935 1283 non
957 1252 985 1283 si
1006 1262 1058 1284 me
1080 1252 1245 1285 obsecret:

351 1297 447 1333 Quod
467 1296 629 1339 plerisque
650 1306 762 1327 omnes
783 1295 906 1327 faciunt
925 1294 1165 1327 adolescentuli.

404 1355 465 1391 De
484 1355 630 1391 nomine
651 1354 778 1390 talium
799 1365 968 1392 versuum
990 1354 1065 1389 sive
1087 1360 1295 1392 metrorum.

351 1404 484 1435 Graecus
505 1403 772 1445 apamphaenonta
792 1402 874 1433 solet
893 1412 1072 1433 memorare
1093 1410 1198 1444 poeta.

354 1446 576 1478 Immanifesta
596 1452 712 1477 vocant
732 1446 801 1477 haec
822 1445 964 1476 carmina
984 1455 1062 1477 voce
1085 1446 1203 1478 Latini.

355 1490 454 1521 Hunc
475 1490 657 1522 trimetrum
678 1495 803 1520 veteres
824 1488 915 1520 Graii
935 1488 1125 1530 cognomine
1146 1489 1267 1528 dicunt,

351 1533 446 1569 Quod
467 1532 604 1575 pedibus
618 1532 741 1573 junctis
761 1532 847 1563 hunc
867 1532 1021 1563 scandere
1041 1543 1126 1575 saepe
1147 1533 1300 1566 solebant.

351 1576 488 1609 Ponitur
508 1582 565 1608 aut
585 1586 709 1613 scazon,
731 1575 910 1617 spondeum
930 1575 1006 1607 finis
1026 1575 1165 1608 habebit.

681 1632 814 1678 Quales
836 1638 921 1669 sunt
942 1634 1025 1670 isti:

353 1683 424 1714 Nec
445 1682 534 1714 fonte
554 1682 644 1714 labra
663 1682 771 1724 prolui
790 1682 957 1714 caballino.

353 1726 423 1757 Nec
444 1726 480 1757 in
500 1725 627 1768 bicipiti
647 1725 823 1757 somniasse
843 1725 1012 1757 Parnasso.

655 1783 714 1820 De
735 1784 859 1820 metris
880 1784 1048 1820 comicis:

354 1831 572 1864 Temen-os
592 1831 816 1873 trimetrosqne
837 1832 924 1874 capit
943 1831 1100 1863 comoedia
1118 1842 1240 1865 versus.

354 1876 592 1907 Tetrametmm
612 1875 736 1916 primus
757 1875 858 1907 fertur
878 1875 1023 1916 posuisse
1046 1874 1191 1913 Boiscus,

355 1919 507 1951 Creticon
528 1918 741 1950 Archilochus
762 1918 908 1949 trimetro
928 1918 1147 1960 superaddidit
1167 1919 1290 1961 ingens,

354 1962 442 2004 Amp
443 1962 630 1993 hibrachum
652 1961 797 1993 trimetro
820 1961 998 2003 Hipponax
1018 1962 1171 2003 supponit
1191 1962 1305 1994 iambo.

356 2005 505 2037 Fulserat
524 2005 584 2036 bac
607 2004 750 2043 Plautus,
771 2004 967 2047 pulcherque
988 2004 1160 2037 Terentius
1180 2012 1258 2037 arte.

421 2062 654 2098 Terentianus
678 2062 722 2098 de
744 2062 871 2099 iambis
893 2062 1092 2117 fabularum
1115 2063 1166 2099 sic
1188 2063 1286 2100 dicit.

355 2111 512 2154 Culpatur
533 2117 640 2142 autem
663 2121 774 2142 versus
795 2111 830 2142 in

355 2155 401 2186 Et
421 2165 513 2186 rarus
533 2154 634 2186 intrat
655 2164 696 2185 ex
714 2154 828 2186 iambis
849 2155 1008 2192 omnibus,

357 2198 403 2230 Ut
423 2197 479 2229 ille
499 2204 611 2229 contra
632 2197 687 2239 qui
708 2198 849 2229 secundo
871 2204 903 2229 et
924 2198 1042 2229 talibus

355 2241 539 2284 Spondeon,
560 2247 616 2272 aut
637 2251 731 2282 quem
752 2251 933 2283 comparem
954 2241 1132 2283 receperit:

357 2285 422 2316 Sed
443 2284 498 2326 qui
584 2290 684 2315 estres
704 2284 827 2316 fabulas
848 2295 941 2315 socco
962 2291 1122 2326 premunt,

357 2327 403 2360 Ut
424 2338 495 2369 quae
527 2336 689 2369 oquuntur
709 2333 837 2369 sumpta
858 2327 898 2359 de
919 2327 987 2359 vita
1007 2334 1111 2369 putes,

356 2370 484 2403 Vitiant
504 2370 646 2402 iambum
667 2370 820 2402 tractibus
841 2370 1032 2412 spondaicis‚

356 2414 402 2446 Et
421 2413 458 2446 in
478 2414 628 2452 secundo,
651 2420 685 2446 et
705 2414 739 2445 in
761 2414 886 2446 caeteris
906 2424 996 2455 aeque
1017 2414 1105 2446 locis.

357 2457 533 2499 Fidemque
554 2457 638 2489 fictis
658 2457 735 2489 dum
756 2464 931 2499 procurant
950 2457 1076 2496 fabulis,

358 2501 400 2532 In
420 2507 523 2533 metra
542 2507 679 2543 peccant
697 2507 777 2539 arte,
798 2511 864 2532 non
884 2500 1022 2539 inscitia,

356 2543 410 2576 Ne
431 2544 497 2576 sint
516 2553 632 2575 sonora
654 2544 750 2575 verba
770 2543 1021 2582 consuetudinis,

356 2587 556 2637 Paulumque
576 2596 687 2619 rursus
708 2597 728 2619 a
749 2587 862 2619 solutis
882 2587 1039 2619 differant.

358 2630 457 2672 Mage
478 2630 541 2663 ista
560 2629 680 2662 nostri.
710 2640 786 2662 nam
806 2630 874 2662 fere
895 2630 1017 2662 Graecis
1039 2635 1135 2662 tenax

357 2673 445 2706 Cura
465 2680 515 2706 est
534 2673 643 2711 iambi,
664 2673 717 2706 vel
737 2672 873 2705 novellis
893 2673 1034 2712 comicis,

359 2715 422 2748 Vel
442 2717 498 2758 qui
518 2716 553 2748 in
574 2722 700 2749 vetusta
718 2717 895 2766 praeclueut
914 2716 1079 2749 comoedia.

361 2759 617 2809 Aristophanis*
608 2770 723 2802 ingens
742 2760 859 2792 emicat
878 2760 1029 2798 sollertia,

361 2802 428 2838 Qui
448 2813 534 2846 saepe
554 2803 667 2835 metris
686 2803 935 2835 multiformibus
956 2813 1059 2835 novus

363 2845 580 2878 Archilochon
601 2853 669 2879 arte
691 2853 741 2878 est
760 2846 927 2879 aemulatus
948 2846 1079 2878 musica.

169 2897 335 2931 Sisenna·
326 2908 360 2930 ιιι
386 2899 614 2932 commentario
637 2900 765 2932 Poenuli
786 2900 944 2933 Plautinae
964 2900 1079 2932 fabulae
1099 2898 1166 2933 sict
1195 2901 1371 2938 Halonium
1394 2903 1487 2939 Poeni
1507 2906 1621 2941 dicunt

114 2941 210 2975 deum
222 2948 256 2975 et
268 2942 507 2986 producendam
521 2943 675 2986 syllabam
689 2944 784 2977 metri
798 2944 903 2986 gratia
916 2943 1019 2985 exigit
1032 2943 1166 2977 iambus.
