1852 3216
133 170 272 199 semu
294 156 375 210 ιν.]

272 307 431 363 Arrige
452 323 595 358 aures,
617 307 858 363 Pamphile.

189 372 252 414 S1.
278 372 367 420 Qui
394 373 566 415 credis?
617 373 701 414 Cu.
725 372 892 415 Phania
922 373 1006 424 ille,
1029 373 1163 415 frater
1192 388 1312 416 meus
1334 373 1427 416 fuit.

272 452 376 488 ram,
399 445 445 480 et
465 438 566 479 scio.

757 114 1061 196 ANDRsA.

132 252 174 281 30
190 243 274 285 Cu.
298 243 427 285 Certe
458 257 552 285 mea
573 250 654 285 est.
703 242 786 285 Cn.
810 243 932 292 Quid
953 243 1047 285 ais?
1099 242 1164 285 S1.
1187 242 1307 290 Quid
1339 251 1386 285 tu
1408 245 1501 286 ais?

1598 159 1677 200 115

1554 246 1672 294 ΡΛΜ,

1485 374 1548 416 S1.
1581 374 1675 416 No-

186 501 271 543 Cfl.
305 502 348 544 Is
369 502 469 545 hinc
490 502 648 545 bellum
662 503 847 559 fugiens,
866 519 1019 559 meque
1041 505 1084 546 in
1101 503 1251 547 Asiam
1271 519 1553 561 persequens,
1575 520 1672 560 pro-

272 567 492 609 ficiscitur.

183 631 298 673 Tum
324 632 438 674 illam
458 632 699 692 relinquere
731 633 800 676 hic
831 641 898 676 est
918 635 1108 677 veritus:
1141 634 1315 691 postilla
1344 650 1458 678 nunc
1488 636 1672 690 primum

269 697 414 747 audio,

184 762 307 809 Quid
338 762 409 803 illo
442 763 496 804 sit
533 762 708 804 factum.
773 762 891 804 ΡΛΜ.

268 827 537 869 commotu'st
557 835 690 876 metu,

929 763 1018 806 Vix
1044 780 1138 806 sum
1166 765 1283 820 apud
1312 780 1394 815 me,
1423 765 1483 806 ita
1506 766 1670 807 animus

124 899 163 927 35
182 890 285 945 Spe,
307 892 482 946 gaudio,
506 892 700 933 mirando
722 892 806 934 hoc
827 900 962 943 tanto,
985 901 1072 935 tam
1094 896 1320 949 repentino
1342 896 1471 937 bono.

179 956 243 998 S1.
268 956 353 998 Nae
372 957 497 998 istam
516 956 777 999 multimodis
795 964 912 1000 tuam
933 959 1111 1000 inveniri
1130 961 1317 1014 gaudeo.
1370 960 1488 1003 ΡΑΜ.
1506 961 1667 1013 Credo,

267 1028 403 1076 pater.

165 1127 216 1157 30.
241 1128 354 1167 Arrige
369 1129 464 1163 auris,
488 1128 664 1168 Pamphile]
688 1128 872 1160 Translatio

122 1180 141 1200 a
156 1169 343 1211 pecudibus,
360 1170 476 1210 quibus
492 1171 599 1202 verbis
620 1171 769 1208 intendit,
786 1172 870 1202 acci-

145 1212 273 1243 iendam
299 1223 370 1243 esse
394 1223 505 1244 vocem
531 1214 610 1253 (An,
635 1216 842 1254 arripiendam
856 1217 871 1245 ?

121 1222 174 1285 gv.
214 1256 259 1286 At
274 1255 361 1286 haud
382 1255 480 1287 dubie
503 1255 564 1297 leg.
587 1259 697 1297 quibus
711 1268 801 1288 aures
823 1260 870 1288 in-

123 1300 288 1328 tenduntur
302 1301 345 1329 ad
356 1301 562 1339 accipiendam
577 1310 683 1330 vocem.
703 1299 768 1339 Z.).
807 1302 871 1330 Ar-

123 1342 188 1381 rige
213 1343 308 1377 auris,
333 1341 508 1382 Pamphile]
535 1342 608 1373 Hoc
632 1342 722 1373 Simo
744 1342 874 1373 videtur

122 1383 240 1414 dicere.
284 1384 329 1414 Ut
344 1383 399 1414 alii
414 1390 540 1425 putant,
557 1385 627 1425 ipse
638 1385 700 1416 sibi
718 1385 871 1427 Pamphi-

124 1425 184 1456 lus.
224 1427 426 1467 D.-—Arrige
448 1426 553 1467 aures]
579 1426 792 1467 Κακέμφατον
814 1435 871 1459 est.

125 1469 295 1509 Significat
304 1476 421 1506 tamen,
434 1469 568 1501 intende
577 1470 723 1502 auditum
733 1483 740 1501 ι
766 1471 874 1502 votiva

125 1512 211 1542 enirn
235 1518 311 1543 sunt
332 1523 403 1552 quae
427 1513 633 1544 nunciantur.
673 1513 873 1554 E.—Arn'ge

123 1553 226 1594 auris]
246 1555 379 1586 Plautus
396 1555 537 1587 Rudent.
555 1566 583 1587 v.
603 1557 631 1586 2.
648 1557 699 1587 61.
724 1558 784 1587 Suo
800 1559 874 1587 mihi

122 1598 172 1627 hic
188 1608 320 1628 sermone
341 1601 460 1629 arrexit
481 1602 587 1629 auris.-
618 1599 714 1638 hujus
735 1599 871 1630 locutio-

121 1639 173 1670 nis
197 1639 278 1670 illud
308 1640 436 1672 Sallust.
465 1641 551 1682 apud
579 1641 730 1673 Diomed.
753 1645 871 1673 arrexit

121 1685 235 1714 animos
249 1685 388 1714 militum.
420 1684 458 1714 L.

166 1727 218 1756 31.
253 1727 379 1763 Noram,
404 1732 434 1757 et
457 1726 536 1767 seio]
560 1728 676 1758 Noram
702 1727 870 1766 Phaniam,

120 1770 183 1798 scio
198 1768 329 1799 fratrem
341 1769 451 1800 fuisse.
490 1770 579 1810 Ergo
591 1777 623 1800 et
635 1770 676 1800 ad
687 1781 869 1811 personam,

121 1818 153 1841 et
170 1811 211 1841 ad
226 1821 295 1842 rem
310 1811 430 1842 retulit.
471 1812 626 1849 D.—lne,
640 1812 747 1852 frater
767 1813 866 1854 meus]

119 1854 240 1895 Implet
261 1854 347 1894 quod
372 1864 515 1885 errorem
539 1855 668 1892 fecerat,
695 1862 732 1887 ut
755 1856 869 1887 doceat

118 1896 218 1927 filiam
235 1907 336 1927 suam.
370 1897 409 1928 E.

161 1941 212 1970 32.
236 1941 346 1980 Meque
362 1942 394 1970 in
407 1942 514 1971 Asiam
527 1951 717 1981 persequens,
731 1943 867 1980 proficis-

116 1981 214 2022 citur]
246 1982 335 2013 Bene
361 1982 395 2013 in
424 1983 546 2019 Asiam,
571 1984 627 2014 ubi
653 1983 774 2014 bellurn
801 1994 866 2015 non

116 2031 194 2062 erat,
211 2025 268 2056 sed
284 2025 317 2056 in
334 2025 471 2057 Graecia.
518 2026 561 2056 Et
580 2037 762 2066 persequens
776 2027 865 2064 dicit,

115 2068 410 2109 perseverationem
462 2069 628 2109 sequentis
680 2070 864 2101 ostendeus.

115 2112 316 2152 Persequitur
338 2111 425 2142 enim
448 2111 503 2150 qui
528 2122 592 2143 non
615 2112 736 2143 desinit
762 2113 863 2153 sequi.

117 2153 283 2195 Virgilius,
318 2154 392 2185 AEn.
423 2154 467 2185 ix.
498 2155 571 2187 217.
627 2155 703 2189 Quae
731 2160 760 2186 te
789 2158 863 2193 sola,

111 2207 199 2236 puer,
228 2199 333 2228 multis
362 2209 378 2229 e
408 2200 566 2235 matribus,
596 2209 674 2229 ausa
699 2199 862 2239 Persequi-

114 2244 175 2270 tur.
206 2239 246 2270 D.

159 2283 211 2313 33.
242 2283 330 2324 Lege
350 2284 411 2314 hoc
436 2283 567 2314 ordine:
606 2285 681 2315 Tum
706 2285 791 2315 illam
814 2286 863 2315 hic

114 2326 283 2366 relinquere
297 2328 411 2357 veritus
425 2332 479 2357 est.
513 2327 548 2357 Β.

157 2369 208 2399 34.
238 2369 298 2400 Vix
318 2380 384 2400 sum
405 2371 488 2409 apud
509 2368 570 2410 me]
597 2369 670 2400 Hoc
693 2376 743 2400 est
764 2380 859 2411 argu-

113 2417 269 2448 mentum,
292 2412 494 2453 sapientibus
516 2412 663 2443 laetitiam
685 2413 859 2444 vehemen-

114 2458 179 2484 tem
202 2453 236 2484 in
258 2455 351 2486 bonis
373 2455 624 2487 moderandam:
662 2466 737 2487 cum
760 2466 860 2487 unus-

115 2495 249 2536 quisque
264 2498 409 2538 gaudens
431 2497 477 2528 ita
493 2499 709 2540 perturbetur,
723 2504 760 2530 ut
775 2499 861 2540 apud

114 2537 257 2579 seipsum
273 2540 340 2579 jam
356 2550 421 2572 non
437 2540 489 2572 sit.
539 2543 598 2572 Vix
618 2553 683 2573 sum
698 2544 782 2582 apud
795 2541 857 2583 me]

115 2582 186 2611 Non
211 2592 276 2612 sun
300 2585 384 2622 apud
411 2595 466 2621 me,
496 2584 599 2625 magis
626 2585 861 2616 consuetudine

114 2633 211 2663 quam
226 2624 350 2656 ratione
363 2625 490 2657 dicitur.
528 2627 597 2658 Aut
611 2627 693 2658 forte
708 2628 755 2659 sic
770 2627 859 2665 dicit,

113 2665 203 2706 quasi
227 2667 343 2698 abierit
363 2668 499 2706 animus,
523 2675 557 2700 et
577 2680 689 2701 rursus
714 2670 857 2702 redierit.

113 2710 166 2740 Ita
180 2711 299 2740 animus
313 2716 471 2742 commotus
485 2716 531 2742 eet
544 2711 641 2753 metu]
662 2713 737 2745 Duo
752 2714 858 2745 carni-

114 2751 191 2783 fices
213 2751 392 2784 futurarum
415 2763 522 2785 rerum
545 2761 630 2792 sunt,
653 2766 728 2797 spes
743 2763 776 2787 et
790 2767 857 2788 me-

113 2801 175 2826 tus.
215 2795 318 2826 Dolor
328 2796 415 2826 enim
428 2802 461 2827 et
472 2796 634 2837 gaudium,
649 2799 858 2839 praesentium

114 2847 223 2868 rerum
239 2845 324 2869 sunt.
343 2838 433 2879 Virg.
451 2839 527 2870 AEn.
544 2839 586 2870 vi.
604 2839 676 2873 733.
699 2842 783 2873 Hinc
795 2854 858 2873 me-

114 2885 212 2918 tuunt,
244 2884 426 2922 cupiuntque
440 2895 451 2912 .·
498 2884 608 2920 dolent,
642 2886 858 2934 gaudentque:

113 2934 166 2954 nec
180 2935 273 2954 auras
288 2926 475 2964 Respicinne.
521 2925 586 2956 Sed
598 2925 741 2958 dolorem
756 2927 808 2959 luc
824 2927 857 2959 in

113 2964 224 2998 laetitia
238 2977 303 2998 non
326 2967 451 3008 posuit:
477 2974 509 2999 et
524 2968 606 3000 mire
621 2969 767 3002 ordinem
788 2981 856 3002 ser-

916 1129 1022 1165 vavit;
1047 1129 1093 1160 sic
1110 1129 1196 1160 enim
1214 1140 1248 1160 se
1272 1130 1340 1161 haec
1364 1130 1502 1162 invicem
1527 1141 1668 1172 sequun-

917 1179 978 1203 tur.
1035 1173 1078 1203 Et
1110 1172 1286 1204 ἆσυνδέτως
1314 1173 1579 1214 distinguendum
1610 1180 1669 1212 est,

915 1226 977 1255 spe,
986 1217 1110 1256 gaudio,
1129 1222 1163 1246 ut
1176 1216 1350 1257 separatim
1364 1216 1554 1248 inferantur.
1582 1218 1670 1248 D.-

918 1259 1084 1289 Commotus
1099 1257 1196 1299 metu]
1223 1259 1350 1290 Metum
1366 1260 1407 1291 de
1429 1259 1595 1301 praeterito
1617 1260 1668 1291 in-

917 1300 1103 1341 telligimus,
1117 1301 1171 1341 qui
1189 1308 1296 1332 tamen
1312 1302 1417 1333 adhuc
1434 1310 1552 1334 manet.
1600 1304 1667 1334 De-

917 1343 1015 1383 nique
1025 1344 1138 1374 ordine
1151 1343 1235 1374 fecit.
1274 1345 1359 1375 Nam
1376 1352 1450 1386 post
1459 1352 1581 1376 metum
1594 1356 1669 1388 spes

916 1386 1071 1417 collocata
1102 1393 1160 1422 est,
1188 1397 1259 1426 quae
1290 1387 1365 1418 boni
1393 1388 1595 1419 imminentis
1619 1395 1670 1420 est

917 1439 1053 1470 semper.
1092 1429 1221 1460 Deinde
1237 1430 1354 1470 adjecit
1368 1432 1594 1462 confirmatum
1610 1431 1666 1463 bo-

917 1482 994 1502 num
1011 1472 1094 1512 quod
1112 1472 1204 1509 dixit,
1218 1475 1332 1513 gaudio
1342 1487 1352 1509 ,·
1376 1473 1548 1514 ipsumque
1564 1480 1668 1506 totum

917 1515 1109 1556 supposuit:
1134 1517 1279 1547 Mirando
1301 1518 1355 1547 hoc
1370 1522 1463 1552 tanto.
1482 1522 1544 1547 tam
1559 1528 1666 1558 repen·

917 1559 980 1588 tino
996 1560 1077 1588 bono.
1111 1558 1150 1588 E.

961 1601 1011 1631 35.
1035 1600 1198 1641 Mirando]
1216 1602 1371 1638 Mirando,
1394 1602 1471 1633 dum
1489 1602 1597 1634 miror.
1623 1603 1667 1634 Et

916 1649 1206 1717 “Silf'z‘s'r‘sspffifflh
1223 1644 1327 1718 ηῗλιιι.
1341 1689 1436 1718 mode.
1453 1687 1553 1728 mm]
1578 1688 1664 1726 Non,

915 1730 1019 1759 multis
1043 1731 1138 1760 modis
1161 1732 1292 1760 inveniri
1312 1731 1455 1770 gandam
1489 1731 1556 1767 sed,
1582 1737 1666 1763 tuam

914 1773 1053 1802 inveniri.
1099 1771 1178 1810 Alii,
1195 1774 1298 1803 multis
1313 1775 1408 1803 modis
1430 1779 1512 1804 tuam
1534 1777 1666 1806 inveniri

909 1816 1046 1854 gaudeo.-
1078 1825 1144 1846 non
1172 1818 1302 1846 inveniri
1322 1818 1451 1856 gaudeo.
1509 1816 1576 1847 Hic
1593 1818 1663 1857 jam

911 1856 997 1887 redit
1011 1857 1046 1887 in
1060 1857 1197 1898 gratiam
1211 1858 1301 1888 Simo
1311 1868 1384 1889 cum
1396 1858 1482 1888 filio:
1508 1859 1570 1890 nisi
1580 1859 1663 1891 forte

911 1907 1037 1939 patrem
1047 1910 1193 1931 socerum
1203 1900 1347 1941 appellat
1356 1913 1364 1936 ;
1388 1907 1425 1931 ut
1436 1901 1566 1933 Turnus
1575 1902 1663 1943 apud

912 1941 1099 1982 Virgilium,
1113 1942 1189 1973 AEn.
1203 1942 1260 1973 xii.
1275 1944 1326 1974 50.
1351 1944 1395 1974 Et
1407 1955 1459 1974 nos
1475 1946 1545 1981 tela,
1557 1951 1661 1984 pater,

900 1983 1080 2024 ser-rumque
1105 1987 1189 2016 haud
1217 1988 1315 2017 debile
1344 1987 1454 2018 dextra
1483 1988 1661 2028 Spargimus

911 2027 963 2065 (ut
974 2038 1089 2058 sensus
1103 2034 1240 2065 constet,
1255 2029 1353 2060 verba
1368 2028 1659 2071 ”bisone—Spar-

904 2072 1016 2110 gimus,
1033 2071 1275 2112 transponenda
1289 2077 1366 2103 sunt
1386 2079 1461 2113 post
1475 2073 1574 2105 verba
1588 2084 1661 2114 quae

908 2123 985 2144 mox
1014 2123 1203 2154 sequuntur,
1233 2117 1370 2155 quamvis
1398 2116 1579 2156 Pamphilus
1608 2128 1657 2148 re·

907 2156 1078 2196 spondeat).
1114 2157 1177 2188 Sed
1193 2157 1352 2198 quomodo
1367 2157 1452 2189 infra
1467 2158 1556 2196 dicit,
1575 2161 1660 2193 Quid

907 2205 1013 2237 restat,
1020 2202 1134 2239 pater?
1156 2210 1198 2231 an
1210 2205 1307 2231 restat
1319 2199 1403 2237 ideo,
1419 2200 1496 2241 quia
1509 2201 1578 2232 haec
1589 2203 1658 2242 jum

907 2243 1010 2282 rnajor
1031 2252 1106 2284 pars
1125 2242 1398 2274 reconciliationis
1414 2244 1486 2274 est?
1532 2245 1592 2276 Nae
1613 2247 1657 2276 is-

907 2284 986 2325 tam]
1002 2286 1071 2323 Nae,
1086 2285 1194 2316 nimis.
1233 2285 1358 2323 Cicero,
1374 2286 1469 2317 Catil.
1486 2286 1520 2317 ii.
1538 2288 1567 2318 3.
1596 2289 1658 2320 Na

904 2330 958 2358 isti
973 2330 1158 2359 vehementer
1171 2334 1286 2360 errant.
1330 2328 1511 2366 Sallustius,
1528 2329 1567 2360 B.
1584 2331 1655 2362 cat.

906 2371 957 2401 52.
983 2372 1043 2402 Nae
1058 2373 1119 2402 ista
1135 2373 1219 2402 nobis
1235 2374 1430 2403 mansuetudo
1441 2377 1471 2403 et
1486 2374 1657 2405 misericor.

905 2415 967 2444 dia.
1002 2413 1144 2455 Gaudeo]
1164 2416 1337 2445 Gaudemm
1352 2415 1489 2446 nostris:
1510 2418 1654 2456 gratula-

905 2468 973 2487 mur
1002 2456 1127 2488 alienis.
1174 2457 1220 2488 Ut
1250 2457 1432 2495 Sallustius,
1463 2459 1508 2489 Et
1536 2460 1567 2489 ei
1587 2470 1655 2491 voce

904 2511 1016 2540 magna
1041 2502 1227 2531 vehementer
1245 2502 1495 2541 gratulabantur.
1545 2502 1653 2540 Credo,

901 2542 1010 2584 pater]
1043 2543 1208 2574 Incertum
1237 2550 1356 2581 utrum,
1381 2543 1433 2574 cui
1461 2544 1660 2584 gratulatur,

906 2585 995 2616 Simo
1004 2585 1056 2623 sit,
1073 2586 1220 2626 quamvis
1234 2586 1424 2627 Pamphilus
1439 2587 1652 2628 respondean

904 2635 1010 2669 potest
1041 2628 1128 2660 enim
1159 2628 1316 2660 Chremes
1349 2635 1383 2660 et
1415 2635 1509 2670 pater
1537 2630 1652 2663 videri.

904 2673 1009 2709 Credo,
1023 2670 1131 2712 pater]
1149 2671 1203 2702 Sic
1217 2671 1407 2713 responderi
1421 2671 1505 2703 solet
1517 2672 1650 2712 dicenti,

900 2716 1026 2755 gaudeo.
1068 2715 1214 2745 D.—Nae
1238 2716 1329 2745 istam
1351 2715 1553 2757 multinodis]
1578 2717 1649 2755 Na,

902 2757 936 2788 id
951 2764 1011 2793 ost,
1027 2757 1121 2788 valde
1134 2770 1141 2793 ;
1167 2763 1212 2794 ut,
1228 2759 1370 2794 Faciunt,
1382 2768 1429 2789 πα
1443 2759 1648 2800 intelligendo,

902 2805 936 2830 ul
947 2802 1027 2831 m'hil
1036 2801 1220 2840 intelligant.
1244 2800 1389 2832 E.-Nae
1397 2802 1487 2832 istam
1497 2803 1648 2834 multimo-

902 2842 968 2883 dis]
987 2843 1026 2873 V.
1044 2843 1080 2874 C.
1105 2845 1184 2874 Sane
1199 2845 1290 2874 istam
1310 2845 1415 2875 maltis
1430 2845 1533 2876 modis.
1566 2845 1649 2876 1..—

905 2885 967 2917 Pro
983 2892 1064 2916 tuam
1080 2888 1218 2923 inveniri,
1234 2896 1307 2917 cum
1321 2896 1386 2918 non
1398 2886 1575 2925 Chremeti,
1591 2889 1648 2920 sed

903 2928 1074 2970 Pamphilo
1098 2928 1257 2967 dicamur,
1282 2939 1402 2971 repone
1423 2932 1517 2962 ciuem
1544 2933 1646 2963 inven-

903 2977 984 3007 tam,·
1009 2978 1044 3003 ut
1059 2971 1142 3003 Eun.
1160 2982 1192 3003 v.
1207 2973 1236 3004 5.
1253 2973 1301 3004 10.
1324 2983 1353 3004 v.
1368 2974 1398 3004 9.
1415 2973 1444 3004 6.
1480 2973 1515 3004 Β.
