1852 3216
82 151 227 181 semu
246 138 307 194 1.]'

716 138 1031 182 HECYRA.

1524 140 1612 183 519

82 236 123 266 25
140 228 238 271 MY.
262 227 469 277 Quamvis
506 242 679 272 causam
711 228 828 271 hunc
861 228 1086 285 suspicari,
1118 242 1247 284 quam
1283 228 1420 284 ipsam
1451 243 1611 281 veram,

173 339 176 342 ,
224 293 403 337 mavolo.

140 358 227 401 Pu.
249 358 394 402 Multo
426 361 546 416 prius
575 360 691 412 scivi,
712 374 841 416 quam
861 367 923 411 tu,
944 359 1062 402 illum
1088 360 1264 403 amicam
1289 359 1467 412 habere,
1489 360 1612 417 Myr-

224 424 349 466 rhina
363 441 373 467 z

137 489 303 532 Verum
322 490 367 532 id
387 490 535 532 vitium
555 505 772 547 nunquam
791 491 963 533 decrevi
981 506 1078 533 esse
1098 505 1181 547 ego
1201 491 1502 535 adolescentiae
1515 508 1529 535 τ

112 555 253 598 .Nam
282 556 327 598 id
358 557 553 599 omnibus
584 557 855 599 innatum'st:
887 564 931 598 at
959 555 1033 612 pol
1054 557 1144 612 jam
1175 557 1329 608 aderit,
1361 572 1408 600 se
1437 572 1612 614 quoque

223 622 351 664 etiam
372 637 504 677 quum
525 622 679 664 oderit.

83 723 88 727 .
137 686 228 729 Sed
257 695 305 729 ut
336 687 434 729 olim
463 696 506 730 te
537 687 778 738 ostendisti,
799 687 950 729 eadem
973 702 1084 738 esse,
1105 687 1212 730 nihil
1231 689 1453 732 cessavisti
1471 704 1612 745 usque

223 754 381 804 adhuc,

80 827 122 857 30
138 818 202 861 Ut
214 819 342 861 filiam
355 819 410 861 ab
422 834 476 861 eo
488 819 749 869 abduceres3
770 833 870 868 neu,
884 819 1001 873 quod
1014 833 1096 874 ego
1108 819 1307 874 egissem,
1320 826 1438 862 esset
1448 826 1610 863 ratum:

137 884 191 926 Id
212 900 325 927 nunc
345 900 414 926 res
434 885 636 927 indicium
652 884 745 926 haec
766 883 883 933 facit,
905 899 991 939 quo
1012 891 1139 939 pacto
1160 884 1320 926 factum
1340 884 1540 929 volueris.

135 949 236 992 MY.
259 950 429 992 Adeon'
449 965 516 992 me
536 965 634 992 esse
654 950 919 1005 pervicacem
939 964 1104 999 censeS‚
1127 950 1196 991 cui
1215 958 1351 992 mater
1375 951 1495 1002 siem,

137 1015 202 1058 Ut
220 1031 273 1058 eo
292 1031 431 1058 essem
451 1017 604 1064 animo,
625 1016 661 1057 si
680 1031 736 1058 ex
754 1029 837 1057 usu
857 1022 973 1056 esset
992 1022 1140 1056 nostro
1160 1014 1244 1057 hoc
1263 1017 1578 1059 matrimonium
1591 1018 1612 1060 ’ζ

138 1080 224 1123 ΡΗ.
250 1081 364 1123 Tun'
384 1082 646 1137 prospicere,
670 1087 746 1123 aut
762 1080 959 1136 judicare
986 1087 1178 1122 nostram
1214 1081 1258 1122 in
1288 1096 1379 1123 rem
1405 1082 1523 1137 quod
1540 1082 1612 1133 sit,

223 1154 349 1203 potes
363 1149 382 1189 ’ξ

79 1226 249 1264 accusatio,
266 1226 351 1267 quod
365 1226 434 1257 haec
448 1225 556 1257 locuta
570 1225 632 1257 sit:
656 1225 712 1256 sed
729 1235 823 1266 argu-

80 1277 225 1301 mentum
240 1277 298 1305 at,
314 1269 399 1310 quod
414 1269 519 1300 celare
535 1268 671 1300 voluerit
686 1275 826 1310 partum,

80 1324 152 1354 quae
177 1313 237 1344 hoc
265 1313 341 1344 olim
365 1312 494 1343 dixerit.
535 1312 596 1346 Qui
616 1310 824 1352 pernoctaret]

80 1357 218 1398 Propter
232 1356 312 1387 illud
327 1356 412 1397 quod
432 1355 567 1392 dixerat,
587 1356 669 1389 Quid
682 1357 799 1385 interea
809 1357 826 1384 ,7

80 1401 184 1431 ibatne
206 1401 247 1430 ad
261 1401 468 1430 Bacchidem?
494 1398 645 1433 Quotidie.
685 1397 728 1428 Et
749 1405 827 1428 nota

80 1442 280 1474 familiariter
303 1443 363 1473 hoc
379 1442 512 1473 verbum
533 1441 611 1482 poni
626 1451 645 1472 a
660 1440 824 1471 Terentio.

81 1486 135 1517 Sic
150 1486 184 1517 in
198 1485 365 1528 Adelphis,
382 1487 443 1516 Sed
456 1487 484 1515 si
498 1486 548 1515 hic
559 1489 709 1524 per-nocto,
726 1495 825 1515 causae

80 1531 156 1570 qnid
169 1531 277 1566 dicam,
294 1531 370 1569 Syre
381 1531 396 1559 ,7
428 1528 470 1559 D.

123 1573 174 1603 25.
190 1574 332 1606 Quamvis
346 1570 483 1611 caucam]
502 1571 576 1602 Hoc
590 1576 724 1612 propter
732 1580 825 1612 spec-

79 1621 217 1647 tatorem
242 1615 370 1652 dicitur,
386 1621 423 1646 ut
443 1621 607 1655 gestorum
631 1613 824 1645 meminerit.

83 1660 180 1693 Quam
194 1661 290 1699 ipsam
304 1657 420 1699 veram]
438 1657 522 1693 Quia
538 1657 606 1688 sola
619 1667 661 1688 ex
675 1656 825 1688 omnibus

79 1702 209 1733 defendi
225 1712 290 1733 non
302 1707 417 1744 potest.
447 1701 600 1732 D.—Pro
610 1699 736 1741 vulgari
748 1701 826 1731 malo

80 1745 147 1776 duo
162 1745 279 1777 Faemi
295 1752 328 1776 et
343 1744 476 1776 totidem
492 1755 510 1775 e
525 1743 644 1775 nostris
658 1750 745 1775 recte
759 1754 824 1774 ma-

125 1832 175 1862 26.
199 1833 300 1863 Multo
317 1833 408 1871 prius
431 1833 515 1867 scivi,
540 1841 628 1870 quam
652 1829 702 1870 tu]
737 1830 826 1860 Bene

83 1874 207 1917 pergit:
230 1875 306 1916 quia
327 1874 530 1905 taciturnitas
550 1884 611 1915 pro
629 1873 828 1904 confessione

83 1926 216 1960 accepta
226 1925 286 1949 est.
304 1918 443 1948 D.-ob
453 1927 581 1948 versum
595 1926 716 1957 repone
730 1917 830 1947 Malta

81 1964 181 2002 prius,
201 1973 290 2003 quam
312 1964 353 1998 tin,
370 1962 455 1992 illum
475 1963 549 1991 scivi
569 1961 678 1990 habe're
693 1962 829 1995 amicam,

83 2006 258 2046 Myrrhina.
297 2004 394 2035 Certe
409 2006 519 2035 habere
537 2005 663 2034 amicam
684 2009 774 2033 extat
795 2002 831 2033 in

84 2048 360 2124 1:035&ssssqu
362 2047 491 2130 editiltiin]
523 2089 596 2121 Hoc
611 2088 749 2130 intelligi
765 2099 830 2120 non

212 2134 275 2166 nisi
286 2137 393 2165 vitium
407 2133 456 2165 bis
472 2143 606 2164 numero
621 2132 830 2163 subaudieris.

85 2177 321 2219 Adolescentia]
353 2177 474 2208 Melius
500 2176 583 2207 dixit
613 2177 829 2211 adolescentioe,

85 2231 181 2262 quam
196 2222 350 2261 Pamphili
360 2234 370 2251 .·
393 2226 430 2251 ut
445 2219 530 2261 quod
545 2219 579 2250 in
594 2225 690 2250 aetate
714 2218 828 2256 fuerat,

85 2274 151 2296 non
167 2264 296 2296 timeret
309 2264 344 2295 in
356 2263 496 2305 ingenio.
530 2262 571 2293 D.

128 2309 181 2339 28.
197 2309 280 2339 Nam
295 2309 329 2338 id
343 2309 476 2339 omnibus
487 2309 623 2337 innatum
635 2304 698 2346 est]
709 2304 830 2336 Amare

85 2349 121 2382 in
133 2350 355 2382 adolescentia.
386 2352 432 2381 Ae
443 2349 569 2390 ymljan
584 2350 694 2386 aderit,
709 2359 742 2379 se
755 2359 828 2389 quo·

85 2403 143 2434 que
158 2405 247 2435 qnam
259 2392 373 2434 oderit]
388 2393 474 2424 Mire
489 2398 688 2424 senectutem
700 2397 829 2422 accusat

86 2446 197 2474 senex,
211 2447 311 2478 quum
326 2443 360 2468 et
374 2436 516 2468 velocem
531 2435 672 2467 ostendit
686 2434 737 2466 his
755 2444 827 2465 ver-

87 2479 140 2510 bis
148 2479 218 2520 janu
233 2482 354 2511 aderit.-
376 2486 409 2511 et
423 2479 521 2516 addit,
537 2490 568 2510 se
583 2489 697 2520 quoque
711 2480 829 2509 oderit.-

87 2522 179 2563 quasi
193 2522 289 2559 dicat,
299 2523 330 2553 N
333 2533 375 2554 on
386 2522 489 2554 solum
501 2533 566 2553 non
579 2521 709 2558 amabit,
723 2521 783 2552 sed
798 2526 832 2552 et

88 2564 163 2596 odio
176 2565 322 2596 habebit:
340 2572 373 2597 et
385 2576 449 2597 non
461 2565 583 2597 alienas
595 2564 747 2596 mulieres
761 2574 829 2595 mo-

88 2608 140 2645 do,
156 2618 215 2639 nec
237 2618 370 2639 uxorem
385 2618 521 2649 quoque,
543 2608 600 2639 sed
621 2607 718 2639 etiam
744 2607 831 2649 seip-

88 2661 171 2683 sum.
204 2650 282 2682 Plus
304 2661 382 2692 ergo
403 2651 539 2687 illatum,
554 2661 649 2692 quam
672 2650 755 2682 ratio
774 2650 831 2681 de-

88 2695 240 2736 poscebat
253 2704 263 2724 t
284 2694 342 2725 sed
356 2693 438 2725 mire
452 2694 494 2725 ad
508 2693 656 2725 affectum
671 2693 760 2725 senis
775 2703 831 2724 ex·

88 2737 304 2780 primendum.
328 2738 367 2768 Se
382 2747 495 2778 quoqne
508 2739 600 2767 etiam
614 2747 703 2777 quam
718 2735 833 2776 oderit]

91 2780 133 2812 Id
153 2787 214 2817 est,
238 2786 275 2811 ut
294 2779 451 2821 poeniteat
474 2789 548 2810 eum
570 2779 621 2810 sui
647 2778 731 2810 facti.
771 2779 836 2810 Sed

88 2823 164 2866 plus
176 2823 270 2861 dixit,
286 2833 381 2864 quam
405 2822 431 2854 si
448 2822 581 2859 diceret,
595 2821 688 2862 facta
701 2833 766 2852 sua.
793 2822 835 2853 D.

88 2869 204 2899 -Ιωι
223 2865 341 2907 aderit]
365 2866 466 2897 Codd.
488 2871 565 2896 vett.
583 2871 616 2896 et
639 2864 703 2896 Ms-
718 2865 758 2895 R.
765 2864 838 2905 jan

88 2911 191 2942 aderit
213 2915 337 2950 tempus.
366 2908 514 2940 L.—-Vel
535 2907 618 2949 lege,
633 2909 716 2939 Nan
738 2909 773 2938 id
788 2910 837 2938 in-

89 2955 245 2991 mmm,
255 2959 293 2984 ut
307 2952 489 2984 trochaicus
504 2951 548 2983 sit
557 2961 631 2983 cum
652 2950 837 2993 praeceden-

92 2995 196 3033 tibun
234 2996 286 3028 vel
301 2997 383 3028 Nam
408 2997 444 3027 ia
468 2996 604 3027 enta-ibus
625 2996 773 3033 matum,
794 2999 838 3034 ae,

868 1229 924 1255 etc.
941 1230 977 1255 ut
997 1223 1154 1256 iambicus
1169 1224 1213 1256 sit
1227 1235 1300 1256 cum
1317 1225 1535 1267 sequentibus.
1566 1227 1614 1259 At

869 1278 942 1298 cum
961 1268 1062 1299 nostri
1082 1268 1231 1305 habeant,
1257 1270 1359 1300 aderit
1385 1275 1508 1310 tempus,
1525 1282 1590 1302 eum
1600 1283 1614 1305 ,-

869 1311 951 1342 forte
971 1310 1017 1341 sic
1036 1311 1097 1352 leg.
1114 1318 1148 1342 et
1162 1311 1436 1352 distinguendum,
1457 1315 1566 1344 Verum
1579 1316 1615 1344 id

868 1356 975 1384 vitium
998 1365 1150 1395 nunquam
1172 1357 1289 1386 decrevi
1313 1366 1375 1387 esse
1400 1367 1475 1397 ego.-
1497 1358 1614 1388 adoles-

868 1399 975 1428 centiae
994 1395 999 1438 Ι
1021 1398 1161 1428 Innatum
1190 1403 1256 1429 est.-
1289 1404 1323 1429 a!
1349 1400 1401 1439 pol
1416 1399 1487 1439 jam
1513 1401 1616 1431 aderit

869 1446 993 1480 tempus,
1009 1451 1040 1471 se
1055 1452 1169 1481 quoque
1182 1443 1274 1472 etiam
1290 1452 1356 1472 cum
1371 1444 1477 1473 oderit.
1510 1442 1549 1474 B.

912 1485 962 1514 29.
978 1485 1039 1514 Sed
1051 1489 1086 1514 ut
1100 1486 1169 1514 olim
1183 1489 1212 1515 te
1227 1484 1403 1525 ostendisti]
1428 1485 1538 1520 Quum
1559 1496 1616 1518 su·

869 1526 997 1568 periora
1018 1527 1104 1558 dicta
1127 1533 1212 1558 sunt.
1245 1528 1386 1559 D.—-Ne
1400 1530 1514 1567 eadem,
1529 1529 1615 1570 quod

868 1576 1003 1601 accentu
1021 1569 1102 1611 erig-i
1119 1570 1231 1607 debet,'
1240 1570 1276 1601 in
1291 1571 1391 1602 Thesi
1406 1571 1616 1613 deprimatur,

868 1613 931 1654 leg.
955 1623 996 1644 ex
1011 1613 1082 1644 edd.
1097 1619 1174 1644 vett.
1190 1620 1224 1645 et
1238 1624 1304 1645 uno
1319 1624 1337 1645 e
1352 1614 1482 1652 nostris,
1495 1617 1564 1653 Sed,
1580 1621 1617 1647 ut

868 1658 938 1687 olim
959 1662 988 1688 te
1007 1658 1175 1695 ostendisti,
1198 1659 1245 1687 nil
1266 1660 1423 1689 cessavisti
1435 1660 1539 1690 e'adem
1553 1670 1618 1691 esee

868 1711 961 1740 usque
976 1701 1087 1731 adhuc.
1118 1700 1156 1731 Β.

912 1744 963 1773 30.
984 1745 1026 1774 Ut
1032 1745 1132 1782 filiam
1142 1745 1182 1774 ab
1193 1754 1228 1774 eo
1238 1742 1417 1785 abduceres]
1431 1743 1615 1777 Vehemen-

869 1786 934 1817 tius
958 1785 1050 1822 dixit,
1066 1797 1161 1827 quam
1185 1786 1214 1817 si
1239 1787 1371 1825 diceret,
1393 1787 1440 1818 Ut
1464 1787 1565 1819 filiam
1584 1788 1617 1820 ei

870 1839 935 1860 non
950 1829 1110 1860 redderes.
1142 1831 1192 1860 Ne
1214 1832 1294 1870 quod
1310 1841 1366 1870 ego
1384 1833 1521 1871 egissem,
1540 1837 1619 1863 met

870 1871 988 1913 ratum]
1006 1873 1101 1907 Quod
1117 1873 1157 1903 ab
1178 1882 1217 1903 eo
1232 1873 1373 1910 abducis,
1390 1883 1455 1904 non
1471 1874 1555 1905 bona
1567 1885 1617 1906 ιο-

872 1926 961 1946 erm-.-
985 1915 1070 1956 quod
1092 1915 1202 1953 filiam,
1216 1926 1280 1946 non
1293 1916 1377 1947 bona
1390 1921 1508 1949 mater.-
1530 1917 1617 1958 quod

872 1958 965 1990 irrita
986 1958 1064 1990 facis
1086 1968 1157 1999 quae
1178 1959 1275 2000 gessi,
1298 1969 1363 1990 non
1383 1960 1469 1991 bona
1481 1971 1557 1992 uxor
1571 1971 1618 1999 es,

872 2001 989 2042 inquit.
1018 2002 1060 2032 D.

917 2046 967 2076 31.
990 2046 1082 2076 Nunc
1103 2056 1153 2076 ree
1175 2047 1320 2076 indicium
1331 2043 1432 2087 facit]
1461 2046 1536 2078 Hoc
1556 2053 1617 2085 eat,

873 2088 959 2129 quod
971 2088 1114 2119 celavisti
1130 2094 1269 2129 partum.
1291 2090 1333 2119 Id
1345 2100 1424 2120 nunc
1437 2088 1503 2130 res]
1516 2090 1619 2126 Quasi

874 2131 1002 2168 dixerit,
1019 2133 1097 2162 unde
1111 2133 1181 2163 scio.
1212 2131 1278 2165 Quo
1290 2130 1506 2172 pactosactum
1517 2135 1619 2165 volue-

874 2173 936 2215 ris]
953 2175 1029 2206 Non
1038 2174 1141 2205 solum
1157 2174 1242 2215 quod
1256 2174 1343 2212 fecit,
1354 2175 1411 2206 sed
1426 2175 1524 2207 etiam
1532 2176 1619 2217 quod

873 2217 985 2255 voluit,
1009 2217 1128 2258 objicit.
1155 2219 1220 2251 Quo
1230 2223 1322 2258 pacto
1336 2217 1458 2258 saetam
1469 2219 1616 2261 volueris]

875 2261 986 2299 Deest,
996 2263 1078 2300 fieri.
1107 2261 1150 2291 D.

916 2305 967 2335 32.
985 2302 1192 2344 Pervicaoem]
1210 2304 1273 2335 Per
1286 2303 1353 2335 vim
1368 2309 1527 2345 agentem,
1541 2316 1619 2348 pers

873 2347 1028 2379 niciosam
1051 2357 1103 2378 me
1118 2357 1189 2378 esse
1203 2349 1338 2378 censes?
1371 2349 1430 2379 Cui
1463 2348 1566 2380 Deest
1578 2351 1620 2388 el,

872 2390 923 2422 vel
938 2393 1021 2422 eirea
1041 2401 1116 2421 eam.
1155 2391 1214 2421 em·
1233 2396 1331 2422 mater
1350 2346 1447 2431 sier-J]
1463 2391 1588 2424 Rursus
1600 2402 1621 2424 a

872 2433 1060 2465 verisimili:
1082 2443 1125 2464 an
1146 2440 1250 2464 mater
1270 2440 1383 2465 contra
1397 2433 1498 2466 filiam
1512 2434 1619 2468 faciat.

917 2522 968 2551 33.
985 2522 1020 2551 Si
1041 2531 1077 2552 et
1090 2531 1147 2551 usu
1169 2525 1247 2551 esset
1266 2525 1368 2551 nostro
1389 2522 1446 2552 hoc
1464 2523 1620 2554 matri-o-

874 2565 958 2594 nim
966 2563 1000 2604 P]
1026 2563 1150 2594 Callide
1171 2562 1288 2594 mulier
1311 2573 1353 2594 ex
1371 2563 1424 2595 his
1444 2574 1518 2604 quae
1537 2564 1622 2598 dixit

875 2617 976 2638 senex
991 2606 1211 2638 defensionem
1227 2605 1350 2647 arripit.
1394 2606 1480 2639 Nam
1504 2606 1560 2639 ille
1572 2608 1621 2640 sie

875 2650 932 2687 ait,
957 2650 1107 2690 Negabas
1130 2659 1226 2691 posse
1252 2649 1352 2680 filiam
1378 2655 1466 2681 tuam
1493 2656 1527 2682 te
1550 2652 1622 2694 pati

876 2703 951 2724 cum
972 2703 1021 2730 eo,
1037 2693 1093 2733 qui
1108 2692 1311 2723 meretricem
1326 2699 1458 2730 amaret,
1474 2694 1530 2735 qui
1542 2705 1621 2737 per-

878 2742 1023 2767 noctaret
1035 2735 1122 2766 foris.
1159 2737 1211 2766 Ex
1225 2746 1281 2767 m
1291 2734 1409 2777 nonno]
1427 2736 1538 2776 Modo,
1553 2738 1619 2770 nti-

877 2779 928 2810 le:
951 2778 980 2810 si
994 2788 1053 2820 pro
1069 2784 1180 2810 nostra
1194 2785 1279 2809 esset
1299 2778 1451 2811 utilitate.
1478 2779 1621 2814 D.—-Ne

878 2833 936 2853 usu
957 2821 992 2852 in
1016 2821 1115 2852 Thesi
1130 2821 1319 2860 occultetur,
1341 2831 1474 2864 repone,
1493 2825 1524 2855 εἰ
1543 2830 1623 2858 σακε

879 2869 980 2895 nostro
993 2875 1030 2895 ex
1042 2875 1098 2896 m
1112 2866 1166 2896 hoc
1179 2875 1218 2895 n.
1250 2864 1289 2896 Β.

886 2950 894 2957 .
924 2908 976 2938 ³4.
1005 2909 1088 2939 Tune
1106 2907 1296 2949 prospicere]
1318 2908 1351 2940 A
1371 2918 1518 2951 per-aona.
1554 2913 1623 2944 Ant

872 2949 1036 2992 judicare]
1052 2951 1229 2992 Pro-piare
1238 2951 1364 2984 sumta:
1377 2952 1524 2994 judiam
1536 2964 1622 2996 pre·

882 2993 996 3026 sentia.
1027 2993 1071 3025 D.
