1852 3216
313 174 686 226 CALLIOPII
733 136 1116 224 CUJUSDAM
1164 174 1475 225 scflomA

604 269 679 320 IN
725 269 1177 330 TERENTIUM,

148 387 256 424 UNA
281 386 392 424 CUM
418 383 650 422 PICTURIS
675 383 982 429 QUIBUSDAM
1007 382 1303 428 VETERIBUS,
1329 385 1397 422 AB
1420 383 1625 423 ANGELO

387 454 517 491 Malo
540 454 572 490 E
595 453 748 490 OODD.
773 452 992 490 AMBROS.
1020 452 1192 489 NUPER.
1214 453 1383 490 EDITA.

121 560 221 596 Pnhl.
246 559 398 594 Terentii
419 559 507 601 vita,
531 570 572 592 ετ
594 557 832 592 Ambrosiam
854 556 952 591 codd.
978 556 1028 598 D,
1056 558 1128 595 79,-
1155 556 1199 598 Ο,
1229 561 1322 596 109,·
1346 562 1380 592 et
1404 557 1445 600 F,
1472 563 1531 601 92,
1550 563 1647 605 part.

528 627 606 662 sup.
632 615 675 650 ab
699 615 829 661 Anqelo
851 614 952 649 Maio
972 614 1120 661 primum
1141 613 1246 649 edita.

120 687 356 726 Tenem-ms
384 679 493 731 Afer,
521 698 661 737 genere
689 683 1029 736 Carthaginiensis,
1057 698 1155 736 puer
1184 693 1322 736 captus
1357 694 1398 724 et
1428 699 1453 725 a
1479 685 1649 738 quodam

121 741 305 780 Terentio
332 740 489 778 Lucano
516 747 683 790 emptus,
710 738 832 777 literis
867 737 1019 777 Graecis
1051 737 1275 790 Latinisque
1307 739 1530 786 instructus,
1558 754 1648 779 cum

120 795 300 833 librarius
318 802 432 836 esset,
452 807 544 831 mox
564 802 725 844 propter
743 792 971 843 elegantiam
991 793 1207 831 studiorum
1231 806 1460 845 morumque
1487 794 1526 832 in
1552 795 1648 832 ami-

121 850 251 887 citiam
279 847 490 899 perductus
518 857 579 885 est
606 847 796 898 Scipionis
824 855 864 884 et
891 845 1002 884 Laelii
1030 847 1213 898 sapientis
1237 855 1277 885 et
1303 847 1464 899 Rupilii,
1483 855 1649 900 quorum

121 902 272 941 fabulas
286 904 325 940 in
340 914 454 939 scena
467 901 558 939 dare
573 900 718 939 inimici
733 899 1006 939 diffamabant:
1034 901 1202 939 maxime
1219 900 1437 939 Turtullius
1451 901 1649 948 Lavinius,

121 957 188 1007 qui
207 955 292 1007 ejus
318 955 482 994 aemulus
503 963 598 1002 erat,
619 955 717 993 hanc
738 955 961 1005 opinionem
979 954 1218 1005 divulgabat.
1266 954 1343 993 Sed
1363 969 1450 994 cum
1467 955 1649 994 crimina-

121 1018 254 1048 rentur
274 1009 432 1061 quidam
450 1008 678 1047 Terentium
695 1021 771 1046 non
790 1021 882 1046 vere
901 1006 1132 1046 Graecorum
1158 1022 1287 1047 mores
1314 1009 1545 1060 exprimere,
1565 1009 1648 1061 ple-

121 1078 241 1114 raque
262 1064 299 1101 in
318 1062 456 1101 Latina
480 1061 563 1100 fore
588 1061 891 1108 consuetudine;
921 1070 966 1099 ut
990 1062 1168 1101 instituta
1190 1076 1396 1114 moresque
1419 1062 1650 1102 Graecorum

120 1126 386 1169 cognosceret,
408 1116 580 1154 Athenas
598 1116 796 1168 profectus
815 1123 886 1154 est.
934 1115 996 1154 Ibi
1014 1115 1252 1167 aliquamdiu
1266 1126 1538 1162 commoratus,
1557 1116 1648 1156 Me-

120 1172 310 1210 nandrum
337 1171 377 1209 in
405 1170 585 1208 Latinum
604 1183 823 1208 sermonem
842 1169 1083 1208 transtulisse
1101 1170 1255 1209 dicitur.
1302 1170 1356 1209 Et
1376 1184 1464 1209 cum
1483 1170 1650 1210 Romam

121 1226 315 1276 petiturus
341 1233 455 1269 esset,
485 1224 654 1263 sarcinas
682 1223 923 1275 fabulasque,
944 1237 1041 1274 quas
1062 1224 1115 1262 ibi
1135 1225 1430 1276 conscripserat,
1451 1225 1491 1263 in
1508 1238 1650 1264 navem

121 1279 318 1330 imposuit,
341 1292 430 1329 quae
459 1278 630 1316 Maleam
658 1277 866 1316 circuitura
893 1286 989 1316 erat.
1046 1278 1138 1328 Ipse
1163 1278 1335 1317 terrestri
1358 1279 1493 1318 itinere
1511 1278 1649 1318 Patras

118 1333 318 1384 profectus
345 1340 416 1377 est,
446 1333 513 1371 ubi
541 1342 581 1370 et
608 1345 747 1370 navem
769 1341 976 1383 expectare
994 1332 1261 1371 constituerat.
1307 1331 1534 1384 Auditoque
1553 1347 1649 1372 nau-

121 1387 257 1438 fragio,
286 1400 390 1436 aegre
418 1386 545 1424 ferens
574 1386 735 1424 amissas
763 1385 926 1431 fabulas,
956 1385 1174 1438 Stymphali
1205 1386 1372 1425 decessit
1398 1387 1438 1426 in
1466 1387 1648 1432 Arcadia,

119 1440 351 1492 publiceque
379 1440 433 1478 ibi
461 1439 635 1491 sepultus
663 1448 735 1485 est,
766 1438 812 1477 C.
844 1439 1049 1478 Dolabella
1077 1439 1217 1478 Fulvio
1244 1440 1386 1480 Flacco
1409 1441 1647 1480 consulibus.

120 1494 281 1533 Fabulae
299 1493 385 1546 ejus
404 1502 538 1532 extant
557 1501 722 1544 quatuor
741 1506 762 1531 e
783 1493 1002 1532 Menandro
1016 1494 1226 1540 translatae‚
1243 1494 1404 1540 Andria,
1421 1494 1648 1540 Eunuchus,

119 1548 312 1600 Adelphe,
331 1557 370 1586 et
395 1548 870 1586 Heautontimorumenos.
918 1547 1021 1586 Duae
1041 1561 1093 1586 ex
1111 1547 1355 1600 Apollodoro
1373 1547 1542 1595 Caricio,
1561 1549 1647 1587 He-

120 1616 211 1653 cyra
225 1611 266 1640 et
281 1601 477 1640 Phormio.
506 1601 740 1640 Eunuchum
752 1601 973 1639 vendidisse
989 1602 1132 1640 dicitur
1145 1611 1235 1641 octo
1248 1602 1419 1642 millibus
1429 1617 1648 1649 numorum,

119 1656 226 1707 quod
244 1656 416 1708 precium
436 1664 523 1694 ante
542 1669 631 1694 eum
651 1668 763 1693 nemo
781 1665 996 1707 acceperat.

143 1761 308 1809 calliopii
332 1762 445 1798 Schol.
472 1761 519 1797 ad
544 1762 677 1798 Term-
702 1773 743 1797 ex
765 1761 922 1797 Ambros.
948 1762 1022 1798 eod.
1049 1762 1092 1798 ab
1115 1762 1245 1809 Anqelo
1267 1763 1368 1799 Maio
1390 1775 1499 1811 nuper
1520 1764 1626 1800 edita.

681 1843 1085 1883 EUNUCHUS.

122 1919 197 1957 111.
219 1924 257 1957 2.
278 1922 344 1958 19.
363 1919 462 1957 Hem
478 1919 681 1957 eunuchum
699 1917 789 1970 tibi]
817 1918 880 1956 De
905 1918 1070 1957 Chaerea
1097 1919 1204 1965 dicit,
1227 1920 1294 1971 qui
1321 1920 1498 1959 habitum
1524 1935 1647 1961 eunu-

200 1973 264 2012 chi
273 1982 511 2022 -assumserat
525 1983 564 2011 et
576 1977 822 2011 nomem—3.
839 1974 876 2014 7.
895 1973 989 2011 Rem
1002 1972 1157 2024 seriam]
1171 1973 1382 2020 Secretam,
1396 1984 1543 2013 certam
1555 1989 1647 2014 cau-

199 2041 294 2072 sam,
326 2028 407 2065 sine
436 2028 624 2066 risu.-—4.
655 2026 714 2078 1.]
738 2026 932 2070 Quaerens
963 2027 1138 2078 Antipho
1170 2026 1374 2067 Chaeream
1401 2042 1532 2067 secum
1560 2030 1647 2068 haec

198 2081 537 2132 loquebatur.——5.
568 2085 632 2119 53.
662 2080 754 2132 Ego
781 2080 879 2119 limis
904 2080 1047 2132 specto]
1068 2080 1201 2120 Tortis
1218 2081 1355 2128 oculis,
1374 2084 1606 2122 transversis
1623 2097 1649 2122 a

200 2135 330 2173 limine
350 2135 386 2172 in
409 2144 629 2174 transverso
647 2135 788 2186 posito.

121 2188 192 2226 IV.
218 2193 251 2227 l.
275 2188 332 2240 1.]
356 2189 581 2228 Doria³·ista
599 2188 845 2227 Chremetem
867 2188 1034 2227 duxerat
1051 2188 1102 2227 ad
1119 2188 1360 2228 Thrasonem
1377 2200 1418 2228 et
1436 2190 1647 2237 dominam,

198 2252 238 2281 et
257 2251 455 2281 revertens
474 2242 627 2281 dicebat
651 2243 805 2294 Pythiae
823 2242 935 2281 alteri
953 2243 1214 2281 aneillae.—2.
1238 2247 1299 2281 12.
1322 2243 1508 2283 Extrema
1526 2245 1646 2297 linea]

198 2296 382 2348 Quinque
395 2307 486 2335 sunt
504 2297 617 2335 lineae
636 2298 800 2335 amoris:
828 2306 1043 2335 extremam
1058 2310 1151 2335 vero
1168 2297 1308 2336 lineam
1322 2307 1437 2336 vocat
1451 2299 1648 2338 visum.—

198 2355 237 2390 3.
269 2349 327 2402 1.]
365 2350 505 2402 Pythia
540 2350 679 2389 ancilla
714 2350 876 2389 Thaidis
913 2364 1148 2402 cognoscens
1186 2351 1365 2389 viciatam
1402 2352 1591 2404 virginem
1623 2367 1648 2392 a

198 2404 374 2450 Chaerea,
402 2404 589 2456 illumque
617 2405 775 2456 fugisse,
802 2405 1073 2456 egrediebatur
1102 2405 1312 2455 quaeritans
1340 2419 1456 2456 quem
1483 2409 1647 2458 putabat

198 2459 525 2497 eunuchum.—-4.
550 2462 585 2497 1.
606 2458 828 2510 Eaeiforas]
856 2458 1038 2497 Phaedria
1058 2459 1180 2497 iratus
1197 2460 1401 2510 quaerebat
1427 2461 1646 2500 eunuchum

198 2512 237 2550 in
255 2512 478 2550 domm—4.
510 2516 572 2550 15.
601 2513 663 2551 Ita
689 2513 788 2551 vism
813 2511 888 2564 est]
916 2512 972 2551 Ut
998 2521 1102 2551 esset
1129 2521 1221 2551 tunc
1247 2513 1420 2564 pulcher,
1439 2514 1531 2565 quia
1546 2516 1645 2554 bene

198 2565 355 2604 indutus
372 2576 468 2612 erat,
483 2566 590 2618 quod
607 2566 723 2605 modo
741 2580 818 2605 non
838 2575 897 2605 est
914 2567 971 2605 eis
989 2567 1163 2605 vestibus
1174 2567 1441 2606 indutus.-4.
1460 2571 1522 2607 18.
1546 2569 1648 2612 Quid

201 2619 386 2671 inter-siet]
413 2619 519 2659 Inter
546 2621 663 2659 istum
690 2629 731 2659 et
757 2620 1042 2659 adolescentem
1066 2620 1135 2671 qui
1159 2620 1210 2658 ad
1227 2635 1298 2659 nos
1317 2621 1508 2660 deductus
1531 2632 1646 2661 est—

201 2675 237 2710 5.
262 2672 319 2724 1.]
338 2673 523 2713 Chremes
541 2674 834 2713 adolescensde
857 2674 974 2712 domo
1001 2674 1213 2712 Thrasonis
1237 2675 1395 2714 veniens
1422 2676 1478 2714 sic
1505 2676 1644 2727 loque-

198 2727 420 2765 batur.—6.
443 2731 504 2766 15.
533 2729 625 2766 Cum
649 2727 906 2780 monunoentis]
933 2728 982 2766 Id
1009 2736 1081 2773 est,
1109 2728 1253 2767 chartis
1280 2729 1348 2768 ubi
1374 2730 1645 2770 continebatur

200 2780 523 2830 quemadmodum
549 2791 680 2834 empta
707 2796 730 2821 a
756 2790 879 2820 matre
906 2782 1176 2821 Thaidis.—6.
1209 2785 1271 2821 16.
1295 2782 1345 2820 In
1368 2782 1483 2835 risco]
1503 2784 1644 2823 Riscus

200 2834 357 2884 proprie
384 2836 657 2886 repositorium
685 2850 767 2881 vas,
796 2836 977 2874 videlicet
1003 2850 1055 2874 ex
1080 2835 1201 2887 junco
1227 2844 1268 2875 et
1295 2836 1397 2875 foliis
1429 2837 1643 2889 palmarum

201 2892 533 2928 contextum—7.
565 2894 600 2927 1.
631 2889 695 2928 Ad
722 2890 880 2928 domum
908 2890 1069 2928 Thaidis
1097 2889 1250 2930 Thraso
1282 2891 1401 2931 iratus
1438 2905 1528 2931 cum
1563 2893 1643 2931 suis

203 2941 357 2979 veniens
376 2952 414 2981 et
433 2942 648 2990 Gnathone‚
667 2944 752 2983 haec
771 2944 1015 2994 loquebatur.

845 2999 920 3035 *b
