<?xml version="1.0" encoding="UTF-8"?>
<!DOCTYPE html PUBLIC "-//W3C//DTD XHTML 1.0 Transitional//EN"
    "http://www.w3.org/TR/xhtml1/DTD/xhtml1-transitional.dtd">
<html xmlns="http://www.w3.org/1999/xhtml" xml:lang="en" lang="en">
 <head>
  <title>
</title>
<meta http-equiv="Content-Type" content="text/html;charset=utf-8" />
  <meta name='ocr-system' content='tesseract 3.04.00' />
  <meta name='ocr-capabilities' content='ocr_page ocr_carea ocr_par ocr_line ocrx_word'/>
</head>
<body>
  <div class='ocr_page' id='page_1' title='image "./comoediaesex00tereuoft_0072.png"; bbox 0 0 1852 3216; ppageno 0'>
   <div class='ocr_carea' id='block_1_1' title="bbox 192 122 1331 165">
    <p class='ocr_par' dir='ltr' id='par_1_1' title="bbox 192 122 1331 165">
     <span class='ocr_line' id='line_1_1' title="bbox 192 122 1331 165; baseline -0.002 0"><span class='ocrx_word' id='word_1_1' title='bbox 192 125 276 165; x_wconf 81' lang='lat' dir='ltr'>xlvi</span> <span class='ocrx_word' id='word_1_2' title='bbox 595 122 839 164; x_wconf 71' lang='lat' dir='ltr'>VICTOR</span> <span class='ocrx_word' id='word_1_3' title='bbox 877 123 960 163; x_wconf 86' lang='lat' dir='ltr'>DE</span> <span class='ocrx_word' id='word_1_4' title='bbox 997 123 1331 164; x_wconf 76' lang='lat' dir='ltr'>coMOEDIA.</span> 
     </span>
    </p>
   </div>
   <div class='ocr_carea' id='block_1_2' title="bbox 193 209 1738 1561">
    <p class='ocr_par' dir='ltr' id='par_1_2' title="bbox 193 209 1738 1561">
     <span class='ocr_line' id='line_1_2' title="bbox 197 209 1733 264; baseline -0.003 -12"><span class='ocrx_word' id='word_1_5' title='bbox 197 212 441 264; x_wconf 71' lang='lat' dir='ltr'><strong>grammatici</strong></span> <span class='ocrx_word' id='word_1_6' title='bbox 471 211 641 252; x_wconf 83' lang='lat' dir='ltr'>comicos</span> <span class='ocrx_word' id='word_1_7' title='bbox 666 219 909 264; x_wconf 73' lang='lat' dir='ltr'>exponentes</span> <span class='ocrx_word' id='word_1_8' title='bbox 937 214 1100 261; x_wconf 66' lang='grc' dir='ltr'>κορωνίδα</span> <span class='ocrx_word' id='word_1_9' title='bbox 1118 209 1244 251; x_wconf 87' lang='lat' dir='ltr'>solent</span> <span class='ocrx_word' id='word_1_10' title='bbox 1270 209 1479 263; x_wconf 85' lang='lat' dir='ltr'>appellare.</span> <span class='ocrx_word' id='word_1_11' title='bbox 1536 213 1733 259; x_wconf 71' lang='grc' dir='ltr'>κομμάτιον</span> 
     </span>
     <span class='ocr_line' id='line_1_3' title="bbox 197 263 1730 320; baseline -0.001 -15"><span class='ocrx_word' id='word_1_12' title='bbox 197 279 293 306; x_wconf 85' lang='lat' dir='ltr'>vero</span> <span class='ocrx_word' id='word_1_13' title='bbox 319 266 477 320; x_wconf 78' lang='lat' dir='ltr'>proprie</span> <span class='ocrx_word' id='word_1_14' title='bbox 504 265 658 311; x_wconf 89' lang='lat' dir='ltr'>dicitur,</span> <span class='ocrx_word' id='word_1_15' title='bbox 677 276 868 317; x_wconf 83' lang='lat' dir='ltr'>quatenus</span> <span class='ocrx_word' id='word_1_16' title='bbox 896 264 945 304; x_wconf 89' lang='lat' dir='ltr'>de</span> <span class='ocrx_word' id='word_1_17' title='bbox 964 265 1084 304; x_wconf 84' lang='lat' dir='ltr'>choro</span> <span class='ocrx_word' id='word_1_18' title='bbox 1102 274 1302 317; x_wconf 85' lang='lat' dir='ltr'>amputata</span> <span class='ocrx_word' id='word_1_19' title='bbox 1322 264 1521 316; x_wconf 85' lang='lat' dir='ltr'>recisaque</span> <span class='ocrx_word' id='word_1_20' title='bbox 1539 263 1730 316; x_wconf 88' lang='lat' dir='ltr'>particula</span> 
     </span>
     <span class='ocr_line' id='line_1_4' title="bbox 197 318 1727 371; baseline -0.001 -12"><span class='ocrx_word' id='word_1_21' title='bbox 197 319 378 360; x_wconf 84' lang='lat' dir='ltr'>videtur:</span> <span class='ocrx_word' id='word_1_22' title='bbox 402 320 441 360; x_wconf 90' lang='lat' dir='ltr'>id</span> <span class='ocrx_word' id='word_1_23' title='bbox 459 334 482 359; x_wconf 90' lang='lat' dir='ltr'>a</span> <span class='ocrx_word' id='word_1_24' title='bbox 501 319 732 371; x_wconf 86' lang='lat' dir='ltr'>quibusdam</span> <span class='ocrx_word' id='word_1_25' title='bbox 751 321 905 359; x_wconf 69' lang='grc' dir='ltr'>εἶσθεσις</span> <span class='ocrx_word' id='word_1_26' title='bbox 920 324 1029 370; x_wconf 80' lang='grc' dir='ltr'>χοροῦ</span> <span class='ocrx_word' id='word_1_27' title='bbox 1048 318 1278 357; x_wconf 88' lang='lat' dir='ltr'>nominatur.</span> <span class='ocrx_word' id='word_1_28' title='bbox 1308 318 1498 362; x_wconf 88' lang='lat' dir='ltr'>Secunda,</span> <span class='ocrx_word' id='word_1_29' title='bbox 1517 322 1727 368; x_wconf 76' lang='grc' dir='ltr'>παράβασις,</span> 
     </span>
     <span class='ocr_line' id='line_1_5' title="bbox 197 371 1728 424; baseline -0.003 -10"><span class='ocrx_word' id='word_1_30' title='bbox 197 387 276 414; x_wconf 89' lang='lat' dir='ltr'>non</span> <span class='ocrx_word' id='word_1_31' title='bbox 297 388 410 414; x_wconf 89' lang='lat' dir='ltr'>secus</span> <span class='ocrx_word' id='word_1_32' title='bbox 428 388 473 414; x_wconf 88' lang='lat' dir='ltr'>ac</span> <span class='ocrx_word' id='word_1_33' title='bbox 493 383 574 413; x_wconf 89' lang='lat' dir='ltr'>tota</span> <span class='ocrx_word' id='word_1_34' title='bbox 592 373 746 412; x_wconf 87' lang='lat' dir='ltr'>saltatio</span> <span class='ocrx_word' id='word_1_35' title='bbox 765 373 907 412; x_wconf 87' lang='lat' dir='ltr'>dicitur</span> <span class='ocrx_word' id='word_1_36' title='bbox 923 387 932 411; x_wconf 90' lang='lat'><strong>:</strong></span> <span class='ocrx_word' id='word_1_37' title='bbox 961 373 1143 424; x_wconf 85' lang='lat' dir='ltr'>quoniam</span> <span class='ocrx_word' id='word_1_38' title='bbox 1163 372 1280 418; x_wconf 89' lang='lat' dir='ltr'>illinc,</span> <span class='ocrx_word' id='word_1_39' title='bbox 1302 373 1367 411; x_wconf 90' lang='lat' dir='ltr'>ubi</span> <span class='ocrx_word' id='word_1_40' title='bbox 1387 372 1616 411; x_wconf 72' lang='lat' dir='ltr'><strong>constiterat</strong></span> <span class='ocrx_word' id='word_1_41' title='bbox 1634 371 1728 410; x_wconf 89' lang='lat' dir='ltr'>cho-</span> 
     </span>
     <span class='ocr_line' id='line_1_6' title="bbox 198 425 1728 481; baseline -0.002 -14"><span class='ocrx_word' id='word_1_42' title='bbox 198 442 280 475; x_wconf 86' lang='lat' dir='ltr'>rus,</span> <span class='ocrx_word' id='word_1_43' title='bbox 300 428 489 481; x_wconf 89' lang='lat' dir='ltr'>populum</span> <span class='ocrx_word' id='word_1_44' title='bbox 509 441 644 467; x_wconf 85' lang='lat' dir='ltr'>versus</span> <span class='ocrx_word' id='word_1_45' title='bbox 673 427 839 466; x_wconf 82' lang='lat' dir='ltr'><strong>incedit:</strong></span> <span class='ocrx_word' id='word_1_46' title='bbox 868 427 950 465; x_wconf 87' lang='lat' dir='ltr'>sive</span> <span class='ocrx_word' id='word_1_47' title='bbox 977 429 1197 470; x_wconf 69' lang='grc' dir='ltr'>ἀνώτοιστος,</span> <span class='ocrx_word' id='word_1_48' title='bbox 1215 439 1263 464; x_wconf 87' lang='lat' dir='ltr'>eo</span> <span class='ocrx_word' id='word_1_49' title='bbox 1281 425 1387 477; x_wconf 89' lang='lat' dir='ltr'>quod</span> <span class='ocrx_word' id='word_1_50' title='bbox 1413 426 1635 477; x_wconf 76' lang='lat' dir='ltr'>frequenter</span> <span class='ocrx_word' id='word_1_51' title='bbox 1655 426 1728 464; x_wconf 88' lang='lat' dir='ltr'>bu-</span> 
     </span>
     <span class='ocr_line' id='line_1_7' title="bbox 193 479 1729 535; baseline -0.003 -13"><span class='ocrx_word' id='word_1_52' title='bbox 193 482 415 535; x_wconf 80' lang='lat' dir='ltr'>juscemodi</span> <span class='ocrx_word' id='word_1_53' title='bbox 434 492 570 521; x_wconf 83' lang='lat' dir='ltr'>cantus</span> <span class='ocrx_word' id='word_1_54' title='bbox 588 491 807 533; x_wconf 81' lang='lat' dir='ltr'>anapaestos</span> <span class='ocrx_word' id='word_1_55' title='bbox 827 490 1043 532; x_wconf 74' lang='lat' dir='ltr'>usurparet.</span> <span class='ocrx_word' id='word_1_56' title='bbox 1090 479 1225 518; x_wconf 85' lang='lat' dir='ltr'>Tertia</span> <span class='ocrx_word' id='word_1_57' title='bbox 1242 484 1374 529; x_wconf 76' lang='grc' dir='ltr'>πνῖγος,</span> <span class='ocrx_word' id='word_1_58' title='bbox 1394 490 1461 518; x_wconf 88' lang='lat' dir='ltr'>aut</span> <span class='ocrx_word' id='word_1_59' title='bbox 1478 484 1618 529; x_wconf 64' lang='grc' dir='ltr'>μικρὸν,</span> <span class='ocrx_word' id='word_1_60' title='bbox 1636 493 1729 518; x_wconf 85' lang='lat' dir='ltr'>can·</span> 
     </span>
     <span class='ocr_line' id='line_1_8' title="bbox 201 532 1729 586; baseline -0.003 -11"><span class='ocrx_word' id='word_1_61' title='bbox 201 536 321 576; x_wconf 88' lang='lat' dir='ltr'>tilena</span> <span class='ocrx_word' id='word_1_62' title='bbox 338 536 484 576; x_wconf 88' lang='lat' dir='ltr'>scilicet</span> <span class='ocrx_word' id='word_1_63' title='bbox 502 536 564 586; x_wconf 91' lang='lat' dir='ltr'>(ut</span> <span class='ocrx_word' id='word_1_64' title='bbox 584 534 723 574; x_wconf 82' lang='lat' dir='ltr'>Pollux</span> <span class='ocrx_word' id='word_1_65' title='bbox 742 532 811 582; x_wconf 88' lang='lat' dir='ltr'>ait)</span> <span class='ocrx_word' id='word_1_66' title='bbox 835 547 913 573; x_wconf 89' lang='lat' dir='ltr'>una</span> <span class='ocrx_word' id='word_1_67' title='bbox 930 534 1091 586; x_wconf 88' lang='lat' dir='ltr'>spiritus</span> <span class='ocrx_word' id='word_1_68' title='bbox 1110 534 1355 572; x_wconf 83' lang='lat' dir='ltr'>contentione</span> <span class='ocrx_word' id='word_1_69' title='bbox 1373 533 1536 584; x_wconf 87' lang='lat' dir='ltr'>prolata,</span> <span class='ocrx_word' id='word_1_70' title='bbox 1548 547 1636 584; x_wconf 78' lang='lat' dir='ltr'>quae</span> <span class='ocrx_word' id='word_1_71' title='bbox 1656 534 1729 572; x_wconf 87' lang='lat' dir='ltr'>tria</span> 
     </span>
     <span class='ocr_line' id='line_1_9' title="bbox 200 586 1727 643; baseline -0.003 -13"><span class='ocrx_word' id='word_1_72' title='bbox 200 590 458 643; x_wconf 79' lang='lat' dir='ltr'>sejunguntur</span> <span class='ocrx_word' id='word_1_73' title='bbox 486 590 714 633; x_wconf 80' lang='lat' dir='ltr'>abinvicem,</span> <span class='ocrx_word' id='word_1_74' title='bbox 735 602 824 627; x_wconf 88' lang='lat' dir='ltr'>cum</span> <span class='ocrx_word' id='word_1_75' title='bbox 853 587 1017 627; x_wconf 85' lang='lat' dir='ltr'>alterum</span> <span class='ocrx_word' id='word_1_76' title='bbox 1047 587 1159 626; x_wconf 89' lang='lat' dir='ltr'>alteri</span> <span class='ocrx_word' id='word_1_77' title='bbox 1188 586 1334 625; x_wconf 90' lang='lat' dir='ltr'>nullam</span> <span class='ocrx_word' id='word_1_78' title='bbox 1360 586 1500 626; x_wconf 86' lang='lat' dir='ltr'>habeat</span> <span class='ocrx_word' id='word_1_79' title='bbox 1525 588 1727 626; x_wconf 88' lang='lat' dir='ltr'>rationem.</span> 
     </span>
     <span class='ocr_line' id='line_1_10' title="bbox 201 640 1730 695; baseline -0.003 -11"><span class='ocrx_word' id='word_1_80' title='bbox 201 643 306 689; x_wconf 78' lang='lat' dir='ltr'>Quae</span> <span class='ocrx_word' id='word_1_81' title='bbox 327 658 420 683; x_wconf 87' lang='lat' dir='ltr'>vero</span> <span class='ocrx_word' id='word_1_82' title='bbox 438 654 665 695; x_wconf 86' lang='lat' dir='ltr'>sequuntur,</span> <span class='ocrx_word' id='word_1_83' title='bbox 686 643 784 680; x_wconf 87' lang='lat' dir='ltr'>inter</span> <span class='ocrx_word' id='word_1_84' title='bbox 803 655 844 680; x_wconf 91' lang='lat' dir='ltr'>se</span> <span class='ocrx_word' id='word_1_85' title='bbox 858 641 1026 692; x_wconf 83' lang='lat' dir='ltr'>quadarn</span> <span class='ocrx_word' id='word_1_86' title='bbox 1045 650 1136 679; x_wconf 88' lang='lat' dir='ltr'>sunt</span> <span class='ocrx_word' id='word_1_87' title='bbox 1154 641 1303 679; x_wconf 85' lang='lat' dir='ltr'>ratione</span> <span class='ocrx_word' id='word_1_88' title='bbox 1317 640 1533 692; x_wconf 86' lang='lat' dir='ltr'>conjuncta,</span> <span class='ocrx_word' id='word_1_89' title='bbox 1548 641 1730 680; x_wconf 86' lang='lat' dir='ltr'>videlicet</span> 
     </span>
     <span class='ocr_line' id='line_1_11' title="bbox 201 693 1731 750; baseline -0.003 -12"><span class='ocrx_word' id='word_1_90' title='bbox 201 702 340 749; x_wconf 77' lang='grc' dir='ltr'>στροφὴ</span> <span class='ocrx_word' id='word_1_91' title='bbox 360 697 420 736; x_wconf 83' lang='lat' dir='ltr'>vel</span> <span class='ocrx_word' id='word_1_92' title='bbox 449 699 531 750; x_wconf 70' lang='grc' dir='ltr'>ᾠδὴ,</span> <span class='ocrx_word' id='word_1_93' title='bbox 561 697 642 736; x_wconf 80' lang='lat' dir='ltr'>aive</span> <span class='ocrx_word' id='word_1_94' title='bbox 669 699 789 745; x_wconf 64' lang='grc' dir='ltr'>μέλος,</span> <span class='ocrx_word' id='word_1_95' title='bbox 818 697 997 746; x_wconf 70' lang='grc' dir='ltr'>ἐπίρῤημσ,</span> <span class='ocrx_word' id='word_1_96' title='bbox 1016 697 1248 744; x_wconf 66' lang='grc' dir='ltr'>ἀντίστροφος</span> <span class='ocrx_word' id='word_1_97' title='bbox 1266 693 1329 732; x_wconf 84' lang='lat' dir='ltr'>vel</span> <span class='ocrx_word' id='word_1_98' title='bbox 1355 697 1486 746; x_wconf 67' lang='grc' dir='ltr'>ἇννφδῂ</span> <span class='ocrx_word' id='word_1_99' title='bbox 1514 704 1555 732; x_wconf 84' lang='lat' dir='ltr'>et</span> <span class='ocrx_word' id='word_1_100' title='bbox 1571 697 1731 745; x_wconf 70' lang='grc' dir='ltr'>ἀντιπίῤ·</span> 
     </span>
     <span class='ocr_line' id='line_1_12' title="bbox 199 748 1733 804; baseline -0.001 -13"><span class='ocrx_word' id='word_1_101' title='bbox 199 755 301 804; x_wconf 80' lang='grc' dir='ltr'>ρημο,</span> <span class='ocrx_word' id='word_1_102' title='bbox 332 751 437 804; x_wconf 90' lang='lat' dir='ltr'>quod</span> <span class='ocrx_word' id='word_1_103' title='bbox 470 751 555 790; x_wconf 92' lang='lat' dir='ltr'>loco</span> <span class='ocrx_word' id='word_1_104' title='bbox 588 751 753 802; x_wconf 87' lang='lat' dir='ltr'>septimo</span> <span class='ocrx_word' id='word_1_105' title='bbox 782 751 1033 788; x_wconf 84' lang='lat' dir='ltr'>cantabatur:</span> <span class='ocrx_word' id='word_1_106' title='bbox 1075 752 1216 798; x_wconf 81' lang='grc' dir='ltr'>στροφὴ</span> <span class='ocrx_word' id='word_1_107' title='bbox 1247 748 1350 787; x_wconf 87' lang='lat' dir='ltr'>enim</span> <span class='ocrx_word' id='word_1_108' title='bbox 1387 748 1470 787; x_wconf 79' lang='lat' dir='ltr'>sive</span> <span class='ocrx_word' id='word_1_109' title='bbox 1499 751 1733 799; x_wconf 64' lang='grc' dir='ltr'>ἀντίστροφος</span> 
     </span>
     <span class='ocr_line' id='line_1_13' title="bbox 200 801 1732 855; baseline -0.003 -10"><span class='ocrx_word' id='word_1_110' title='bbox 200 806 385 845; x_wconf 77' lang='lat' dir='ltr'><strong>membris</strong></span> <span class='ocrx_word' id='word_1_111' title='bbox 413 813 453 843; x_wconf 91' lang='lat' dir='ltr'>et</span> <span class='ocrx_word' id='word_1_112' title='bbox 482 805 694 843; x_wconf 85' lang='lat' dir='ltr'>carminum</span> <span class='ocrx_word' id='word_1_113' title='bbox 724 817 865 855; x_wconf 82' lang='lat' dir='ltr'>genere</span> <span class='ocrx_word' id='word_1_114' title='bbox 885 802 1063 854; x_wconf 81' lang='lat' dir='ltr'>quadrat.</span> <span class='ocrx_word' id='word_1_115' title='bbox 1110 802 1263 841; x_wconf 92' lang='lat' dir='ltr'>Rursus</span> <span class='ocrx_word' id='word_1_116' title='bbox 1281 803 1447 852; x_wconf 78' lang='grc' dir='ltr'>ἐπίῤῥημο</span> <span class='ocrx_word' id='word_1_117' title='bbox 1473 801 1732 854; x_wconf 86' lang='lat' dir='ltr'>undecunque</span> 
     </span>
     <span class='ocr_line' id='line_1_14' title="bbox 201 855 1732 908; baseline -0.003 -9"><span class='ocrx_word' id='word_1_118' title='bbox 201 860 275 899; x_wconf 89' lang='lat' dir='ltr'>sibi</span> <span class='ocrx_word' id='word_1_119' title='bbox 294 860 527 898; x_wconf 85' lang='lat' dir='ltr'>conveniens</span> <span class='ocrx_word' id='word_1_120' title='bbox 544 860 772 908; x_wconf 69' lang='grc' dir='ltr'>ἀπεπίῤῥημα</span> <span class='ocrx_word' id='word_1_121' title='bbox 791 856 889 896; x_wconf 88' lang='lat' dir='ltr'>solet</span> <span class='ocrx_word' id='word_1_122' title='bbox 909 857 1066 895; x_wconf 87' lang='lat' dir='ltr'>habere.</span> <span class='ocrx_word' id='word_1_123' title='bbox 1096 855 1293 899; x_wconf 83' lang='lat' dir='ltr'>Quoniam</span> <span class='ocrx_word' id='word_1_124' title='bbox 1310 856 1517 907; x_wconf 87' lang='lat' dir='ltr'>utrobique</span> <span class='ocrx_word' id='word_1_125' title='bbox 1535 856 1616 895; x_wconf 82' lang='lat' dir='ltr'>fere</span> <span class='ocrx_word' id='word_1_126' title='bbox 1630 870 1732 895; x_wconf 82' lang='lat' dir='ltr'>sem-</span> 
     </span>
     <span class='ocr_line' id='line_1_15' title="bbox 200 909 1733 966; baseline -0.002 -13"><span class='ocrx_word' id='word_1_127' title='bbox 200 927 271 966; x_wconf 88' lang='lat' dir='ltr'>per</span> <span class='ocrx_word' id='word_1_128' title='bbox 297 914 439 953; x_wconf 89' lang='lat' dir='ltr'>chorus</span> <span class='ocrx_word' id='word_1_129' title='bbox 469 926 519 951; x_wconf 87' lang='lat' dir='ltr'>ex</span> <span class='ocrx_word' id='word_1_130' title='bbox 549 913 685 951; x_wconf 84' lang='lat' dir='ltr'>iambis</span> <span class='ocrx_word' id='word_1_131' title='bbox 714 920 940 950; x_wconf 88' lang='lat' dir='ltr'>tetrametra</span> <span class='ocrx_word' id='word_1_132' title='bbox 969 910 1165 949; x_wconf 80' lang='lat' dir='ltr'>sexdecim</span> <span class='ocrx_word' id='word_1_133' title='bbox 1198 909 1476 956; x_wconf 84' lang='lat' dir='ltr'>modularetur,</span> <span class='ocrx_word' id='word_1_134' title='bbox 1503 919 1629 949; x_wconf 85' lang='lat' dir='ltr'>toturn</span> <span class='ocrx_word' id='word_1_135' title='bbox 1659 911 1733 950; x_wconf 91' lang='lat' dir='ltr'>hoc</span> 
     </span>
     <span class='ocr_line' id='line_1_16' title="bbox 202 963 1732 1019; baseline -0.003 -12"><span class='ocrx_word' id='word_1_136' title='bbox 202 968 317 1007; x_wconf 84' lang='lat' dir='ltr'>simul</span> <span class='ocrx_word' id='word_1_137' title='bbox 335 971 475 1019; x_wconf 85' lang='grc' dir='ltr'>χορικὸν</span> <span class='ocrx_word' id='word_1_138' title='bbox 492 966 721 1019; x_wconf 86' lang='lat' dir='ltr'>appellatur.</span> <span class='ocrx_word' id='word_1_139' title='bbox 740 965 895 1017; x_wconf 88' lang='lat' dir='ltr'>quando</span> <span class='ocrx_word' id='word_1_140' title='bbox 914 965 1119 1004; x_wconf 78' lang='lat' dir='ltr'>comoedioe</span> <span class='ocrx_word' id='word_1_141' title='bbox 1138 974 1290 1016; x_wconf 87' lang='lat' dir='ltr'>partem</span> <span class='ocrx_word' id='word_1_142' title='bbox 1310 963 1489 1003; x_wconf 88' lang='lat' dir='ltr'>volumus</span> <span class='ocrx_word' id='word_1_143' title='bbox 1512 964 1732 1016; x_wconf 76' lang='lat' dir='ltr'>assignare3</span> 
     </span>
     <span class='ocr_line' id='line_1_17' title="bbox 203 1018 1734 1074; baseline -0.003 -13"><span class='ocrx_word' id='word_1_144' title='bbox 203 1030 372 1074; x_wconf 90' lang='lat' dir='ltr'>quatuor</span> <span class='ocrx_word' id='word_1_145' title='bbox 398 1021 502 1060; x_wconf 91' lang='lat' dir='ltr'>enim</span> <span class='ocrx_word' id='word_1_146' title='bbox 536 1029 638 1064; x_wconf 89' lang='lat' dir='ltr'>sunt,</span> <span class='ocrx_word' id='word_1_147' title='bbox 658 1019 841 1059; x_wconf 88' lang='lat' dir='ltr'>videlicet</span> <span class='ocrx_word' id='word_1_148' title='bbox 866 1024 1053 1070; x_wconf 79' lang='grc' dir='ltr'>πρόλογος,</span> <span class='ocrx_word' id='word_1_149' title='bbox 1074 1018 1140 1070; x_wconf 91' lang='lat' dir='ltr'>qui</span> <span class='ocrx_word' id='word_1_150' title='bbox 1169 1018 1218 1056; x_wconf 87' lang='lat' dir='ltr'>ad</span> <span class='ocrx_word' id='word_1_151' title='bbox 1246 1031 1445 1070; x_wconf 82' lang='lat' dir='ltr'>egressum</span> <span class='ocrx_word' id='word_1_152' title='bbox 1474 1032 1597 1070; x_wconf 89' lang='lat' dir='ltr'>usque</span> <span class='ocrx_word' id='word_1_153' title='bbox 1625 1018 1734 1057; x_wconf 87' lang='lat' dir='ltr'>chori</span> 
     </span>
     <span class='ocr_line' id='line_1_18' title="bbox 202 1072 1733 1129; baseline -0.003 -14"><span class='ocrx_word' id='word_1_154' title='bbox 202 1084 459 1129; x_wconf 86' lang='lat' dir='ltr'>prorogatur:</span> <span class='ocrx_word' id='word_1_155' title='bbox 489 1075 628 1114; x_wconf 89' lang='lat' dir='ltr'>deinde</span> <span class='ocrx_word' id='word_1_156' title='bbox 656 1078 817 1125; x_wconf 72' lang='grc' dir='ltr'>χορικόνι</span> <span class='ocrx_word' id='word_1_157' title='bbox 849 1083 888 1112; x_wconf 90' lang='lat' dir='ltr'>et</span> <span class='ocrx_word' id='word_1_158' title='bbox 915 1073 1021 1124; x_wconf 86' lang='lat' dir='ltr'>quod</span> <span class='ocrx_word' id='word_1_159' title='bbox 1051 1072 1309 1124; x_wconf 87' lang='lat' dir='ltr'>interponitur</span> <span class='ocrx_word' id='word_1_160' title='bbox 1341 1072 1482 1117; x_wconf 88' lang='lat' dir='ltr'>choris,</span> <span class='ocrx_word' id='word_1_161' title='bbox 1513 1075 1733 1112; x_wconf 70' lang='grc' dir='ltr'>ἐπεισόδιονε</span> 
     </span>
     <span class='ocr_line' id='line_1_19' title="bbox 202 1125 1734 1183; baseline -0.003 -14"><span class='ocrx_word' id='word_1_162' title='bbox 202 1139 401 1183; x_wconf 89' lang='lat' dir='ltr'>postremo</span> <span class='ocrx_word' id='word_1_163' title='bbox 429 1132 559 1179; x_wconf 72' lang='grc' dir='ltr'>ἔξοδος,</span> <span class='ocrx_word' id='word_1_164' title='bbox 579 1142 668 1180; x_wconf 80' lang='lat' dir='ltr'>quae</span> <span class='ocrx_word' id='word_1_165' title='bbox 688 1128 835 1167; x_wconf 87' lang='lat' dir='ltr'>scilicet</span> <span class='ocrx_word' id='word_1_166' title='bbox 854 1142 877 1166; x_wconf 85' lang='lat' dir='ltr'>a</span> <span class='ocrx_word' id='word_1_167' title='bbox 895 1128 1015 1166; x_wconf 91' lang='lat' dir='ltr'>choro</span> <span class='ocrx_word' id='word_1_168' title='bbox 1035 1126 1074 1165; x_wconf 92' lang='lat' dir='ltr'>in</span> <span class='ocrx_word' id='word_1_169' title='bbox 1094 1125 1198 1165; x_wconf 85' lang='lat' dir='ltr'>ealce</span> <span class='ocrx_word' id='word_1_170' title='bbox 1217 1126 1420 1165; x_wconf 86' lang='lat' dir='ltr'>comoediae</span> <span class='ocrx_word' id='word_1_171' title='bbox 1444 1127 1734 1177; x_wconf 84' lang='lat' dir='ltr'>pronunciatur,</span> 
     </span>
     <span class='ocr_line' id='line_1_20' title="bbox 205 1180 1736 1235; baseline -0.003 -12"><span class='ocrx_word' id='word_1_172' title='bbox 205 1193 250 1223; x_wconf 90' lang='lat' dir='ltr'>ut</span> <span class='ocrx_word' id='word_1_173' title='bbox 270 1183 411 1223; x_wconf 85' lang='lat' dir='ltr'>Pollux</span> <span class='ocrx_word' id='word_1_174' title='bbox 442 1184 480 1222; x_wconf 90' lang='lat' dir='ltr'>in</span> <span class='ocrx_word' id='word_1_175' title='bbox 510 1192 651 1235; x_wconf 89' lang='lat' dir='ltr'>quarto</span> <span class='ocrx_word' id='word_1_176' title='bbox 679 1183 868 1234; x_wconf 86' lang='lat' dir='ltr'>scriptum</span> <span class='ocrx_word' id='word_1_177' title='bbox 898 1181 1067 1232; x_wconf 91' lang='lat' dir='ltr'>reliquit.</span> <span class='ocrx_word' id='word_1_178' title='bbox 1126 1180 1184 1219; x_wconf 89' lang='lat' dir='ltr'>Ea</span> <span class='ocrx_word' id='word_1_179' title='bbox 1211 1180 1331 1231; x_wconf 83' lang='lat' dir='ltr'>igitur</span> <span class='ocrx_word' id='word_1_180' title='bbox 1347 1184 1556 1231; x_wconf 79' lang='grc' dir='ltr'>παράβασις,</span> <span class='ocrx_word' id='word_1_181' title='bbox 1575 1190 1736 1219; x_wconf 85' lang='lat' dir='ltr'>auctore</span> 
     </span>
     <span class='ocr_line' id='line_1_21' title="bbox 204 1234 1738 1287; baseline -0.003 -10"><span class='ocrx_word' id='word_1_182' title='bbox 204 1237 408 1278; x_wconf 86' lang='lat' dir='ltr'>Demetrio</span> <span class='ocrx_word' id='word_1_183' title='bbox 426 1237 626 1282; x_wconf 89' lang='lat' dir='ltr'>Triclinio,</span> <span class='ocrx_word' id='word_1_184' title='bbox 645 1250 734 1287; x_wconf 81' lang='lat' dir='ltr'>quae</span> <span class='ocrx_word' id='word_1_185' title='bbox 764 1235 888 1274; x_wconf 88' lang='lat' dir='ltr'>nullas</span> <span class='ocrx_word' id='word_1_186' title='bbox 916 1236 1053 1274; x_wconf 87' lang='lat' dir='ltr'>harum</span> <span class='ocrx_word' id='word_1_187' title='bbox 1081 1243 1212 1286; x_wconf 87' lang='lat' dir='ltr'>partes</span> <span class='ocrx_word' id='word_1_188' title='bbox 1241 1234 1397 1279; x_wconf 88' lang='lat' dir='ltr'>omittit,</span> <span class='ocrx_word' id='word_1_189' title='bbox 1432 1235 1605 1286; x_wconf 78' lang='lat' dir='ltr'>perfecta</span> <span class='ocrx_word' id='word_1_190' title='bbox 1637 1235 1738 1273; x_wconf 88' lang='lat' dir='ltr'>solet</span> 
     </span>
     <span class='ocr_line' id='line_1_22' title="bbox 204 1288 1737 1345; baseline -0.003 -14"><span class='ocrx_word' id='word_1_191' title='bbox 204 1291 418 1345; x_wconf 87' lang='lat' dir='ltr'>appellari:</span> <span class='ocrx_word' id='word_1_192' title='bbox 447 1290 599 1342; x_wconf 86' lang='lat' dir='ltr'>qualem</span> <span class='ocrx_word' id='word_1_193' title='bbox 619 1290 901 1342; x_wconf 81' lang='lat' dir='ltr'>Aristophanes</span> <span class='ocrx_word' id='word_1_194' title='bbox 929 1290 967 1328; x_wconf 90' lang='lat' dir='ltr'>in</span> <span class='ocrx_word' id='word_1_195' title='bbox 987 1289 1196 1340; x_wconf 87' lang='lat' dir='ltr'>Equitibus</span> <span class='ocrx_word' id='word_1_196' title='bbox 1219 1288 1351 1327; x_wconf 81' lang='lat' dir='ltr'>fabula</span> <span class='ocrx_word' id='word_1_197' title='bbox 1368 1289 1624 1328; x_wconf 82' lang='lat' dir='ltr'>concinnavit.</span> <span class='ocrx_word' id='word_1_198' title='bbox 1656 1289 1737 1327; x_wconf 91' lang='lat' dir='ltr'>Ve-</span> 
     </span>
     <span class='ocr_line' id='line_1_23' title="bbox 205 1342 1737 1398; baseline -0.002 -13"><span class='ocrx_word' id='word_1_199' title='bbox 205 1359 292 1386; x_wconf 85' lang='lat' dir='ltr'>rum</span> <span class='ocrx_word' id='word_1_200' title='bbox 312 1345 533 1398; x_wconf 83' lang='lat' dir='ltr'>complures</span> <span class='ocrx_word' id='word_1_201' title='bbox 552 1344 778 1396; x_wconf 83' lang='lat' dir='ltr'>imperfecte</span> <span class='ocrx_word' id='word_1_202' title='bbox 805 1357 877 1396; x_wconf 89' lang='lat' dir='ltr'>pro</span> <span class='ocrx_word' id='word_1_203' title='bbox 896 1343 1057 1382; x_wconf 87' lang='lat' dir='ltr'>arbitrio</span> <span class='ocrx_word' id='word_1_204' title='bbox 1076 1353 1278 1395; x_wconf 88' lang='lat' dir='ltr'>poetarum</span> <span class='ocrx_word' id='word_1_205' title='bbox 1298 1343 1543 1381; x_wconf 87' lang='lat' dir='ltr'>inseruntur:</span> <span class='ocrx_word' id='word_1_206' title='bbox 1573 1342 1612 1382; x_wconf 90' lang='lat' dir='ltr'>id</span> <span class='ocrx_word' id='word_1_207' title='bbox 1632 1342 1737 1394; x_wconf 88' lang='lat' dir='ltr'>quod</span> 
     </span>
     <span class='ocr_line' id='line_1_24' title="bbox 206 1396 1738 1447; baseline -0.003 -8"><span class='ocrx_word' id='word_1_208' title='bbox 206 1400 310 1439; x_wconf 90' lang='lat' dir='ltr'>idem</span> <span class='ocrx_word' id='word_1_209' title='bbox 341 1400 379 1439; x_wconf 86' lang='lat' dir='ltr'>in</span> <span class='ocrx_word' id='word_1_210' title='bbox 400 1398 565 1438; x_wconf 89' lang='lat' dir='ltr'>Nebulis</span> <span class='ocrx_word' id='word_1_211' title='bbox 591 1398 723 1437; x_wconf 83' lang='lat' dir='ltr'>fabula</span> <span class='ocrx_word' id='word_1_212' title='bbox 754 1398 869 1437; x_wconf 81' lang='lat' dir='ltr'>fecit:</span> <span class='ocrx_word' id='word_1_213' title='bbox 898 1398 966 1436; x_wconf 91' lang='lat' dir='ltr'>ubi</span> <span class='ocrx_word' id='word_1_214' title='bbox 997 1396 1124 1436; x_wconf 88' lang='lat' dir='ltr'>solum</span> <span class='ocrx_word' id='word_1_215' title='bbox 1150 1398 1336 1447; x_wconf 77' lang='grc' dir='ltr'>ἐπήρῤημο,</span> <span class='ocrx_word' id='word_1_216' title='bbox 1363 1396 1468 1447; x_wconf 92' lang='lat' dir='ltr'>quod</span> <span class='ocrx_word' id='word_1_217' title='bbox 1497 1406 1601 1436; x_wconf 86' lang='lat' dir='ltr'>esset</span> <span class='ocrx_word' id='word_1_218' title='bbox 1634 1397 1738 1436; x_wconf 84' lang='lat' dir='ltr'>vitiis</span> 
     </span>
     <span class='ocr_line' id='line_1_25' title="bbox 207 1450 1737 1507; baseline -0.002 -14"><span class='ocrx_word' id='word_1_219' title='bbox 207 1454 410 1507; x_wconf 82' lang='lat' dir='ltr'>carpendis</span> <span class='ocrx_word' id='word_1_220' title='bbox 440 1452 787 1497; x_wconf 90' lang='lat' dir='ltr'>accommodatum,</span> <span class='ocrx_word' id='word_1_221' title='bbox 818 1451 986 1498; x_wconf 82' lang='lat' dir='ltr'>induxit,</span> <span class='ocrx_word' id='word_1_222' title='bbox 1014 1464 1060 1490; x_wconf 87' lang='lat' dir='ltr'>ac</span> <span class='ocrx_word' id='word_1_223' title='bbox 1086 1451 1125 1489; x_wconf 90' lang='lat' dir='ltr'>in</span> <span class='ocrx_word' id='word_1_224' title='bbox 1151 1450 1274 1489; x_wconf 83' lang='lat' dir='ltr'>Ranis</span> <span class='ocrx_word' id='word_1_225' title='bbox 1300 1461 1467 1501; x_wconf 91' lang='lat' dir='ltr'>quatuor</span> <span class='ocrx_word' id='word_1_226' title='bbox 1491 1450 1557 1489; x_wconf 88' lang='lat' dir='ltr'>illa</span> <span class='ocrx_word' id='word_1_227' title='bbox 1584 1460 1737 1490; x_wconf 87' lang='lat' dir='ltr'>tantum</span> 
     </span>
     <span class='ocr_line' id='line_1_26' title="bbox 207 1504 1738 1561; baseline -0.003 -13"><span class='ocrx_word' id='word_1_228' title='bbox 207 1508 412 1561; x_wconf 87' lang='lat' dir='ltr'>conjuncte</span> <span class='ocrx_word' id='word_1_229' title='bbox 431 1507 619 1559; x_wconf 85' lang='lat' dir='ltr'>reposuit.</span> <span class='ocrx_word' id='word_1_230' title='bbox 674 1506 751 1545; x_wconf 88' lang='lat' dir='ltr'>Sed</span> <span class='ocrx_word' id='word_1_231' title='bbox 780 1505 876 1544; x_wconf 89' lang='lat' dir='ltr'>illud</span> <span class='ocrx_word' id='word_1_232' title='bbox 895 1514 955 1544; x_wconf 89' lang='lat' dir='ltr'>est</span> <span class='ocrx_word' id='word_1_233' title='bbox 972 1504 1306 1543; x_wconf 87' lang='lat' dir='ltr'>animadversione</span> <span class='ocrx_word' id='word_1_234' title='bbox 1325 1504 1498 1556; x_wconf 83' lang='lat' dir='ltr'>dignum,</span> <span class='ocrx_word' id='word_1_235' title='bbox 1517 1505 1621 1555; x_wconf 91' lang='lat' dir='ltr'>quod</span> <span class='ocrx_word' id='word_1_236' title='bbox 1641 1507 1738 1555; x_wconf 73' lang='grc' dir='ltr'>ἓπίῤ-</span> 
     </span>
    </p>
   </div>
   <div class='ocr_carea' id='block_1_3' title="bbox 215 1564 226 1579">
    <p class='ocr_par' dir='ltr' id='par_1_3' title="bbox 215 1564 226 1579">
     <span class='ocr_line' id='line_1_27' title="bbox 215 1564 226 1579; baseline 0 0"><span class='ocrx_word' id='word_1_237' title='bbox 215 1564 226 1579; x_wconf 67' lang='lat' dir='ltr'><strong><em>Q</em></strong></span> 
     </span>
    </p>
   </div>
   <div class='ocr_carea' id='block_1_4' title="bbox 205 1558 1742 3016">
    <p class='ocr_par' dir='ltr' id='par_1_4' title="bbox 205 1558 1742 3016">
     <span class='ocr_line' id='line_1_28' title="bbox 205 1558 1738 1613; baseline -0.002 -12"><span class='ocrx_word' id='word_1_238' title='bbox 205 1580 296 1613; x_wconf 81' lang='grc' dir='ltr'>ρημο</span> <span class='ocrx_word' id='word_1_239' title='bbox 314 1571 352 1601; x_wconf 91' lang='lat' dir='ltr'>et</span> <span class='ocrx_word' id='word_1_240' title='bbox 372 1564 512 1613; x_wconf 74' lang='grc' dir='ltr'>στροφὴ</span> <span class='ocrx_word' id='word_1_241' title='bbox 531 1561 614 1599; x_wconf 88' lang='lat' dir='ltr'>sive</span> <span class='ocrx_word' id='word_1_242' title='bbox 631 1562 748 1609; x_wconf 73' lang='grc' dir='ltr'>μέλος,</span> <span class='ocrx_word' id='word_1_243' title='bbox 768 1559 923 1610; x_wconf 89' lang='lat' dir='ltr'>quando</span> <span class='ocrx_word' id='word_1_244' title='bbox 939 1558 1082 1598; x_wconf 89' lang='lat' dir='ltr'>nullam</span> <span class='ocrx_word' id='word_1_245' title='bbox 1099 1560 1398 1609; x_wconf 72' lang='grc' dir='ltr'>ἀντεπιρῤἡμοτος,</span> <span class='ocrx_word' id='word_1_246' title='bbox 1417 1569 1485 1598; x_wconf 90' lang='lat' dir='ltr'>aut</span> <span class='ocrx_word' id='word_1_247' title='bbox 1502 1561 1738 1609; x_wconf 70' lang='grc' dir='ltr'>ἀντιστρόφου</span> 
     </span>
     <span class='ocr_line' id='line_1_29' title="bbox 206 1613 1737 1667; baseline -0.002 -12"><span class='ocrx_word' id='word_1_248' title='bbox 206 1616 436 1655; x_wconf 86' lang='lat' dir='ltr'>reditionem</span> <span class='ocrx_word' id='word_1_249' title='bbox 454 1623 695 1667; x_wconf 84' lang='lat' dir='ltr'>exspectant,</span> <span class='ocrx_word' id='word_1_250' title='bbox 715 1614 753 1652; x_wconf 92' lang='lat' dir='ltr'>in</span> <span class='ocrx_word' id='word_1_251' title='bbox 781 1613 858 1652; x_wconf 85' lang='lat' dir='ltr'>fine</span> <span class='ocrx_word' id='word_1_252' title='bbox 886 1626 1040 1664; x_wconf 85' lang='lat' dir='ltr'>semper</span> <span class='ocrx_word' id='word_1_253' title='bbox 1055 1613 1199 1651; x_wconf 88' lang='lat' dir='ltr'>habent</span> <span class='ocrx_word' id='word_1_254' title='bbox 1215 1616 1456 1662; x_wconf 80' lang='grc' dir='ltr'>παράγροφον,</span> <span class='ocrx_word' id='word_1_255' title='bbox 1477 1622 1518 1651; x_wconf 80' lang='grc' dir='ltr'>ιιι</span> <span class='ocrx_word' id='word_1_256' title='bbox 1547 1627 1624 1651; x_wconf 92' lang='lat' dir='ltr'>non</span> <span class='ocrx_word' id='word_1_257' title='bbox 1651 1627 1737 1652; x_wconf 83' lang='lat' dir='ltr'>esse</span> 
     </span>
     <span class='ocr_line' id='line_1_30' title="bbox 208 1666 1738 1720; baseline -0.001 -11"><span class='ocrx_word' id='word_1_258' title='bbox 208 1673 427 1720; x_wconf 66' lang='grc' dir='ltr'>κατάσχεσιν,</span> <span class='ocrx_word' id='word_1_259' title='bbox 446 1668 487 1708; x_wconf 85' lang='lat' dir='ltr'>id</span> <span class='ocrx_word' id='word_1_260' title='bbox 514 1677 586 1713; x_wconf 91' lang='lat' dir='ltr'>est,</span> <span class='ocrx_word' id='word_1_261' title='bbox 606 1668 774 1707; x_wconf 81' lang='lat' dir='ltr'>obnoxie</span> <span class='ocrx_word' id='word_1_262' title='bbox 804 1667 928 1719; x_wconf 86' lang='lat' dir='ltr'>posita</span> <span class='ocrx_word' id='word_1_263' title='bbox 946 1666 1171 1705; x_wconf 81' lang='lat' dir='ltr'>videantur:</span> <span class='ocrx_word' id='word_1_264' title='bbox 1200 1666 1514 1717; x_wconf 88' lang='lat' dir='ltr'>quandoquidem</span> <span class='ocrx_word' id='word_1_265' title='bbox 1532 1667 1617 1706; x_wconf 80' lang='lat' dir='ltr'>haec</span> <span class='ocrx_word' id='word_1_266' title='bbox 1636 1666 1738 1707; x_wconf 81' lang='lat' dir='ltr'>linea</span> 
     </span>
     <span class='ocr_line' id='line_1_31' title="bbox 209 1720 1739 1773; baseline -0.001 -10"><span class='ocrx_word' id='word_1_267' title='bbox 209 1733 428 1763; x_wconf 87' lang='lat' dir='ltr'>transversa</span> <span class='ocrx_word' id='word_1_268' title='bbox 445 1726 673 1773; x_wconf 78' lang='grc' dir='ltr'>παράγροφος</span> <span class='ocrx_word' id='word_1_269' title='bbox 691 1721 851 1766; x_wconf 88' lang='lat' dir='ltr'>scilicet,</span> <span class='ocrx_word' id='word_1_270' title='bbox 871 1721 945 1759; x_wconf 87' lang='lat' dir='ltr'>tria</span> <span class='ocrx_word' id='word_1_271' title='bbox 972 1720 1050 1765; x_wconf 91' lang='lat' dir='ltr'>illa,</span> <span class='ocrx_word' id='word_1_272' title='bbox 1069 1734 1158 1771; x_wconf 84' lang='lat' dir='ltr'>quae</span> <span class='ocrx_word' id='word_1_273' title='bbox 1176 1720 1360 1765; x_wconf 89' lang='lat' dir='ltr'>diximus,</span> <span class='ocrx_word' id='word_1_274' title='bbox 1381 1721 1480 1759; x_wconf 89' lang='lat' dir='ltr'>inter</span> <span class='ocrx_word' id='word_1_275' title='bbox 1507 1734 1550 1759; x_wconf 89' lang='lat' dir='ltr'>se</span> <span class='ocrx_word' id='word_1_276' title='bbox 1569 1721 1739 1761; x_wconf 85' lang='lat' dir='ltr'>discreta</span> 
     </span>
     <span class='ocr_line' id='line_1_32' title="bbox 209 1774 1739 1827; baseline -0.002 -10"><span class='ocrx_word' id='word_1_277' title='bbox 209 1778 392 1817; x_wconf 91' lang='lat' dir='ltr'>continuo</span> <span class='ocrx_word' id='word_1_278' title='bbox 418 1776 577 1816; x_wconf 88' lang='lat' dir='ltr'>claudit.</span> <span class='ocrx_word' id='word_1_279' title='bbox 636 1776 783 1815; x_wconf 91' lang='lat' dir='ltr'>Verum</span> <span class='ocrx_word' id='word_1_280' title='bbox 813 1775 846 1814; x_wconf 87' lang='lat' dir='ltr'>si</span> <span class='ocrx_word' id='word_1_281' title='bbox 875 1775 1045 1814; x_wconf 81' lang='lat' dir='ltr'>futuram</span> <span class='ocrx_word' id='word_1_282' title='bbox 1073 1784 1302 1827; x_wconf 82' lang='lat' dir='ltr'>exspectant</span> <span class='ocrx_word' id='word_1_283' title='bbox 1328 1774 1571 1821; x_wconf 82' lang='lat' dir='ltr'>reditionem,</span> <span class='ocrx_word' id='word_1_284' title='bbox 1597 1780 1739 1826; x_wconf 72' lang='grc' dir='ltr'>σγροφὴ</span> 
     </span>
     <span class='ocr_line' id='line_1_33' title="bbox 210 1828 1737 1878; baseline -0.001 -8"><span class='ocrx_word' id='word_1_285' title='bbox 210 1840 291 1871; x_wconf 90' lang='lat' dir='ltr'>tum</span> <span class='ocrx_word' id='word_1_286' title='bbox 323 1831 407 1870; x_wconf 82' lang='lat' dir='ltr'>haec</span> <span class='ocrx_word' id='word_1_287' title='bbox 434 1830 549 1876; x_wconf 83' lang='lat' dir='ltr'>linea,</span> <span class='ocrx_word' id='word_1_288' title='bbox 568 1843 656 1870; x_wconf 90' lang='lat' dir='ltr'>cum</span> <span class='ocrx_word' id='word_1_289' title='bbox 684 1843 761 1869; x_wconf 92' lang='lat' dir='ltr'>non</span> <span class='ocrx_word' id='word_1_290' title='bbox 789 1842 901 1868; x_wconf 89' lang='lat' dir='ltr'>secus</span> <span class='ocrx_word' id='word_1_291' title='bbox 929 1842 974 1868; x_wconf 88' lang='lat' dir='ltr'>ac</span> <span class='ocrx_word' id='word_1_292' title='bbox 1001 1830 1181 1878; x_wconf 75' lang='grc' dir='ltr'>ἐπίρῤημο.</span> <span class='ocrx_word' id='word_1_293' title='bbox 1200 1828 1352 1867; x_wconf 88' lang='lat' dir='ltr'>duabus</span> <span class='ocrx_word' id='word_1_294' title='bbox 1380 1828 1466 1867; x_wconf 88' lang='lat' dir='ltr'>aliis</span> <span class='ocrx_word' id='word_1_295' title='bbox 1494 1830 1737 1875; x_wconf 87' lang='lat' dir='ltr'>terminatur,</span> 
     </span>
     <span class='ocr_line' id='line_1_34' title="bbox 209 1883 1741 1937; baseline -0.001 -12"><span class='ocrx_word' id='word_1_296' title='bbox 209 1899 372 1937; x_wconf 87' lang='lat' dir='ltr'>quarum</span> <span class='ocrx_word' id='word_1_297' title='bbox 392 1884 614 1924; x_wconf 88' lang='lat' dir='ltr'>coeuntium</span> <span class='ocrx_word' id='word_1_298' title='bbox 632 1883 798 1935; x_wconf 82' lang='lat' dir='ltr'>angulus</span> <span class='ocrx_word' id='word_1_299' title='bbox 817 1893 954 1935; x_wconf 84' lang='lat' dir='ltr'>vergat</span> <span class='ocrx_word' id='word_1_300' title='bbox 982 1883 1213 1921; x_wconf 86' lang='lat' dir='ltr'>introrsum:</span> <span class='ocrx_word' id='word_1_301' title='bbox 1243 1892 1379 1921; x_wconf 90' lang='lat' dir='ltr'>contra</span> <span class='ocrx_word' id='word_1_302' title='bbox 1397 1896 1491 1921; x_wconf 77' lang='lat' dir='ltr'>vero</span> <span class='ocrx_word' id='word_1_303' title='bbox 1508 1886 1741 1934; x_wconf 66' lang='grc' dir='ltr'>ἀντίστροφος</span> 
     </span>
     <span class='ocr_line' id='line_1_35' title="bbox 209 1936 1739 1989; baseline -0.002 -10"><span class='ocrx_word' id='word_1_304' title='bbox 209 1940 321 1979; x_wconf 89' lang='lat' dir='ltr'>lineis</span> <span class='ocrx_word' id='word_1_305' title='bbox 341 1939 533 1979; x_wconf 83' lang='lat' dir='ltr'>clauditur</span> <span class='ocrx_word' id='word_1_306' title='bbox 560 1938 675 1984; x_wconf 88' lang='lat' dir='ltr'>binis,</span> <span class='ocrx_word' id='word_1_307' title='bbox 694 1950 858 1988; x_wconf 88' lang='lat' dir='ltr'>quarum</span> <span class='ocrx_word' id='word_1_308' title='bbox 878 1946 1099 1975; x_wconf 87' lang='lat' dir='ltr'>extrorsum</span> <span class='ocrx_word' id='word_1_309' title='bbox 1121 1937 1274 1988; x_wconf 89' lang='lat' dir='ltr'>utrique</span> <span class='ocrx_word' id='word_1_310' title='bbox 1302 1936 1432 1989; x_wconf 83' lang='lat' dir='ltr'>anguli</span> <span class='ocrx_word' id='word_1_311' title='bbox 1453 1947 1629 1988; x_wconf 83' lang='lat' dir='ltr'>vergant,</span> <span class='ocrx_word' id='word_1_312' title='bbox 1649 1938 1739 1976; x_wconf 90' lang='lat' dir='ltr'>hinc</span> 
     </span>
     <span class='ocr_line' id='line_1_36' title="bbox 211 1990 1739 2043; baseline -0.001 -10"><span class='ocrx_word' id='word_1_313' title='bbox 211 1994 301 2033; x_wconf 89' lang='lat' dir='ltr'>inde</span> <span class='ocrx_word' id='word_1_314' title='bbox 322 1992 434 2032; x_wconf 83' lang='lat' dir='ltr'>finale</span> <span class='ocrx_word' id='word_1_315' title='bbox 454 1993 685 2038; x_wconf 89' lang='lat' dir='ltr'>membrum,</span> <span class='ocrx_word' id='word_1_316' title='bbox 705 2004 859 2031; x_wconf 91' lang='lat' dir='ltr'>carmen</span> <span class='ocrx_word' id='word_1_317' title='bbox 878 1990 1025 2030; x_wconf 90' lang='lat' dir='ltr'>scilicet</span> <span class='ocrx_word' id='word_1_318' title='bbox 1045 1990 1224 2029; x_wconf 89' lang='lat' dir='ltr'>ultimum</span> <span class='ocrx_word' id='word_1_319' title='bbox 1253 1991 1542 2043; x_wconf 85' lang='lat' dir='ltr'>amplectentes.</span> <span class='ocrx_word' id='word_1_320' title='bbox 1592 1991 1739 2031; x_wconf 79' lang='lat' dir='ltr'>Verum</span> 
     </span>
     <span class='ocr_line' id='line_1_37' title="bbox 209 2044 1741 2108; baseline -0.002 -21"><span class='ocrx_word' id='word_1_321' title='bbox 209 2061 260 2087; x_wconf 84' lang='lat' dir='ltr'>ex</span> <span class='ocrx_word' id='word_1_322' title='bbox 282 2048 328 2086; x_wconf 93' lang='lat' dir='ltr'>iis</span> <span class='ocrx_word' id='word_1_323' title='bbox 346 2047 538 2086; x_wconf 82' lang='lat' dir='ltr'>duntaxat</span> <span class='ocrx_word' id='word_1_324' title='bbox 557 2060 633 2085; x_wconf 89' lang='lat' dir='ltr'>uno</span> <span class='ocrx_word' id='word_1_325' title='bbox 653 2045 753 2085; x_wconf 88' lang='lat' dir='ltr'>solet</span> <span class='ocrx_word' id='word_1_326' title='bbox 771 2047 1000 2095; x_wconf 73' lang='grc' dir='ltr'>ἀπεπίῤῥημσ</span> <span class='ocrx_word' id='word_1_327' title='bbox 1018 2044 1209 2084; x_wconf 88' lang='lat' dir='ltr'>concludi.</span> <span class='ocrx_word' id='word_1_328' title='bbox 1239 2045 1343 2089; x_wconf 78' lang='lat' dir='ltr'>Quae</span> <span class='ocrx_word' id='word_1_329' title='bbox 1363 2045 1476 2108; x_wconf 86' lang='lat' dir='ltr'>plane</span> <span class='ocrx_word' id='word_1_330' title='bbox 1494 2046 1605 2097; x_wconf 81' lang='lat' dir='ltr'>signa</span> <span class='ocrx_word' id='word_1_331' title='bbox 1626 2057 1741 2097; x_wconf 88' lang='lat' dir='ltr'>prout</span> 
     </span>
     <span class='ocr_line' id='line_1_38' title="bbox 210 2099 1739 2153; baseline -0.001 -13"><span class='ocrx_word' id='word_1_332' title='bbox 210 2100 343 2153; x_wconf 82' lang='lat' dir='ltr'>anguli</span> <span class='ocrx_word' id='word_1_333' title='bbox 363 2115 448 2140; x_wconf 88' lang='lat' dir='ltr'>sese</span> <span class='ocrx_word' id='word_1_334' title='bbox 466 2101 620 2145; x_wconf 88' lang='lat' dir='ltr'>hahent,</span> <span class='ocrx_word' id='word_1_335' title='bbox 641 2099 702 2138; x_wconf 89' lang='lat' dir='ltr'>vel</span> <span class='ocrx_word' id='word_1_336' title='bbox 723 2100 906 2145; x_wconf 81' lang='lat' dir='ltr'>futuram,</span> <span class='ocrx_word' id='word_1_337' title='bbox 926 2099 987 2137; x_wconf 90' lang='lat' dir='ltr'>vel</span> <span class='ocrx_word' id='word_1_338' title='bbox 1007 2100 1245 2150; x_wconf 73' lang='lat' dir='ltr'>praeteritam</span> <span class='ocrx_word' id='word_1_339' title='bbox 1265 2099 1493 2138; x_wconf 77' lang='lat' dir='ltr'>reditionem</span> <span class='ocrx_word' id='word_1_340' title='bbox 1513 2099 1739 2139; x_wconf 84' lang='lat' dir='ltr'>ostendunt.</span> 
     </span>
     <span class='ocr_line' id='line_1_39' title="bbox 211 2153 1739 2206; baseline -0.001 -11"><span class='ocrx_word' id='word_1_341' title='bbox 211 2155 302 2195; x_wconf 86' lang='lat' dir='ltr'>Hoc</span> <span class='ocrx_word' id='word_1_342' title='bbox 328 2155 550 2194; x_wconf 90' lang='lat' dir='ltr'>Demetrius</span> <span class='ocrx_word' id='word_1_343' title='bbox 578 2154 641 2193; x_wconf 90' lang='lat' dir='ltr'>ille</span> <span class='ocrx_word' id='word_1_344' title='bbox 660 2153 870 2193; x_wconf 88' lang='lat' dir='ltr'>Triclinius</span> <span class='ocrx_word' id='word_1_345' title='bbox 898 2153 1072 2192; x_wconf 85' lang='lat' dir='ltr'>scribens</span> <span class='ocrx_word' id='word_1_346' title='bbox 1101 2153 1139 2191; x_wconf 89' lang='lat' dir='ltr'>in</span> <span class='ocrx_word' id='word_1_347' title='bbox 1162 2153 1459 2205; x_wconf 78' lang='lat' dir='ltr'>Aristophanem</span> <span class='ocrx_word' id='word_1_348' title='bbox 1487 2155 1739 2206; x_wconf 80' lang='lat' dir='ltr'>excogitavit.</span> 
     </span>
     <span class='ocr_line' id='line_1_40' title="bbox 212 2206 1740 2260; baseline 0 -13"><span class='ocrx_word' id='word_1_349' title='bbox 212 2209 478 2249; x_wconf 88' lang='lat' dir='ltr'>Veruntamen</span> <span class='ocrx_word' id='word_1_350' title='bbox 499 2209 598 2247; x_wconf 91' lang='lat' dir='ltr'>inter</span> <span class='ocrx_word' id='word_1_351' title='bbox 616 2218 764 2252; x_wconf 88' lang='lat' dir='ltr'>cantus,</span> <span class='ocrx_word' id='word_1_352' title='bbox 780 2217 909 2260; x_wconf 81' lang='lat' dir='ltr'>poetoe</span> <span class='ocrx_word' id='word_1_353' title='bbox 928 2220 1201 2258; x_wconf 89' lang='lat' dir='ltr'>nonnunquam</span> <span class='ocrx_word' id='word_1_354' title='bbox 1221 2221 1405 2259; x_wconf 78' lang='lat' dir='ltr'>personas</span> <span class='ocrx_word' id='word_1_355' title='bbox 1417 2206 1583 2246; x_wconf 88' lang='lat' dir='ltr'>educere</span> <span class='ocrx_word' id='word_1_356' title='bbox 1602 2208 1740 2253; x_wconf 84' lang='lat' dir='ltr'>solent,</span> 
     </span>
     <span class='ocr_line' id='line_1_41' title="bbox 211 2261 1742 2316; baseline -0.002 -13"><span class='ocrx_word' id='word_1_357' title='bbox 211 2278 375 2316; x_wconf 86' lang='lat' dir='ltr'>quarum</span> <span class='ocrx_word' id='word_1_358' title='bbox 394 2263 616 2302; x_wconf 84' lang='lat' dir='ltr'>dissertatio</span> <span class='ocrx_word' id='word_1_359' title='bbox 634 2265 796 2311; x_wconf 76' lang='grc' dir='ltr'>σύστημα</span> <span class='ocrx_word' id='word_1_360' title='bbox 814 2266 897 2301; x_wconf 76' lang='grc' dir='ltr'>κατὰ</span> <span class='ocrx_word' id='word_1_361' title='bbox 923 2265 1108 2311; x_wconf 70' lang='grc' dir='ltr'>περικοπὴν</span> <span class='ocrx_word' id='word_1_362' title='bbox 1126 2261 1368 2313; x_wconf 87' lang='lat' dir='ltr'>appellatur:</span> <span class='ocrx_word' id='word_1_363' title='bbox 1397 2261 1590 2300; x_wconf 89' lang='lat' dir='ltr'>interdum</span> <span class='ocrx_word' id='word_1_364' title='bbox 1617 2264 1742 2301; x_wconf 85' lang='lat' dir='ltr'>versi·</span> 
     </span>
     <span class='ocr_line' id='line_1_42' title="bbox 210 2315 1741 2367; baseline -0.001 -10"><span class='ocrx_word' id='word_1_365' title='bbox 210 2319 284 2357; x_wconf 87' lang='lat' dir='ltr'>bus</span> <span class='ocrx_word' id='word_1_366' title='bbox 313 2317 470 2357; x_wconf 87' lang='lat' dir='ltr'>alternis</span> <span class='ocrx_word' id='word_1_367' title='bbox 503 2317 780 2356; x_wconf 84' lang='lat' dir='ltr'>contendentes</span> <span class='ocrx_word' id='word_1_368' title='bbox 816 2315 964 2367; x_wconf 88' lang='lat' dir='ltr'>aliquot</span> <span class='ocrx_word' id='word_1_369' title='bbox 997 2316 1200 2367; x_wconf 85' lang='lat' dir='ltr'>proferunt</span> <span class='ocrx_word' id='word_1_370' title='bbox 1230 2316 1449 2361; x_wconf 84' lang='lat' dir='ltr'>histriones,</span> <span class='ocrx_word' id='word_1_371' title='bbox 1481 2315 1542 2354; x_wconf 85' lang='lat' dir='ltr'>vel</span> <span class='ocrx_word' id='word_1_372' title='bbox 1579 2317 1741 2355; x_wconf 88' lang='lat' dir='ltr'>chorum</span> 
     </span>
     <span class='ocr_line' id='line_1_43' title="bbox 211 2369 1740 2423; baseline -0.002 -12"><span class='ocrx_word' id='word_1_373' title='bbox 211 2373 327 2411; x_wconf 83' lang='lat' dir='ltr'>etiam</span> <span class='ocrx_word' id='word_1_374' title='bbox 355 2371 679 2423; x_wconf 82' lang='lat' dir='ltr'>respondentem:</span> <span class='ocrx_word' id='word_1_375' title='bbox 711 2369 816 2422; x_wconf 89' lang='lat' dir='ltr'>quod</span> <span class='ocrx_word' id='word_1_376' title='bbox 837 2369 1094 2420; x_wconf 71' lang='lat' dir='ltr'>Hephaestion</span> <span class='ocrx_word' id='word_1_377' title='bbox 1115 2370 1270 2409; x_wconf 89' lang='lat' dir='ltr'>videtur</span> <span class='ocrx_word' id='word_1_378' title='bbox 1296 2372 1579 2420; x_wconf 73' lang='grc' dir='ltr'>ἀλλοιόστροφον</span> <span class='ocrx_word' id='word_1_379' title='bbox 1604 2370 1740 2423; x_wconf 83' lang='lat' dir='ltr'>appel-</span> 
     </span>
     <span class='ocr_line' id='line_1_44' title="bbox 212 2423 1741 2476; baseline -0.002 -11"><span class='ocrx_word' id='word_1_380' title='bbox 212 2426 304 2465; x_wconf 85' lang='lat' dir='ltr'>lare.</span> <span class='ocrx_word' id='word_1_381' title='bbox 340 2425 487 2465; x_wconf 89' lang='lat' dir='ltr'>Verum</span> <span class='ocrx_word' id='word_1_382' title='bbox 508 2425 577 2463; x_wconf 86' lang='lat' dir='ltr'>has</span> <span class='ocrx_word' id='word_1_383' title='bbox 596 2435 636 2463; x_wconf 88' lang='lat' dir='ltr'>et</span> <span class='ocrx_word' id='word_1_384' title='bbox 653 2423 748 2463; x_wconf 87' lang='lat' dir='ltr'>alias</span> <span class='ocrx_word' id='word_1_385' title='bbox 767 2423 946 2462; x_wconf 85' lang='lat' dir='ltr'>consulto</span> <span class='ocrx_word' id='word_1_386' title='bbox 965 2423 1320 2475; x_wconf 79' lang='lat' dir='ltr'>praetermittendas</span> <span class='ocrx_word' id='word_1_387' title='bbox 1338 2437 1423 2463; x_wconf 87' lang='lat' dir='ltr'>esse</span> <span class='ocrx_word' id='word_1_388' title='bbox 1441 2425 1611 2463; x_wconf 85' lang='lat' dir='ltr'>arbitror</span> <span class='ocrx_word' id='word_1_389' title='bbox 1630 2438 1741 2476; x_wconf 81' lang='lat' dir='ltr'>quae-</span> 
     </span>
     <span class='ocr_line' id='line_1_45' title="bbox 212 2476 1741 2532; baseline -0.001 -13"><span class='ocrx_word' id='word_1_390' title='bbox 212 2481 370 2525; x_wconf 87' lang='lat' dir='ltr'>stiones,</span> <span class='ocrx_word' id='word_1_391' title='bbox 385 2493 476 2532; x_wconf 80' lang='lat' dir='ltr'>quae</span> <span class='ocrx_word' id='word_1_392' title='bbox 494 2479 591 2518; x_wconf 87' lang='lat' dir='ltr'>mira</span> <span class='ocrx_word' id='word_1_393' title='bbox 613 2487 816 2531; x_wconf 84' lang='lat' dir='ltr'>poetarum</span> <span class='ocrx_word' id='word_1_394' title='bbox 837 2476 990 2516; x_wconf 84' lang='lat' dir='ltr'>licentia</span> <span class='ocrx_word' id='word_1_395' title='bbox 1009 2478 1240 2529; x_wconf 70' lang='lat' dir='ltr'>gignuntur:</span> <span class='ocrx_word' id='word_1_396' title='bbox 1261 2486 1412 2517; x_wconf 84' lang='lat' dir='ltr'>constat</span> <span class='ocrx_word' id='word_1_397' title='bbox 1430 2478 1533 2516; x_wconf 87' lang='lat' dir='ltr'>enim</span> <span class='ocrx_word' id='word_1_398' title='bbox 1553 2477 1627 2517; x_wconf 87' lang='lat' dir='ltr'>illis</span> <span class='ocrx_word' id='word_1_399' title='bbox 1647 2478 1741 2517; x_wconf 85' lang='lat' dir='ltr'>nihil</span> 
     </span>
     <span class='ocr_line' id='line_1_46' title="bbox 213 2531 1740 2586; baseline -0.002 -12"><span class='ocrx_word' id='word_1_400' title='bbox 213 2548 383 2586; x_wconf 85' lang='lat' dir='ltr'>unquam</span> <span class='ocrx_word' id='word_1_401' title='bbox 399 2547 476 2573; x_wconf 91' lang='lat' dir='ltr'>non</span> <span class='ocrx_word' id='word_1_402' title='bbox 494 2532 728 2572; x_wconf 89' lang='lat' dir='ltr'>audendum.</span> <span class='ocrx_word' id='word_1_403' title='bbox 772 2531 969 2574; x_wconf 84' lang='lat' dir='ltr'>Quocirca</span> <span class='ocrx_word' id='word_1_404' title='bbox 984 2533 1095 2570; x_wconf 87' lang='lat' dir='ltr'>nobis</span> <span class='ocrx_word' id='word_1_405' title='bbox 1111 2532 1159 2571; x_wconf 89' lang='lat' dir='ltr'>de</span> <span class='ocrx_word' id='word_1_406' title='bbox 1174 2532 1294 2571; x_wconf 86' lang='lat' dir='ltr'>choro</span> <span class='ocrx_word' id='word_1_407' title='bbox 1312 2532 1478 2571; x_wconf 88' lang='lat' dir='ltr'>certiora</span> <span class='ocrx_word' id='word_1_408' title='bbox 1496 2533 1740 2578; x_wconf 86' lang='lat' dir='ltr'>consectatis,</span> 
     </span>
     <span class='ocr_line' id='line_1_47' title="bbox 212 2585 1741 2640; baseline -0.001 -13"><span class='ocrx_word' id='word_1_409' title='bbox 212 2602 285 2640; x_wconf 89' lang='lat' dir='ltr'>pro</span> <span class='ocrx_word' id='word_1_410' title='bbox 313 2588 474 2626; x_wconf 81' lang='lat' dir='ltr'>materia</span> <span class='ocrx_word' id='word_1_411' title='bbox 501 2586 595 2626; x_wconf 84' lang='lat' dir='ltr'>satis</span> <span class='ocrx_word' id='word_1_412' title='bbox 622 2585 856 2637; x_wconf 85' lang='lat' dir='ltr'>abundeque</span> <span class='ocrx_word' id='word_1_413' title='bbox 883 2585 1030 2624; x_wconf 86' lang='lat' dir='ltr'>dictum</span> <span class='ocrx_word' id='word_1_414' title='bbox 1049 2599 1134 2624; x_wconf 87' lang='lat' dir='ltr'>esse</span> <span class='ocrx_word' id='word_1_415' title='bbox 1155 2586 1345 2631; x_wconf 81' lang='lat' dir='ltr'>videatur,</span> <span class='ocrx_word' id='word_1_416' title='bbox 1364 2585 1561 2638; x_wconf 88' lang='lat' dir='ltr'>quomodo</span> <span class='ocrx_word' id='word_1_417' title='bbox 1576 2600 1741 2639; x_wconf 77' lang='lat' dir='ltr'>proeser-</span> 
     </span>
     <span class='ocr_line' id='line_1_48' title="bbox 212 2638 1741 2692; baseline -0.001 -12"><span class='ocrx_word' id='word_1_418' title='bbox 212 2642 281 2681; x_wconf 88' lang='lat' dir='ltr'>tim</span> <span class='ocrx_word' id='word_1_419' title='bbox 310 2642 348 2680; x_wconf 89' lang='lat' dir='ltr'>in</span> <span class='ocrx_word' id='word_1_420' title='bbox 378 2655 478 2681; x_wconf 79' lang='lat' dir='ltr'>nova</span> <span class='ocrx_word' id='word_1_421' title='bbox 505 2639 692 2680; x_wconf 82' lang='lat' dir='ltr'>comoedia</span> <span class='ocrx_word' id='word_1_422' title='bbox 712 2640 856 2679; x_wconf 83' lang='lat' dir='ltr'>chorus</span> <span class='ocrx_word' id='word_1_423' title='bbox 884 2638 1033 2678; x_wconf 85' lang='lat' dir='ltr'>nullum</span> <span class='ocrx_word' id='word_1_424' title='bbox 1058 2640 1212 2686; x_wconf 79' lang='lat' dir='ltr'>habeat,</span> <span class='ocrx_word' id='word_1_425' title='bbox 1233 2639 1295 2679; x_wconf 83' lang='lat' dir='ltr'>vel</span> <span class='ocrx_word' id='word_1_426' title='bbox 1323 2640 1465 2679; x_wconf 86' lang='lat' dir='ltr'>habere</span> <span class='ocrx_word' id='word_1_427' title='bbox 1484 2642 1656 2692; x_wconf 85' lang='lat' dir='ltr'>potuerit</span> <span class='ocrx_word' id='word_1_428' title='bbox 1684 2640 1741 2679; x_wconf 84' lang='lat' dir='ltr'>lo·</span> 
     </span>
     <span class='ocr_line' id='line_1_49' title="bbox 212 2693 1741 2747; baseline -0.001 -12"><span class='ocrx_word' id='word_1_429' title='bbox 212 2708 316 2735; x_wconf 85' lang='lat' dir='ltr'>cum.</span> <span class='ocrx_word' id='word_1_430' title='bbox 366 2694 566 2747; x_wconf 87' lang='lat' dir='ltr'>Siquidem</span> <span class='ocrx_word' id='word_1_431' title='bbox 589 2694 767 2739; x_wconf 83' lang='lat' dir='ltr'>Athenis,</span> <span class='ocrx_word' id='word_1_432' title='bbox 788 2706 908 2745; x_wconf 89' lang='lat' dir='ltr'>quum</span> <span class='ocrx_word' id='word_1_433' title='bbox 928 2694 1057 2732; x_wconf 89' lang='lat' dir='ltr'>omnia</span> <span class='ocrx_word' id='word_1_434' title='bbox 1077 2695 1317 2745; x_wconf 87' lang='lat' dir='ltr'>potentiores</span> <span class='ocrx_word' id='word_1_435' title='bbox 1336 2693 1386 2733; x_wconf 88' lang='lat' dir='ltr'>ad</span> <span class='ocrx_word' id='word_1_436' title='bbox 1405 2694 1608 2734; x_wconf 86' lang='lat' dir='ltr'>arbitrium</span> <span class='ocrx_word' id='word_1_437' title='bbox 1628 2708 1741 2734; x_wconf 85' lang='lat' dir='ltr'>suum</span> 
     </span>
     <span class='ocr_line' id='line_1_50' title="bbox 211 2746 1737 2800; baseline -0.001 -12"><span class='ocrx_word' id='word_1_438' title='bbox 211 2762 395 2789; x_wconf 79' lang='lat' dir='ltr'>revocare</span> <span class='ocrx_word' id='word_1_439' title='bbox 414 2749 637 2800; x_wconf 88' lang='lat' dir='ltr'>coepissent,</span> <span class='ocrx_word' id='word_1_440' title='bbox 658 2746 753 2787; x_wconf 88' lang='lat' dir='ltr'>nulli</span> <span class='ocrx_word' id='word_1_441' title='bbox 772 2746 938 2798; x_wconf 81' lang='lat' dir='ltr'>amplius</span> <span class='ocrx_word' id='word_1_442' title='bbox 956 2749 1186 2787; x_wconf 82' lang='lat' dir='ltr'>creabantur</span> <span class='ocrx_word' id='word_1_443' title='bbox 1206 2747 1360 2787; x_wconf 64' lang='lat' dir='ltr'>aediles:</span> <span class='ocrx_word' id='word_1_444' title='bbox 1382 2748 1621 2800; x_wconf 86' lang='lat' dir='ltr'>perindeque</span> <span class='ocrx_word' id='word_1_445' title='bbox 1635 2762 1737 2787; x_wconf 86' lang='lat' dir='ltr'>sum·</span> 
     </span>
     <span class='ocr_line' id='line_1_51' title="bbox 212 2801 1741 2854; baseline -0.001 -11"><span class='ocrx_word' id='word_1_446' title='bbox 212 2803 317 2843; x_wconf 82' lang='lat' dir='ltr'>tibus</span> <span class='ocrx_word' id='word_1_447' title='bbox 344 2802 394 2841; x_wconf 89' lang='lat' dir='ltr'>ad</span> <span class='ocrx_word' id='word_1_448' title='bbox 421 2802 579 2841; x_wconf 78' lang='lat' dir='ltr'>alendos</span> <span class='ocrx_word' id='word_1_449' title='bbox 601 2802 790 2854; x_wconf 81' lang='lat' dir='ltr'>juvenum</span> <span class='ocrx_word' id='word_1_450' title='bbox 806 2801 945 2841; x_wconf 82' lang='lat' dir='ltr'>choros</span> <span class='ocrx_word' id='word_1_451' title='bbox 973 2801 1160 2840; x_wconf 86' lang='lat' dir='ltr'>institutis</span> <span class='ocrx_word' id='word_1_452' title='bbox 1186 2802 1355 2854; x_wconf 87' lang='lat' dir='ltr'>populus</span> <span class='ocrx_word' id='word_1_453' title='bbox 1372 2802 1480 2841; x_wconf 87' lang='lat' dir='ltr'>abuti</span> <span class='ocrx_word' id='word_1_454' title='bbox 1507 2802 1741 2854; x_wconf 82' lang='lat' dir='ltr'>prohibeba-</span> 
     </span>
     <span class='ocr_line' id='line_1_52' title="bbox 214 2854 1742 2909; baseline -0.002 -12"><span class='ocrx_word' id='word_1_455' title='bbox 214 2867 301 2897; x_wconf 83' lang='lat' dir='ltr'>tur:</span> <span class='ocrx_word' id='word_1_456' title='bbox 333 2855 437 2908; x_wconf 87' lang='lat' dir='ltr'>quod</span> <span class='ocrx_word' id='word_1_457' title='bbox 469 2856 729 2908; x_wconf 81' lang='lat' dir='ltr'>particulatim</span> <span class='ocrx_word' id='word_1_458' title='bbox 762 2869 785 2894; x_wconf 93' lang='lat' dir='ltr'>a</span> <span class='ocrx_word' id='word_1_459' title='bbox 817 2854 995 2894; x_wconf 87' lang='lat' dir='ltr'>Platonio</span> <span class='ocrx_word' id='word_1_460' title='bbox 1029 2854 1193 2907; x_wconf 82' lang='lat' dir='ltr'>legimus</span> <span class='ocrx_word' id='word_1_461' title='bbox 1225 2856 1478 2909; x_wconf 83' lang='lat' dir='ltr'>disputatum.</span> <span class='ocrx_word' id='word_1_462' title='bbox 1536 2855 1582 2895; x_wconf 84' lang='lat' dir='ltr'>ld</span> <span class='ocrx_word' id='word_1_463' title='bbox 1612 2857 1742 2906; x_wconf 88' lang='lat' dir='ltr'>itaque</span> 
     </span>
     <span class='ocr_line' id='line_1_53' title="bbox 212 2907 1742 2962; baseline -0.001 -11"><span class='ocrx_word' id='word_1_464' title='bbox 212 2910 564 2951; x_wconf 84' lang='lat' dir='ltr'>animadvertentes</span> <span class='ocrx_word' id='word_1_465' title='bbox 584 2918 724 2962; x_wconf 59' lang='lat' dir='ltr'>poetae,</span> <span class='ocrx_word' id='word_1_466' title='bbox 744 2907 1072 2961; x_wconf 82' lang='lat' dir='ltr'>quemadmodum</span> <span class='ocrx_word' id='word_1_467' title='bbox 1092 2908 1169 2948; x_wconf 90' lang='lat' dir='ltr'>lata</span> <span class='ocrx_word' id='word_1_468' title='bbox 1188 2909 1274 2962; x_wconf 79' lang='lat' dir='ltr'>lege</span> <span class='ocrx_word' id='word_1_469' title='bbox 1292 2909 1341 2949; x_wconf 90' lang='lat' dir='ltr'>de</span> <span class='ocrx_word' id='word_1_470' title='bbox 1360 2923 1435 2949; x_wconf 85' lang='lat' dir='ltr'>non</span> <span class='ocrx_word' id='word_1_471' title='bbox 1454 2909 1651 2962; x_wconf 84' lang='lat' dir='ltr'>carpendo</span> <span class='ocrx_word' id='word_1_472' title='bbox 1670 2924 1742 2949; x_wconf 92' lang='lat' dir='ltr'>no·</span> 
     </span>
     <span class='ocr_line' id='line_1_54' title="bbox 212 2962 1742 3016; baseline -0.001 -11"><span class='ocrx_word' id='word_1_473' title='bbox 212 2965 400 3010; x_wconf 86' lang='lat' dir='ltr'>minatim,</span> <span class='ocrx_word' id='word_1_474' title='bbox 418 2964 579 3003; x_wconf 85' lang='lat' dir='ltr'>materia</span> <span class='ocrx_word' id='word_1_475' title='bbox 598 2964 832 3011; x_wconf 87' lang='lat' dir='ltr'>mutabatur,</span> <span class='ocrx_word' id='word_1_476' title='bbox 853 2963 907 3003; x_wconf 92' lang='lat' dir='ltr'>ita</span> <span class='ocrx_word' id='word_1_477' title='bbox 922 2962 1039 3009; x_wconf 79' lang='lat' dir='ltr'>etiam</span> <span class='ocrx_word' id='word_1_478' title='bbox 1058 2962 1258 3003; x_wconf 83' lang='lat' dir='ltr'>cantilenis</span> <span class='ocrx_word' id='word_1_479' title='bbox 1277 2963 1472 3004; x_wconf 83' lang='lat' dir='ltr'>abstinere</span> <span class='ocrx_word' id='word_1_480' title='bbox 1491 2964 1646 3016; x_wconf 84' lang='lat' dir='ltr'>penitus</span> <span class='ocrx_word' id='word_1_481' title='bbox 1673 2964 1742 3003; x_wconf 88' lang='lat' dir='ltr'>de·</span> 
     </span>
    </p>
   </div>
  </div>
 </body>
</html>
