1852 3216
435 128 516 168 DE
555 126 800 166 METRIS
841 125 1307 165 TERENTIANIS.
1552 126 1638 165 lxiii

111 217 198 256 Etsi
225 229 371 260 revera,
402 215 507 266 quod
537 213 702 253 Romani
733 212 953 258 voluerunt,
986 212 1068 250 seni
1100 211 1140 249 in
1170 224 1325 262 quoque
1354 212 1529 250 trimetro
1558 212 1634 250 sint

111 273 232 317 ictus;
263 270 329 321 qui
349 269 403 307 sic
423 268 588 320 exprimi
604 267 765 319 possint,

384 330 493 366 Poeta
509 329 592 366 ci'im
632 330 762 364 rimum
779 328 938 363 animum
954 327 999 363 ad
1015 326 1243 363 scribendum
1259 326 1410 373 appulit,

385 378 427 414 Id
444 377 511 413 sibi
527 377 648 423 negoti
665 375 816 412 cre‘didit
831 375 950 411 solum
967 373 1054 410 dari.

110 440 256 478 Verum
285 438 375 490 quia
401 439 439 476 in
466 437 625 488 paribus
652 436 759 480 locis,
781 439 817 480 2,
840 439 876 480 4,
898 438 935 480 6,
957 435 1081 472 minus
1110 433 1339 485 plerumque
1368 432 1569 471 elevantur
1597 442 1638 471 et

109 494 310 537 feriuntur,
330 506 445 543 quam
464 492 502 529 in
521 491 744 542 imparibus,
769 493 801 534 1,
823 493 860 534 3,
881 492 917 534 5,
940 489 1083 527 idcirco
1106 501 1173 526 eos
1193 501 1300 525 more
1320 486 1551 525 Graecorum
1569 487 1634 525 hic

110 547 255 599 placuit
273 547 463 584 omittere.
522 545 676 583 Horum
696 552 823 581 autem
851 552 1079 581 accentuum
1099 542 1218 580 ductu
1237 541 1288 591 (si
1309 555 1388 578 vox
1407 541 1445 578 in
1464 540 1538 578 illis
1558 540 1637 591 syl-

109 601 207 640 labis
233 608 402 645 acuatur,
430 607 469 638 et
494 613 564 650 par
591 598 776 648 temporis
802 610 992 641 mensura,
1014 610 1103 647 quae
1128 595 1238 647 pedis
1257 594 1459 632 ditrochaei
1483 594 1545 632 vel
1563 597 1637 632 ἐπι-

106 659 224 706 τρίτου
243 657 400 703 δευτέρου
425 654 548 704 spatio
578 665 729 703 semper
750 651 894 696 finitur,
916 651 1015 688 inter
1041 649 1213 701 singulos
1241 657 1424 687 accentus
1445 646 1638 698 servetur)

110 722 246 748 versus
274 708 471 746 universos
501 706 637 744 eodem
665 705 781 743 modo
810 705 931 743 lector
959 704 1105 748 efferet,
1134 717 1212 754 quo
1241 703 1332 741 olim
1362 703 1411 740 ab
1439 711 1568 740 actore
1600 701 1640 739 in

110 776 224 801 scena
243 762 292 800 ad
312 762 444 799 tibiam
462 760 830 811 pronunciabantur.
866 759 956 797 Hoc
976 771 1129 809 quoque
1149 756 1342 796 commodi
1362 757 1401 794 in
1421 756 1481 793 his
1500 769 1639 794 accen-

111 817 214 855 tibus
234 816 354 854 lector
374 815 566 853 inveniet:
593 813 696 864 quod
716 814 846 851 statim
866 822 905 850 et
924 812 1003 850 ictu
1023 811 1124 850 oculi
1144 811 1358 850 trochaicos
1378 811 1427 848 ab
1447 810 1638 855 iambicis,

111 871 178 922 qui
197 871 235 908 in
254 869 387 908 eadem
407 882 522 908 scena
547 867 740 905 interdum
758 866 885 904 locum
906 867 1059 911 habent,
1080 865 1204 916 possit
1223 864 1459 915 distinguere
1476 877 1485 901 ε
1514 864 1546 902 si
1574 877 1638 902 ac-

111 932 243 963 centus
272 923 418 962 scilicet
445 923 483 960 in
511 922 636 973 prima
654 934 789 959 versus
811 920 958 972 syllaba
978 928 1048 965 est,
1069 919 1252 957 trochaici
1272 926 1385 965 sunt;
1418 918 1477 955 sin
1495 918 1637 963 minus,

113 978 281 1017 iambici.

778 1049 972 1090 Caesnra.

166 1121 291 1160 Omne
319 1134 503 1159 versuum
532 1132 653 1171 genus
681 1132 790 1156 suam
817 1118 935 1156 habet
959 1130 1142 1155 caesuram
1173 1116 1254 1154 sive
1281 1114 1531 1160 incisionem3
1563 1127 1641 1164 qua

113 1178 275 1215 verbum
294 1175 531 1220 terminatur,
552 1182 591 1211 et
608 1186 688 1211 vox
707 1173 745 1210 in
765 1172 931 1210 decursu
959 1170 1118 1222 paulum
1143 1169 1420 1220 interquiescit.
1467 1167 1540 1206 Illa
1558 1168 1639 1206 fere

114 1244 261 1269 caesura
279 1229 463 1268 Romanis
482 1227 638 1279 placuit,
659 1240 748 1278 quae
776 1226 815 1264 in
842 1226 971 1277 priore
1001 1224 1105 1263 tertii
1132 1223 1242 1275 pedis
1263 1222 1411 1275 syllaba
1431 1222 1498 1260 fit:
1530 1230 1573 1260 ut
1601 1222 1640 1260 in

114 1284 270 1323 heroico
286 1297 295 1321 :

392 1335 504 1369 Arma
518 1333 705 1379 virumque
722 1344 811 1367 cano
833 1330 841 1379 Ι
860 1330 980 1377 Trojae
996 1330 1057 1377 qui
1073 1330 1209 1376 primus
1224 1329 1269 1364 ab
1285 1329 1359 1364 oris

394 1381 533 1416 Italiam
548 1380 622 1415 fato
643 1379 650 1426 Ι
670 1379 845 1425 profugus
862 1378 1066 1424 Lavinaque
1083 1377 1181 1412 venit

395 1428 529 1470 Litora,
547 1427 701 1462 multum
717 1427 776 1461 ille
792 1432 827 1461 et
847 1425 855 1471 Ι
874 1425 978 1460 terris
989 1425 1145 1471 jactatus
1162 1429 1197 1459 et
1213 1423 1286 1458 alto

393 1475 440 1510 Vi
456 1486 636 1520 superum,
655 1485 758 1509 saevae
776 1472 786 1520 Ι
807 1484 1000 1508 memorem
1017 1471 1173 1507 «Iunonis
1191 1470 1237 1506 ob
1253 1470 1353 1505 iram.

119 1547 244 1587 Varro
272 1546 425 1597 quidem
454 1544 555 1596 apud
586 1543 768 1587 Gellium,
787 1542 896 1580 xviii.
922 1546 983 1580 15.
1005 1541 1135 1580 scribit
1162 1540 1374 1578 observasse
1402 1553 1440 1577 se
1472 1539 1512 1576 in
1538 1552 1643 1577 versu

117 1602 340 1646 hexametro,
364 1598 461 1652 quod
490 1597 692 1637 omnimodo
722 1597 872 1649 quintus
902 1595 1057 1647 semipes
1076 1594 1133 1645 (id
1164 1602 1234 1639 est,
1266 1594 1372 1644 prior
1399 1593 1509 1644 pedis
1538 1593 1642 1631 tertii

117 1654 282 1708 syllaba)
300 1652 597 1703 verbumfiniret.
631 1651 792 1698 Mirum,
811 1650 917 1701 quod
934 1648 1137 1688 omnimodo
1156 1648 1310 1694 dixerit,
1331 1661 1418 1686 cum
1437 1647 1642 1686 Lucretius

108 1710 193 1762 jam
212 1718 295 1747 tum
314 1707 532 1752 variaverit,

392 1768 586 1804 Reddenda
599 1768 639 1803 in
653 1768 745 1803 ratio
764 1767 772 1815 Ι
793 1779 837 1803 ne
853 1778 995 1809 vocare,
1014 1771 1050 1801 et
1066 1766 1202 1801 semina
1217 1776 1348 1800 rerum.

116 1832 169 1870 Et
187 1829 375 1875 Catullus,

393 1879 523 1916 Omnia
538 1879 645 1914 fanda
660 1879 767 1914 nefan
786 1879 793 1926 Ι
815 1878 859 1914 da
874 1878 969 1913 malo
985 1877 1157 1924 permissa
1172 1876 1304 1912 furore.

116 1945 258 1983 Postea
274 1941 417 1993 saepius
438 1939 638 1990 Virgilius,

394 2002 561 2050 Lyrnessi
578 2001 706 2037 domus
722 2001 756 2036 al
775 2000 782 2048 Ι
803 2006 852 2044 ta,
871 2001 949 2036 solo
965 2000 1142 2035 Laurente
1159 1999 1372 2046 sepulcrum.

117 2066 313 2105 Homerus
332 2071 460 2102 autem
480 2061 571 2099 olim
592 2061 814 2112 saepissime,

390 2129 586 2176 Οὖλομένην
602 2128 622 2174 ἢ
641 2127 686 2175 μῦ
710 2123 716 2177 Ι
740 2127 783 2175 ρι’
802 2127 955 2175 Ἀχαιοῖς
971 2126 1067 2175 ἄλγε’
1087 2127 1214 2172 ἔθηκεν.

118 2207 208 2246 Non
225 2203 424 2245 omnimodo
444 2203 560 2253 igitur
581 2201 727 2240 dictum
747 2201 920 2252 oportuit
937 2215 946 2246 ;
979 2200 1047 2238 sed
1063 2199 1290 2251 plerumque.

170 2262 216 2300 In
235 2259 426 2311 Sapphico
447 2255 622 2294 similiter
642 2255 806 2293 Romani
825 2255 960 2304 quinto
980 2255 1061 2292 fere
1080 2253 1276 2305 semipede
1295 2268 1303 2290 :

394 2318 588 2356 Pindarum
605 2317 766 2365 quisquis
815 2316 934 2352 studet
951 2317 1122 2360 aemulari,

397 2367 492 2408 lule,
512 2366 637 2401 ceratis
658 2364 665 2412 Ι
686 2377 753 2411 ope
809 2364 939 2400 aedalea

396 2414 534 2449 Nititur
549 2413 675 2459 pennis
695 2411 703 2459 Ι
720 2412 838 2494 Kline?
855 2411 1004 2446 daturus

759 2470 879 2494 omma
894 2464 1020 2504 ponto.

120 2514 168 2553 In
186 2512 369 2552 Alcaico:

394 2562 571 2599 Doctrina
586 2560 648 2596 sed
663 2560 737 2596 vim
756 2559 766 2608 Ι
785 2564 973 2606 promovet
990 2559 1148 2602 insitam,

395 2609 568 2657 Rectique
584 2609 701 2644 cultus
722 2607 729 2655 Ι
749 2613 894 2653 pectora
909 2606 1091 2642 roborant.

121 2672 167 2711 In
185 2669 378 2710 Phalaecio
394 2683 403 2708 ε

397 2731 524 2766 Multis
540 2731 599 2766 ille
614 2729 720 2765 bonis
741 2728 749 2777 Ι
769 2729 895 2764 flebilis
913 2728 1065 2764 occidit:

398 2778 499 2813 Nulli
513 2777 664 2814 flebilior
683 2776 691 2823 Ι
712 2788 819 2824 quam
835 2776 913 2818 tibi,
931 2774 1072 2821 virgili.

119 2841 185 2881 Sic
204 2850 244 2880 et
262 2841 302 2879 in
322 2839 450 2877 iambo
468 2837 642 2875 trimetro
658 2851 667 2874 ε

397 2900 482 2936 Jam
492 2899 568 2946 jam
584 2899 715 2935 efficaci
734 2898 742 2945 Ι
762 2898 809 2934 do
825 2909 952 2934 manus
969 2897 1146 2932 scientiae:

400 2946 558 2994 Supplex
572 2955 607 2982 et
623 2957 688 2983 oro
707 2945 715 2994 Ι
735 2958 845 2993 regna
859 2957 922 2992 per
938 2943 1171 2990 Proserpinae,
