1910 3216
451 120 635 157 INDEX
668 119 995 156 VERBORUM
1027 119 1096 155 ΕΤ
1127 119 1449 156 PHRASIUM.
1777 128 1818 163 17

81 200 126 232 Di
149 202 222 232 bene
236 207 355 232 ament.
381 201 466 232 Eun.
485 212 513 233 v.
531 203 562 238 2,
584 203 637 235 43.
649 200 758 255 ,ἀνα
777 201 899 234 Haut.
914 201 936 232 i.
956 202 982 238 1,
1002 202 1054 233 ⁶3.
1260 200 1456 242 deputabam
1480 202 1573 233 hunc
1601 202 1819 244 Pamphilum.

81 242 171 275 Istuc
186 242 240 284 pol
256 253 336 275 vero
351 245 433 277 bene.
450 244 535 277 Eun.
547 244 592 277 iv.
604 246 636 282 4,
714 243 859 286 benigne]
887 244 1013 277 mande
1038 244 1149 276 dicere
1171 251 1228 277 aut
1262 243 1348 276 And.
1365 244 1407 276 iv.
1425 245 1456 282 3,
1473 245 1503 276 2.
1541 244 1595 277 Ad
1611 255 1664 278 me
1677 246 1750 288 lege
1765 256 1818 278 re·

79 286 109 316 8.
148 287 233 318 Bene
248 293 354 327 putas.
372 286 458 319 Eun.
475 287 517 318 iv.
535 288 566 325 7,
582 289 634 320 43.
649 258 655 326 i
670 287 923 329 benign-efacere.
939 287 1079 329 Adelph.
1090 298 1119 319 v.
1130 289 1160 325 4,
1174 289 1226 319 24.
1260 285 1394 319 dierunt
1419 288 1505 319 bna.
1536 287 1624 319 And.
1654 288 1697 320 iv.
1727 290 1758 326 5,
1785 290 1816 321 4.

78 329 163 360 Bene
177 328 299 370 edepol.
309 339 430 361 narras.
454 330 538 362 Eun.
554 341 584 361 v.
603 332 633 368 3,
649 334 655 360 l
670 331 1007 372 Beu‘guepraebeatur.
1021 331 1102 362 Hee-
1113 341 1143 362 v.
1152 332 1182 368 2,
1195 333 1225 362 2.
1263 329 1338 361 Hoc.
1352 335 1444 361 tanto
1464 336 1531 362 tum
1544 331 1718 372 repentino
1733 333 1816 363 bono.

78 370 108 403 7.
138 372 221 403 Beue
238 371 376 403 libenter
391 372 529 405 victites.
548 373 631 405 Eun.
650 367 654 380 '
668 373 742 404 vide
750 374 862 405 Notas.
883 373 1118 414 Benignedicis.
1129 373 1225 406 Phor.
1261 372 1347 403 And.
1364 383 1393 403 v.
1410 374 1441 410 4,
1446 374 1522 448 ἐξ..
1538 373 1649 449 Pieli?
1663 374 1719 414 qui
1734 374 1816 413 abli-

77 423 107 445 7.
131 415 161 450 8,
187 416 238 445 44.
276 414 349 446 vide
379 415 492 447 Notas.
550 417 634 448 Bene
650 441 653 445 f
668 427 697 447 v.
711 417 742 452 8.
758 418 810 448 ⁶2.
1258 415 1421 456 gurriernt
1522 439 1532 447 .
1636 440 1645 448 .
1669 417 1704 448 ii.
1730 419 1762 455 2,
1784 419 1815 449 4.

76 456 157 488 vale.
184 457 306 488 Heaut.
323 458 344 489 i.
364 459 392 494 1,
411 459 481 489 115.
501 483 506 487 .
526 460 631 494 Quam
648 446 653 515 Ι
711 458 873 500 benignus]
888 460 994 495 Quam
1011 459 1099 491 fideli
1116 459 1225 492 animo
1260 459 1290 489 Ο
1309 457 1451 500 Jupiter,
1473 469 1568 491 nerva
1589 460 1724 492 obsecro
1746 460 1816 492 hoe

76 501 150 532 bene
162 510 238 531 vero
246 501 561 542 absteprospectum
572 509 631 534 est.
667 508 699 533 et
716 504 843 543 benigno
862 502 896 533 in
920 502 1007 534 illam
1024 509 1058 533 et
1071 501 1224 534 clementi
1259 501 1352 533 nobis
1366 503 1451 533 bona.
1469 501 1553 534 Eun.
1569 512 1600 533 v.
1613 503 1644 540 8,
1661 503 1710 535 19.
1733 503 1816 540 Quae

77 541 198 574 fleant.
221 542 263 573 iv.
284 544 311 579 1,
335 545 385 574 25.
431 546 516 576 Bene
537 551 632 576 aucta
666 543 722 575 rui.
749 545 831 578 Hec.
855 544 902 576 iii.
925 546 956 582 5,
980 546 1032 576 22.
1079 544 1142 576 1110
1165 555 1224 576 usa
1257 543 1387 584 quidem
1402 544 1583 577 inhomine
1593 545 1748 578 dicuntur
1762 548 1814 578 bo-

74 594 120 618 re.
139 585 260 616 Heaut.
278 586 319 616 iv.
331 587 360 623 5,
375 587 428 617 50.
466 587 542 619 Tibi
559 589 631 619 bene
665 597 736 618 sum
752 595 786 619 et
802 590 929 628 benigno
942 594 975 619 et
994 587 1025 619 le
1050 587 1104 620 ido
1119 594 1152 619 et
1166 598 1220 619 co-
1257 598 1306 618 na.
1326 587 1446 619 Heaut.
1462 587 1484 618 i.
1497 589 1529 625 2,
1542 588 1591 622 19.
1626 588 1680 620 Ne

1026 598 1048 630 p
1695 598 1815 631 expers

74 637 118 660 ex
131 628 242 659 animo
260 629 341 660 volo.
367 629 487 661 Heaut.
505 640 535 661 v.
552 631 582 667 2,
599 631 628 662 6.

74 670 151 702 Tibi
168 673 240 702 bene
252 681 323 703 esse
338 672 409 709 soli,
425 672 487 704 sibi
500 683 574 704 cum
587 673 630 706 sit

74 713 167 745 male.
198 714 337 755 Adelph.
364 714 386 746 i.
416 716 443 752 l,
471 716 500 746 9.
546 717 630 748 Bene

73 757 262 797 promeruit.
292 758 432 799 Adelph.
458 758 491 790 ii.
521 759 548 795 1,
576 761 628 792 47.

72 800 158 831 Beue
181 800 267 831 dicat
284 810 394 832 secum
416 811 488 832 esse
509 809 627 833 actum.

73 842 214 883 Adelph.
241 843 275 874 ii.
302 845 331 879 2,
357 845 386 875 2.
432 846 516 876 Bene
541 844 627 876 facit.

73 885 213 926 Adelph.
227 886 260 917 ii.
271 887 302 923 3,
314 887 343 917 2.
385 887 458 918 Hoc
471 889 543 918 bene
554 898 626 918 suc·

71 928 180 959 cessit.
207 929 347 970 Adelph.
371 929 405 961 ii.
430 931 462 967 4,
485 931 536 961 23.
583 931 626 962 Di

72 972 146 1002 bene
161 978 299 1003 vortant.
317 972 458 1014 Adelph.
474 972 517 1004 iv.
531 973 561 1008 7,
577 975 625 1004 10.

71 1013 173 1049 Quasi
189 1024 225 1045 re
238 1017 309 1046 bene
322 1023 424 1055 gesta.
442 1015 583 1057 Adelph.
596 1027 625 1047 v.

74 1057 103 1093 1,
123 1058 172 1087 13.
217 1059 302 1089 Bene
319 1058 477 1090 subducta
490 1059 625 1091 ratione.

72 1099 213 1140 Adelph.
235 1111 266 1131 v.
290 1102 321 1138 4,
343 1102 370 1132 l.
416 1100 488 1132 Tibi
511 1101 627 1133 lubens

70 1143 143 1173 bene
169 1142 279 1174 faxim.
310 1143 451 1185 Adelph.
479 1154 509 1175 v.
537 1146 568 1182 5,
596 1145 624 1176 6.

70 1186 155 1217 Bene
170 1186 326 1227 procedit.
343 1187 483 1228 Adelph.
502 1197 530 1218 v.
547 1188 579 1224 6,
596 1188 625 1219 9.

69 1229 155 1260 Bene
169 1238 229 1260 nos
244 1228 366 1269 aliquid
381 1229 487 1260 facere
507 1229 554 1260 illi
568 1230 623 1262 de-

68 1277 131 1302 oet.
143 1271 283 1313 Adelph.
294 1282 323 1302 v.
334 1273 364 1308 8,
375 1273 427 1304 28.
452 1274 537 1304 Bene
547 1283 624 1304 con-

70 1313 202 1345 venibat
216 1324 295 1346 sane
312 1315 399 1346 inter
414 1325 477 1346 eas.
503 1315 586 1346 Hec.
604 1316 624 1346 i.

70 1357 101 1393 2,
120 1357 190 1387 103.
228 1358 312 1389 Bene
332 1357 452 1389 sactum
475 1365 507 1389 te
527 1358 624 1390 adve-

69 1399 166 1430 nisse.
200 1400 282 1431 Hec.
314 1400 360 1432 iii.
390 1402 421 1438 5,
446 1401 476 1431 6.
523 1401 625 1438 Vixit,

67 1441 146 1473 dum
161 1442 253 1478 vixit,
271 1445 351 1475 bene.
371 1443 452 1475 Hec.
467 1443 513 1475 iii.
526 1445 557 1480 5,
577 1445 625 1475 ll.

68 1485 154 1516 Bene
178 1485 318 1517 nuntias.
347 1486 429 1517 Hec.
453 1486 495 1517 iv.
519 1488 550 1523 4,
574 1488 624 1518 20.

69 1527 258 1559 Benedictis
266 1529 294 1560 si
306 1535 471 1565 certasset,
484 1529 628 1561 audisset

67 1571 151 1601 bene.
177 1571 307 1602 Phorm.
333 1571 420 1603 Prol.
446 1573 497 1605 20.
542 1573 627 1604 Bene

65 1613 111 1645 tit
126 1613 194 1644 tibi.
213 1614 343 1645 Phorm.
358 1614 379 1645 i.
399 1616 428 1651 2,
449 1616 518 1646 101.
541 1617 627 1646 Bene

68 1656 189 1687 habent
213 1657 271 1688 tibi
294 1657 466 1700 principia.
495 1658 625 1690 Phorm.

66 1698 101 1730 ii.
115 1700 145 1734 3,
156 1700 208 1730 82.
247 1700 318 1731 Mei
333 1700 437 1742 patris
449 1702 521 1732 bene
533 1708 625 1742 parta

66 1741 278 1783 indiligenter
293 1750 427 1774 tutatur.
446 1743 575 1775 Phorm-
593 1754 623 1775 v.

111 1827 269 1869 benedico]
291 1830 414 1860 Omnes
436 1830 623 1866 benedicunt,

66 1878 187 1902 amant.
205 1871 345 1912 Adelph.
361 1882 389 1903 v.
407 1873 438 1908 4,
458 1873 506 1902 11.

111 1913 315 1955 benedictum]
330 1916 506 1946 Benedictis
514 1915 542 1946 si
552 1925 622 1946 cer-

66 1962 179 1993 tasset,
203 1957 347 1989 audisset
373 1958 464 1989 bene.
491 1958 622 1989 Phorm.

67 1999 153 2031 Prol.
171 2001 222 2031 20.

110 2042 300 2084 benefic-lun]
323 2042 540 2085 Exprobratio
562 2043 622 2075 im·

66 2086 202 2116 memori
227 2088 356 2125 benefici.
382 2086 467 2118 And.
484 2086 505 2116 i.
526 2087 554 2122 1,
574 2087 623 2119 17.

65 2127 141 2159 vide
157 2129 271 2161 Notas.
307 2129 354 2160 Ut
370 2131 539 2168 beneficiu-
552 2139 622 2160 ver-

67 2170 117 2202 bis
128 2171 246 2202 initum
258 2172 379 2203 dudum
393 2182 480 2204 nunc
492 2182 526 2203 re
535 2182 623 2204 com-

64 2215 192 2254 probes.
209 2214 294 2245 And.
313 2225 341 2245 v.
362 2216 389 2251 l,
405 2216 436 2245 5.
483 2215 529 2246 Ut
545 2215 622 2246 soli-

66 2257 144 2288 dum
156 2268 303 2298 parerem
317 2258 378 2289 hoc
388 2257 432 2288 mi
444 2259 623 2297 beneficium.

67 2299 153 2331 Eun.
179 2310 209 2331 v.
235 2302 266 2337 2,
291 2301 342 2332 32.
391 2301 464 2332 Hoc
487 2302 625 2340 beneficio

66 2342 196 2383 utrique
207 2343 248 2374 ab
259 2343 406 2383 utrisque
421 2353 499 2374 vero
510 2343 622 2375 devin-

65 2385 190 2417 eimini.
204 2386 325 2417 Heaut-
338 2386 372 2417 ii.
385 2389 417 2423 4,
430 2387 479 2417 14.
517 2387 622 2422 Quem

67 2428 379 2470 bendcioadjungns.
399 2429 538 2470 Adelph.
555 2429 575 2460 i.
596 2431 623 2466 1,

67 2471 121 2503 47.
163 2472 233 2502 Aba
247 2471 354 2512 quivis
369 2471 500 2503 bomine
516 2474 623 2512 benefi-

60 2516 145 2544 ciam
156 2514 304 2555 accipere
313 2515 465 2555 gaudeas.
481 2514 623 2556 Adelph.

666 630 719 661 mi.
734 631 815 662 Hec.
827 641 856 661 v.
868 632 898 668 3,
909 631 960 662 39.
986 631 1075 663 Dum
1085 630 1221 663 nimium

1256 629 1812 671 putiseoeetdenonrisbonis.

664 672 730 704 dici
745 684 805 705 nos
822 674 923 705 bonos
938 673 1107 705 studemus
1121 680 1155 705 et
1171 675 1220 706 be-
1258 671 1379 704 fleant.
1402 673 1445 704 iv.
1469 674 1497 711 1,
1515 674 1567 705 39.
1612 674 1737 706 Labore
1759 674 1811 706 in·-

666 719 780 756 riguos.
799 717 927 748 Phorm.
946 727 974 747 v.
993 718 1023 754 2,
1040 717 1069 747 2.

708 759 875 801 benivolus]
890 759 1030 790 Facilem
1040 761 1216 791 benivolam-

662 812 719 841 que
732 801 845 843 lingua
860 810 917 834 tua
927 805 995 842 Jam
1009 802 1068 833 tibi
1081 812 1133 833 me
1145 802 1216 834 red-

662 844 753 875 didit.
774 845 854 876 Hec.
872 855 900 875 v.
920 847 948 882 l,
965 846 1016 876 35.

706 886 775 928 beo]
793 889 823 919 O
839 888 958 919 finctum
983 888 1086 919 bene:
1112 889 1217 919 beasti.

663 930 748 961 And.
766 930 786 961 i.
806 931 834 966 1,
852 930 903 963 79.
950 930 1077 971 Ecquid
1094 932 1146 963 beo
1160 932 1217 962 te?

663 973 748 1004 Eun.
764 973 798 1004 ii.
816 975 846 1010 2,
862 975 914 1004 48.

705 1015 791 1056 bibo]
811 1016 909 1051 Quod
925 1015 1010 1055 jussi
1025 1015 1055 1047 ei
1071 1016 1149 1047 dare
1172 1018 1218 1046 bi—

662 1060 740 1089 bere.
765 1059 850 1090 And.
873 1059 920 1090 iii.
938 1060 968 1095 2,
985 1060 1015 1090 4.
1061 1058 1150 1089 Vicit
1169 1058 1216 1089 vi-

662 1111 740 1132 num
762 1101 850 1142 quod
872 1104 944 1133 bibi.
970 1101 1055 1133 Eun.
1079 1101 1121 1132 iv.
1139 1102 1170 1138 5,
1189 1102 1217 1132 1.

661 1144 709 1174 Te
720 1144 863 1175 demiror
876 1151 943 1175 tam
958 1154 1063 1181 mane,
1075 1144 1131 1184 qui
1147 1144 1218 1175 heri

662 1194 787 1218 tantum
814 1189 936 1219 biberis.
963 1187 1082 1219 Heaut.
1112 1186 1157 1218 iii.
1187 1188 1216 1223 2,

662 1231 691 1260 8.
738 1230 833 1261 Prior
855 1232 950 1267 bibas,
974 1230 1064 1271 prior
1083 1230 1216 1261 decum-

662 1273 726 1303 bas.
747 1273 876 1304 Phorm.
892 1273 926 1303 ii.
944 1274 973 1309 2,
991 1274 1042 1303 28.

704 1314 844 1356 biduum]
870 1318 955 1347 bidui
975 1323 1024 1347 est
1039 1322 1096 1346 aut
1118 1315 1216 1346 tridui

660 1357 728 1388 haec
750 1358 943 1389 sollicitudo.
968 1358 1053 1389 And.
1076 1358 1111 1388 ii.
1134 1358 1165 1395 6,
1186 1359 1215 1389 9.

663 1400 734 1441 Ego
749 1401 923 1442 impetrare
939 1411 1064 1442 nequeo
1084 1401 1145 1431 hoc
1161 1401 1218 1432 abs

661 1450 704 1479 te,
728 1445 851 1474 biduum
872 1443 986 1475 saltem
1004 1450 1040 1474 ut
1058 1443 1218 1474 concedas

661 1485 774 1517 solum.
790 1486 854 1518 Pu.
901 1486 1067 1527 Siquidem
1084 1487 1215 1517 manna.

661 1529 728 1560 Tu.
762 1529 832 1560 Rus
848 1529 901 1560 ibo
914 1540 924 1560 ε
947 1529 994 1560 ibi
1009 1529 1070 1560 hoc
1082 1539 1136 1560 me
1148 1539 1216 1560 ma-

660 1572 777 1602 cerabo
788 1573 920 1603 biduun-
958 1572 998 1603 In
1009 1572 1070 1604 hoc
1083 1573 1216 1608 bianum,

661 1614 771 1652 Thais,
782 1614 864 1646 vale.
879 1615 964 1646 Eun.
981 1615 1001 1646 i.
1015 1616 1046 1652 2,
1062 1616 1133 1645 101.
1145 1615 1216 1645 102.

664 1658 734 1688 104.
768 1658 840 1690 107.
870 1659 941 1689 110.
987 1657 1065 1689 Sine
1094 1659 1217 1689 biduum

660 1699 720 1731 hoc
742 1707 923 1741 praetereat.
947 1701 1033 1732 Eun.
1055 1699 1089 1731 ii.
1109 1701 1141 1738 2,
1163 1701 1215 1731 52.

662 1743 760 1780 Hem,
778 1745 900 1774 biduum
914 1743 963 1774 sic
979 1742 1218 1775 manendum'st

659 1785 718 1817 soli
733 1786 805 1818 sine
820 1786 901 1817 ina?
929 1786 1013 1817 Eun.
1027 1785 1070 1817 iv.
1087 1787 1118 1823 2,
1134 1787 1165 1818 8.

702 1828 871 1869 biennium]
888 1830 1051 1859 Biennium
1073 1828 1117 1860 ibi

657 1879 793 1913 petuum
804 1872 895 1903 illum
907 1871 976 1903 tuli.
991 1872 1074 1903 Hec-
1086 1871 1108 1902 i.
1121 1873 1152 1908 2,
1166 1873 1214 1902 12.

702 1914 783 1955 bini]
802 1915 855 1946 Ex
876 1914 1007 1956 praediis
1027 1914 1149 1946 talenta
1162 1924 1214 1946 ar-

657 1957 748 1998 genti
765 1960 837 1989 bt'na
851 1958 1000 1999 capiebat
1015 1957 1135 1989 statim.
1171 1957 1214 1988 D.

661 2002 742 2031 Bina
764 2002 894 2041 quaeso?
934 2001 1064 2033 Phorm.
1086 2011 1117 2032 v.
1141 2001 1171 2038 3,
1194 2001 1215 2032 6

658 2050 692 2074 et
708 2043 737 2076 7.

703 2085 766 2127 bix]
792 2088 850 2117 Bis
871 2086 977 2117 facere
999 2085 1099 2117 stulte
1121 2086 1213 2117 duco.

661 2129 742 2160 Hec.
759 2129 805 2160 iii.
818 2131 847 2165 2,
859 2131 888 2159 8.
923 2129 974 2160 De
990 2129 1102 2160 eadem
1118 2139 1215 2162 causa

660 2174 706 2203 bie
724 2172 883 2211 judicium
908 2172 1055 2213 apiscier.
1083 2171 1213 2203 Phorm.

660 2214 692 2245 ii.
710 2217 740 2250 3,
757 2216 808 2246 59.

703 2257 828 2298 blande]
856 2257 980 2298 Ecquid
1006 2267 1066 2298 ego
1092 2257 1214 2298 poesim

659 2302 768 2332 blande
774 2301 881 2333 dicere
887 2308 944 2332 aut
949 2300 1089 2340 benigne
1097 2299 1212 2332 ficere.

658 2343 798 2385 Adelph.
824 2354 853 2375 v.
879 2346 910 2380 4,
938 2344 989 2374 24.
1035 2344 1156 2374 Blande
1179 2342 1213 2374 in

657 2386 820 2428 principio
849 2386 988 2426 adloqui.
1020 2385 1150 2418 Phorm.
1179 2385 1212 2417 ii.

1256 722 1353 748 venta
1363 726 1434 747 mea
1442 716 1497 748 cui
1506 716 1581 748 dem
1592 719 1676 750 bona.
1689 717 1811 750 Heaut-

1255 758 1297 788 iv.
1314 759 1344 794 7,
1361 760 1410 790 13.
1450 759 1509 790 Me
1523 770 1597 792 mea
1610 759 1721 792 omnis
1736 762 1812 794 bna

1254 800 1322 832 doti
1333 801 1455 833 dixisse
1465 802 1524 834 illi.
1539 803 1660 835 Heaut.
1673 814 1704 836 v.
1719 804 1748 840 l,
1758 804 1811 836 69.

1298 843 1407 885 bonus]
1422 844 1497 876 Uno
1510 856 1567 877 ore
1578 856 1691 878 omnes
1701 846 1812 881 omnin

1255 888 1330 918 bona
1341 887 1459 919 dicere.
1469 888 1556 921 And.
1566 888 1588 920 i.
1602 890 1630 926 1,
1643 888 1695 922 70.
1722 891 1813 923 Bona

1256 930 1362 966 verba,
1392 941 1510 971 quaeso.
1539 931 1625 963 And.
1649 931 1672 962 i.
1700 933 1732 970 2,
1756 933 1809 965 88.

1255 973 1371 1003 Bonum
1394 973 1573 1014 ingenium.
1597 974 1685 1006 And.
1708 974 1755 1006 iii.
1781 975 1810 1013 l,

1255 1016 1284 1045 8.
1325 1015 1464 1056 Ingenio
1480 1018 1561 1048 boum
1579 1017 1665 1049 And.
1677 1017 1725 1049 iii.
1735 1019 1765 1055 2,
1779 1017 1810 1051 7.

1257 1057 1387 1090 Interea
1407 1058 1531 1099 aliquid
1551 1059 1707 1092 acciderit
1731 1063 1809 1093 boni.

1255 1100 1340 1131 And.
1357 1101 1390 1131 ii.
1408 1102 1437 1138 3,
1456 1103 1507 1132 24.
1552 1102 1723 1143 Virginem
1743 1104 1809 1135 for-

1254 1153 1307 1174 ma
1328 1145 1404 1175 bona
1426 1144 1560 1176 memini
1583 1145 1704 1177 videre.
1719 1146 1807 1178 And.

1253 1185 1287 1216 ii.
1314 1187 1345 1223 5,
1375 1186 1425 1220 17.
1470 1187 1624 1219 Ehodum
1648 1190 1721 1220 boue
1747 1189 1808 1227 vir,

1252 1228 1330 1269 quid
1357 1229 1448 1270 agis?
1499 1231 1587 1261 And.
1618 1230 1664 1263 iii.
1694 1232 1724 1269 5,
1758 1233 1807 1265 10.

1253 1271 1349 1302 Salve
1376 1274 1448 1303 bone
1470 1273 1529 1304 vir.
1559 1274 1645 1305 And.
1670 1284 1698 1305 v.
1723 1276 1754 1312 2,
1777 1276 1807 1307 5.

1252 1314 1327 1346 Tibi
1342 1315 1429 1355 quod
1443 1315 1554 1347 evenit
1575 1318 1654 1348 boni.
1673 1317 1759 1349 And.
1776 1328 1807 1348 v.

1252 1357 1282 1393 6,
1299 1358 1328 1387 4.
1358 1359 1462 1388 Bonus
1476 1364 1527 1389 est
1540 1358 1594 1389 hic
1604 1359 1662 1390 vir.
1676 1360 1709 1391 S.
1740 1360 1807 1392 nie

1253 1399 1302 1430 vir
1323 1399 1367 1431 sit
1390 1402 1504 1432 bonu?
1542 1401 1627 1433 And.
1652 1413 1683 1433 v.
1700 1403 1732 1439 4,
1756 1404 1806 1434 12.

1256 1442 1320 1474 Hic
1331 1453 1458 1483 quoque
1474 1445 1579 1475 δαιο-
1594 1455 1625 1476 ιιι
1745 1455 1808 1486 que

1253 1492 1376 1526 partem
1392 1485 1478 1517 adte
1492 1486 1611 1519 attulit.
1635 1487 1721 1520 Eun.
1737 1487 1759 1520 i.
1777 1489 1808 1526 2,

1251 1529 1303 1559 43.
1348 1528 1473 1560 Tamen
1497 1529 1559 1561 etsi
1588 1531 1665 1563 bona
1690 1538 1809 1566 notun

1251 1576 1310 1608 eet,
1332 1571 1474 1603 reddunt
1491 1578 1644 1607 ctu-utura
1659 1574 1807 1613 iunceus

1253 1613 1337 1644 Eun.
1353 1613 1387 1644 ii.
1399 1616 1429 1651 3,
1441 1616 1492 1645 24.
1527 1615 1590 1646 Cui
1602 1616 1706 1657 magis
1714 1617 1809 1650 bon:

1250 1656 1422 1688 felicitates
1430 1667 1543 1690 omnes
1553 1657 1697 1690 adverse
1710 1659 1807 1691 sient.

1253 1699 1336 1731 Eun.
1353 1699 1387 1731 ii.
1404 1701 1435 1737 3,
1451 1701 1503 1731 33.
1544 1700 1611 1736 Qui
1626 1701 1674 1735 uti
1687 1701 1759 1740 seit,
1774 1702 1807 1735 ei

1251 1744 1337 1780 bona,
1346 1742 1402 1783 qui
1412 1753 1477 1775 non
1487 1742 1590 1775 utitur
1599 1750 1699 1782 recte,
1710 1745 1806 1779 mla.

1253 1785 1373 1817 Heaut.
1388 1785 1452 1823 i.2,
1468 1787 1520 1818 22.
1554 1786 1621 1822 Qui
1635 1789 1807 1828 nequejus

1139 1838 1213 1871 per·
1250 1838 1355 1868 neque
1370 1830 1476 1860 ὂοιιιιιι
1489 1836 1587 1869 atque
1601 1840 1726 1871 inquom
1741 1841 1807 1863 su·

1250 1877 1318 1902 unt.
1337 1871 1458 1903 Heaut.
1472 1871 1515 1903 iv.
1533 1872 1562 1909 1,
1576 1873 1628 1904 29.
1674 1873 1806 1908 Fucino

1251 1915 1320 1944 boni
1344 1913 1403 1945 tibi
1429 1914 1553 1955 aliquid
1578 1925 1640 1956 pro
1668 1915 1733 1949 im
1757 1926 1804 1949 re.

1252 1956 1373 1988 fleant.
1395 1956 1438 1990 iv.
1456 1959 1487 1995 5,
1513 1959 1562 1991 15.
1608 1958 1699 1991 Istue
1719 1959 1805 2000 aqui

1250 2001 1382 2040 bonique
1397 2000 1490 2033 facio.
1510 2000 1631 2033 aeaut.
1645 2001 1690 2033 iv.
1707 2002 1739 2040 5,
1749 2003 1803 2035 40.

1250 2043 1335 2074 Bono
1344 2042 1455 2075 animo
1469 2053 1515 2080 es,
1529 2043 1649 2077 Βοιαὶ.
1658 2043 1741 2083 iv-ss,
1754 2046 1804 2077 18.

1251 2085 1295 2116 Di
1326 2087 1403 2117 boni.
1441 2085 1581 2128 Adelph.
1610 2086 1658 2120 iii.
1689 2088 1721 2125 2,
1751 2088 1804 2121 86.

1251 2128 1374 2161 Praeter
1402 2139 1595 2170 aequumque
1625 2136 1659 2161 et
1687 2132 1804 2164 bonnm

1249 2171 1390 2214 Adelph.
1405 2171 1426 2203 i.
1446 2172 1475 2208 l,
1491 2172 1543 2203 39.
1576 2172 1666 2208 Quin
1681 2179 1719 2205 tu
1732 2175 1806 2206 bam

1248 2214 1357 2245 animo
1366 2224 1410 2246 es.
1422 2214 1563 2256 Adelph.
1573 2214 1699 2253 iv.2,4.
1734 2216 1805 2248 Ne·

1248 2267 1311 2297 que
1326 2257 1406 2288 adeo
1421 2267 1464 2288 ex
1484 2268 1577 2298 aequo
1594 2264 1629 2289 et
1651 2259 1733 2292 bono.
1756 2261 1805 2292 A-

1247 2299 1355 2341 delph.
1382 2310 1412 2331 v.
1438 2300 1469 2337 9,
1494 2301 1546 2332 30.
1605 2301 1647 2333 In
1669 2311 1723 2334 me
1745 2302 1806 2334 tibi

1249 2344 1318 2375 boni
1343 2342 1422 2383 quid
1443 2342 1495 2374 sit.
1524 2343 1608 2375 nec.
1634 2354 1666 2376 v.
1691 2346 1723 2382 4,
1751 2345 1802 2378 11.

1250 2385 1327 2416 Plus
1341 2385 1438 2416 hodie
1454 2388 1523 2416 boni
1537 2386 1609 2417 feci.
1626 2386 1710 2418 Hec-
1727 2398 1757 2420 v·
1769 2389 1803 2426 4,

1251 2428 1299 2459 19.
1345 2429 1473 2465 Bonan,
1495 2430 1579 2460 toni.
1600 2436 1803 2478 pugnum

701 2471 878 2512 blanditie]
895 2472 965 2504 Abs
986 2477 1019 2502 te
1034 2477 1071 2502 ut
1091 2472 1212 2503 bland-’-
1249 2471 1377 2503 Pborm.
1394 2471 1416 2502 i.
1433 2472 1463 2508 2,
1477 2471 1530 2502 66.
1565 2471 1674 2505 Nui·
1687 2473 1804 2507 unii-

657 2517 712 2546 εἰῶ
732 2514 801 2546 suis
821 2525 914 2546 sunm
936 2514 1136 2555 voluptatem
1153 2524 1210 2545 ex·
1246 2513 1318 2555 ipen
1331 2514 1454 2546 inesset
1465 2513 1576 2547 som
1594 2514 1760 2548 Pbomi.
1772 2517 1804 2554 2,

65 2556 100 2587 ii.
118 2557 147 2592 3,
167 2557 195 2588 1.
237 2557 303 2589 Pro
317 2557 476 2589 maleficio
491 2557 519 2588 si
535 2559 623 2590 bene-
657 2557 753 2599 pleat.
772 2557 855 2588 Hec.
872 2557 893 2588 i.
911 2559 942 2593 2,
962 2558 1009 2588 12.

701 2600 849 2641 blandus]
874 2601 923 2632 'l'e
948 2600 1035 2631 vivat
1054 2609 1212 2640 nusquam
1246 2599 1431 2632 ‹sanuciani-
1451 2599 1592 2642 nuptias.
1615 2600 1748 2635 Phorm-
1767 2601 1804 2633 ii.

67 2642 198 2673 Phorm.
220 2642 255 2674 it
272 2644 302 2679 2,
318 2644 371 2674 22.
415 2643 623 2675 veneratum
656 2643 1211 2684 quiaqfflmuanasor.nec.v.4.21.
1229 2629 1233 2691 Ι
1250 2643 1278 2679 1.
1300 2643 1351 2674 28.
1396 2642 1433 2673 Si
1457 2649 1492 2676 tu
1514 2642 1657 2684 aliqum

700 2685 1210 2726 bolunJCmciorbolmmihiun·
1229 2684 1331 2738 3aequi
1357 2687 1490 2726 bonique
1512 2685 1644 2719 dixerit.

64 2737 129 2759 ces.
148 2727 278 2759 Phorm.
294 2727 340 2759 iii.
354 2730 384 2764 2,
398 2729 428 2759 8.
462 2728 555 2764 Quin
570 2730 621 2760 be·
657 2727 1076 2770 tumereptumefamibns.
1091 2727 1211 2760 fleant.
1230 2727 1289 2759 ·iv.
1304 2729 1334 2765 3,
1351 2728 1402 2761 32.
1441 2728 1512 2761 Abs
1526 2735 1560 2760 te
1574 2728 1636 2763 hoe
1652 2731 1729 2763 bena
1743 2740 1802 2762 ve-

65 2772 201 2809 neficium
227 2780 356 2802 rursum
378 2770 410 2801 ei
436 2770 624 2812 experimur
656 2771 699 2803 iv.
716 2772 746 2807 2,
763 2771 794 2802 6.

700 2812 835 2854 mm]
847 2812 1210 2853 Bonitaquvoeuand·
1247 2819 1354 2846 tecum
1370 2814 1448 2846 bone
1466 2813 1563 2852 mh,
1582 2813 1803 2848 tolerabimus.

110 2854 299 2896 benevolens]
322 2856 440 2896 Neque
461 2855 510 2887 illi
533 2857 620 2888 bene·
650 2855 1103 2897 jutansatqoeaequmimim.
1115 2855 1211 2888 Phor.
1247 2855 1378 2888 Phorm.
1395 2855 1442 2888 nit
1457 2857 1490 2894 8,
1504 2857 1556 2892 28.
1600 2856 1654 2890 Tu
1667 2857 1703 2891 id
1716 2858 1804 2901 quod

64 2900 173 2936 uleus,
189 2908 295 2938 neque
307 2905 414 2935 notus,
427 2908 533 2939 neque
543 2909 619 2939 oog-
657 2899 742 2931 Prol-
756 2900 808 2931 85.

56 2601 165 2638 ficiu-
180 2609 342 2631 summum
354 2599 470 2631 nolunt
477 2600 622 2632 reddere.

66 2684 150 2716 istuc
167 2687 337 2724 beneficium
350 2685 487 2726 pulchre
503 2685 561 2716 tibi
572 2685 622 2717 di-

65 2813 213 2844 reddere.
238 2813 367 2845 phorm.
385 2813 431 2845 iii.
448 2814 479 2849 3,
495 2814 527 2844 5.

66 2941 474 2978 mummium-2248.

64 3011 68 3014 ,
110 2983 330 3024 benevolentia]
353 2983 397 3017 Et
411 2989 507 3016 aute
520 2989 554 3014 et
569 2985 620 3016 ὀο-
655 2984 725 3016 hnc
749 2983 810 3017 tibi

700 2943 816 2978 baua,
842 2939 962 2981 sub-t]
988 2941 1077 2974 Bona
1102 2947 1214 2974 nostru
1250 2942 1299 2975 17.
1345 2941 1471 2977 ute-t·

833 2983 997 3027 permitto.
1021 2983 1109 3016 And.
1133 2983 1155 3015 i.
1181 2985 1212 3020 5,
1245 2983 1288 3017 iv.
1305 2985 1337 3022 8,
1352 2985 1405 3018 88.

1247 2557 1299 2589 57.
1354 2558 1466 2594 Bonae,
1495 2567 1548 2588 me
1576 2558 1721 2596 ahena,
1749 2558 1805 2592 hie

1248 2770 1302 2801 nia
1317 2776 1404 2812 peto.
1422 2770 1552 2802 Phorm.
1562 2771 1597 2803 ii.
1607 2772 1639 2809 3,
1650 2773 1703 2805 31.
1727 2772 1804 2806 Um

1248 2900 1380 2932 ude-t
1512 2899 1522 2906 '
1565 2899 1802 2939 Pham-ivA,

64 3028 233 3059 muntia
253 3026 328 3067 plu·
351 3026 707 3068 scirentprovi-,ek
741 3021 1233 3061 Summunbonmeneheml
1291 3025 1800 3068 m]00miomnntre·

928 3080 946 3100 c
