1852 3216
95 149 234 178 sanA
256 135 334 190 vn]

696 133 1041 177 ADELPHI.

1527 134 1608 176 451

152 225 214 268 Et
233 225 310 267 tibi
329 225 385 267 ob
405 240 498 267 eam
518 227 622 276 rem,
643 224 680 266 si
698 224 804 280 quid
824 239 927 266 usus
949 225 1124 275 venerit,

152 290 330 332 Lubens
350 291 460 333 bene
481 290 637 333 faxim:
668 291 851 333 meditor
869 305 964 332 esse
985 289 1193 332 affabilis
1182 307 1194 340 ς

98 399 100 402 ,
152 356 212 398 Et
233 357 342 399 bene
362 357 571 412 procedit.
622 356 710 399 Gn.
733 357 881 399 Bonus
901 371 963 406 eS,
983 371 1115 411 quum
1133 355 1228 397 haec
1247 354 1492 397 existumas.

97 431 135 461 10
153 422 239 464 DE.
264 422 472 464 Paulatim
493 422 662 478 plebem
678 421 904 478 primulum
925 421 1034 464 facio
1052 436 1202 463 meam.

340 601 591 649 ACTUS
637 599 920 655 QUINTI
966 598 1215 646 SCENA
1250 597 1364 645 VII.

429 726 682 758 AESCHINUS.
719 724 899 757 DEMEA.
936 724 1094 756 SYRUS.
1129 723 1267 755 GETA.

150 810 389 852 OccmuN'r
408 824 475 851 me
494 809 680 864 quidem,
702 809 805 850 dum
824 808 945 849 nimis
967 815 1135 849 sanctas
1155 807 1325 862 nuptias

150 876 336 918 Student
356 875 520 917 facere:
551 875 593 916 in
614 873 864 929 apparando
883 879 1020 914 totum
1039 879 1294 914 consumunt
1313 872 1439 914 diem.

149 941 237 983 DE.
255 940 374 989 Quid
387 941 542 996 agitur,
559 938 799 981 AEschine?
833 938 930 980 AES.
946 937 1102 988 Ehem,
1116 945 1241 993 pater
1251 937 1322 988 mi,
1341 945 1388 979 tu
1399 937 1470 980 hic
1485 939 1609 980 eras!

148 1007 237 1050 DE.
259 1007 383 1049 Tuus
405 1005 549 1048 hercle
569 1019 670 1047 vero
689 1012 732 1046 et
751 1004 890 1045 animo
910 1010 955 1045 et
974 1010 1127 1044 natura
1146 1010 1295 1058 pate1·;

112 1083 131 1112 5
149 1073 239 1122 Qui
258 1081 300 1115 te
319 1080 431 1114 amat
450 1071 546 1128 plus
567 1085 693 1126 quam
712 1070 843 1112 hosce
865 1068 1035 1111 oculos:
1069 1069 1145 1110 sed
1165 1083 1243 1110 cur
1261 1083 1347 1110 non
1367 1068 1540 1110 domum

90 1163 161 1201 sert,
193 1173 266 1194 eum
294 1162 423 1194 nomine
443 1171 570 1198 vocans,
595 1160 680 1201 quod
703 1166 829 1191 tantum

90 1206 186 1248 (quod
204 1209 349 1237 usitatum
368 1205 417 1246 ιἰι)
439 1203 658 1246 superioribus
681 1210 739 1234 est.
785 1204 829 1234 Et

90 1250 164 1281 vide
188 1259 283 1290 quam
313 1256 414 1290 grate,
439 1255 609 1290 postquam
638 1247 708 1288 ipse
736 1246 828 1284 dixit,

89 1293 220 1324 nomine
242 1292 417 1334 appellavit
438 1292 554 1322 Getam
579 1290 661 1333 (Ms.
681 1290 723 1320 H.
743 1295 828 1329 post-

89 1347 179 1377 quam
193 1338 320 1372 audivit,
338 1337 383 1366 bis
396 1338 510 1365 nomine
526 1335 693 1374 appellavit
709 1334 825 1364 Getam.

92 1379 203 1417 Forte,
226 1384 382 1419 postquam
403 1380 466 1418 ipae
481 1379 560 1408 diste
582 1387 694 1412 nomen,
712 1378 827 1407 nomine

90 1434 119 1454 a.
147 1422 392 1463 G.).D.—1ta
415 1426 449 1451 ut
470 1422 528 1451 tibi
550 1422 638 1457 sensi,
663 1418 757 1460 Geta]
782 1419 828 1450 Ut

91 1466 151 1497 tibi
166 1475 252 1497 curae
266 1464 364 1496 fuisse
377 1463 463 1495 sensi
475 1463 650 1494 dominum.
686 1462 827 1493 Domino

90 1509 177 1540 enim
193 1515 243 1540 est
263 1508 404 1549 optimus
426 1517 545 1544 servus,
562 1505 591 1537 si
609 1505 758 1537 dominus
780 1511 829 1536 est

90 1551 235 1588 affabilis,
248 1551 308 1582 hoc
321 1557 378 1587 est,
386 1550 553 1598 benignus,
564 1556 596 1580 et
607 1550 828 1589 obtemperare

89 1602 222 1637 propter
254 1594 428 1625 bonitatem
465 1592 575 1635 possit.
623 1592 659 1622 E.
662 1591 828 1622 —Versus

89 1638 293 1669 commendat
318 1637 488 1668 lectionem
520 1635 670 1667 Bembini
693 1637 739 1666 uti
769 1645 828 1677 pro

90 1681 214 1723 vulgari
227 1686 270 1712 ut.
304 1680 342 1711 B.

134 1725 162 1758 7.
180 1726 224 1756 Et
247 1726 304 1755 tibi
325 1725 360 1754 ob
382 1734 447 1754 eam
468 1721 547 1763 rem]
571 1721 658 1757 Quid
679 1723 724 1752 Et
746 1723 827 1752 tibi!

89 1774 198 1799 utrum
221 1766 487 1808 quemadmodum
503 1765 596 1796 aliis?
619 1775 659 1796 an
676 1765 827 1806 quemad-

90 1811 220 1842 modum
239 1811 340 1851 Syro?
380 1811 424 1841 Et
445 1811 502 1840 tibi
516 1810 552 1840 ob
566 1820 632 1840 eam
653 1819 714 1839 rem
729 1809 831 1848 siquid

89 1864 162 1885 usus
173 1853 304 1894 venerit]
316 1853 469 1884 Defectus
479 1852 608 1893 quidam
618 1851 730 1883 rustici
742 1862 825 1893 prae-

90 1905 139 1928 ter
154 1906 301 1929 naturam
316 1895 520 1932 blandientis,
536 1895 622 1936 cogit
633 1895 719 1925 dicta
732 1905 825 1936 repe-

89 1947 158 1972 tere
178 1941 248 1972 sine
270 1939 383 1981 gratia.
429 1939 492 1970 Hae
512 1948 619 1970 autem
641 1938 825 1987 promissio-

88 1993 148 2015 nes
174 1984 215 2015 ad
241 1983 301 2014 hoc
330 1982 578 2024 praemittuntur,
603 1990 640 2012 ut
665 1991 762 2022 quum
792 1981 827 2012 in

89 2027 240 2067 subjectis
256 2026 308 2068 agi
325 2037 344 2057 a
362 2026 484 2057 Demea
499 2024 680 2066 hujusmodi
695 2035 748 2056 res
760 2035 826 2055 coe-

86 2071 205 2112 perint‚
231 2080 296 2101 non
319 2069 362 2101 sit
386 2069 558 2100 absurdum
584 2067 827 2110 spectatoribus,

90 2114 247 2145 Demeam
264 2121 328 2144 tam
343 2113 408 2144 cito
423 2122 492 2143 esse
509 2118 675 2142 mutatum.
706 2111 747 2142 D.

133 2159 161 2188 8.
179 2159 312 2188 Meditor
325 2167 388 2187 esse
402 2153 552 2195 affabilia]
566 2154 619 2185 Sic
633 2155 694 2185 hoc
708 2154 828 2186 lentius

87 2199 228 2239 (locutus,
260 2200 329 2231 Lib.
361 2197 520 2239 uterque),
551 2205 588 2229 ut
614 2197 694 2228 illud
720 2208 827 2239 supra,

88 2245 159 2275 Jan
174 2255 252 2275 nunc
267 2245 329 2274 tria
343 2245 406 2273 haec
421 2243 529 2273 addidi
546 2247 660 2282 praeter
677 2247 826 2279 naturam,

92 2288 120 2318 0
132 2292 241 2324 noster,
256 2288 331 2327 quid
332 2289 372 2326 fit
382 2289 397 2316 ,⁷
420 2287 494 2326 quid
507 2287 612 2326 agitur
623 2287 641 2315 .⁹
670 2285 711 2315 D.

135 2331 183 2360 10.
200 2331 355 2360 Paulatim
365 2327 496 2369 plebem]
515 2327 683 2359 Moraliter
694 2327 826 2358 inferio-

88 2382 160 2404 rum
176 2374 311 2410 turbam,
324 2374 439 2412 plebem
454 2371 536 2402 dixit
553 2383 560 2402 z
584 2371 644 2402 hoc
659 2378 717 2408 est,
734 2378 770 2401 ut
792 2371 825 2401 in

90 2415 168 2446 urbe
183 2415 307 2457 vulg-us,
326 2416 371 2446 ita
386 2416 419 2446 in
435 2414 555 2446 familia
569 2425 688 2445 servos.
732 2414 775 2444 Et
791 2414 828 2444 fit

90 2457 257 2489 translatio
280 2459 320 2490 ab
345 2458 386 2490 iis
408 2458 463 2499 qui
486 2458 624 2489 honores
647 2457 766 2492 dolose,
790 2468 827 2488 ac

91 2511 154 2531 non
171 2511 230 2542 pro
241 2502 356 2532 merito
370 2508 494 2543 petunt,
506 2501 730 2541 ambitiosique
740 2507 825 2531 sunt.

91 2545 212 2575 Plebem
234 2547 396 2584 primulum
410 2544 496 2584 jacio
525 2543 634 2584 meam]
666 2544 738 2575 Hoc
769 2550 827 2580 est,

90 2587 170 2618 mihi
185 2587 353 2618 faventem.
399 2587 443 2618 Et
457 2597 476 2618 e
490 2588 651 2618 contrario
673 2586 829 2627 Virgilius

90 2630 167 2661 AEn.
183 2629 217 2660 ii.
235 2630 307 2660 396.
329 2631 471 2660 Vadimus
481 2632 604 2661 immitti
620 2631 830 2661 Danaishaud

88 2676 207 2704 numine
221 2678 329 2703 nostro.
369 2672 612 2703 D.-Paulatim
626 2675 741 2712 plebem
760 2675 827 2712 pri-

89 2718 200 2747 mulum
218 2715 306 2755 facio
327 2714 437 2756 meam]
463 2716 649 2746 Praestando
673 2715 828 2757 paulatim

90 2759 287 2801 (Praestando
300 2770 345 2790 me
359 2760 511 2799 affabilem
522 2760 671 2798 paulatim
686 2760 758 2789 mihi
774 2758 829 2799 Z.)

92 2802 331 2834 muititudinem
347 2812 427 2842 cogo
441 2801 606 2832 fautorem.
639 2801 677 2831 E.

139 2847 166 2877 l.
186 2847 333 2877 Occidunt
354 2857 398 2876 me
419 2843 554 2885 quidem]
580 2843 776 2875 Adolescens
796 2848 830 2874 et

871 1161 964 1191 τικῶς
985 1166 1092 1190 autem
1114 1158 1198 1190 dixit
1216 1160 1362 1190 Occidunt
1377 1170 1431 1195 me,
1446 1168 1506 1200 pro
1521 1160 1610 1189 rumis

873 1205 986 1234 laedunt
1003 1208 1033 1234 et
1054 1205 1191 1233 cruciant
1213 1214 1266 1233 me.
1314 1203 1461 1233 Occidunt
1482 1213 1526 1233 me
1541 1204 1609 1242 qm*-

871 1245 955 1286 dem]
972 1248 1098 1280 Quidem
1113 1256 1171 1287 pro
1187 1245 1427 1286 exspectatione
1442 1251 1513 1276 est.
1537 1251 1610 1276 tan—

872 1299 966 1338 quam
982 1288 1015 1319 in
1032 1289 1091 1319 hac
1107 1299 1197 1319 mora
1218 1288 1325 1319 nullus
1339 1288 1422 1319 alius
1436 1287 1609 1326 occidatur,

870 1332 933 1363 nisi
963 1331 1016 1372 qui
1042 1338 1137 1368 amat,
1161 1331 1194 1362 id
1225 1338 1283 1368 est,
1310 1341 1379 1372 ego,
1418 1333 1498 1362 Dum
1520 1333 1610 1362 nimis

869 1381 990 1406 sanctas
1004 1373 1144 1423 nuptias]
1166 1375 1211 1405 Et
1224 1375 1313 1405 nimis
1333 1379 1454 1405 sanetas
1475 1373 1610 1406 ridicule

870 1419 1014 1450 additum
1030 1425 1081 1449 est
1098 1417 1131 1448 in
1148 1427 1185 1448 ea
1200 1417 1356 1455 ducenda,
1373 1427 1444 1458 quae
1461 1418 1529 1457 jam
1550 1427 1609 1458 pe·

870 1462 964 1503 perit.
1009 1462 1094 1492 Nam
1115 1466 1251 1492 sanctum
1266 1466 1324 1498 est,
1343 1460 1428 1501 quod
1449 1460 1537 1491 omni
1551 1461 1609 1491 ob-

871 1504 1052 1536 servatione
1073 1504 1261 1535 inviolatum
1284 1510 1342 1534 est.
1388 1503 1432 1535 Et
1454 1504 1535 1534 bene
1552 1503 1609 1534 ad-

871 1548 974 1579 ditum
1000 1554 1050 1579 est
1072 1550 1182 1578 nimis.-
1212 1547 1287 1587 quia
1309 1549 1433 1577 nimium
1455 1547 1610 1587 (nimirum

873 1589 928 1632 Z.)
942 1601 1002 1633 pro
1012 1590 1091 1621 vitio
1105 1590 1253 1631 ponitur:
1273 1592 1367 1630 Juxta
1378 1589 1466 1620 illam
1478 1596 1609 1620 senten-

871 1634 948 1665 tiam
971 1644 1034 1675 qua
1054 1633 1189 1664 dicitur:
1222 1634 1272 1664 Ne
1292 1635 1367 1674 quid
1387 1635 1485 1663 nimis.
1524 1633 1610 1664 D.—

874 1679 1022 1708 Occidunt
1044 1688 1088 1708 me
1117 1678 1245 1717 quidem,
1272 1678 1343 1706 dum
1372 1678 1460 1707 nimis
1488 1681 1610 1707 sanctas

870 1723 993 1760 nuptias
1013 1722 1134 1752 student
1150 1718 1273 1760 faeere]
1299 1719 1403 1750 Erant
1426 1730 1540 1756 mores,
1561 1719 1610 1750 uti

871 1774 943 1795 cum
961 1763 1082 1805 nuptiae
1096 1770 1277 1804 agerentur,
1300 1762 1491 1804 symphonia
1512 1773 1609 1793 cane-

872 1814 946 1838 rent
962 1807 1158 1847 (symphonioe
1173 1812 1358 1837 canerentur.
1378 1806 1442 1844 Z.).
1487 1806 1610 1837 Verum

869 1850 1056 1881 adolescens
1084 1849 1220 1891 cupidus
1254 1848 1440 1890 nuptiarum
1468 1848 1608 1897 festinat,

870 1900 903 1924 et
918 1893 1029 1924 volens
1043 1893 1160 1924 ducere
1173 1902 1316 1929 uxorem,
1329 1891 1506 1922 contemnit
1520 1891 1608 1923 illam

870 1936 1082 1978 religionem
1073 1946 1108 1967 ln
1123 1935 1246 1977 nuptiis
1260 1935 1336 1966 suis.
1375 1935 1415 1965 D.
1418 1934 1582 1965 —Male
1573 1945 1608 1966 m

872 1980 983 2011 Bemb.
1000 1986 1050 2011 est
1066 1981 1209 2020 equidem.
1255 1978 1338 2009 Nam
1359 1978 1502 2026 probatae
1518 1977 1608 2009 Lati·

871 2023 982 2054 nitatis
991 2022 1187 2064 temporibus
1200 2023 1335 2062 equidem
1346 2031 1411 2052 non
1420 2020 1484 2052 nisi
1495 2021 1610 2063 primm

869 2077 1015 2108 personae
1026 2067 1173 2106 junctum
1190 2073 1247 2096 est.
1280 2064 1317 2095 B.

914 2112 942 2140 2.
961 2110 1114 2146 Faernus,
1138 2118 1232 2149 quem
1262 2106 1406 2148 sequitur
1431 2106 1608 2146 Bentleius,

870 2153 949 2184 illud
965 2158 1057 2184 totum
1072 2151 1188 2183 omisit.
1221 2151 1257 2182 Z.

914 2198 943 2227 3.
974 2196 1056 2230 Quid
1078 2197 1191 2236 agitur,
1221 2195 1365 2225 AEschine
1376 2192 1410 2234 ?]
1436 2193 1512 2224 Jam
1536 2192 1608 2234 ipm

870 2239 989 2276 docuit,
1014 2240 1087 2280 quid
1101 2240 1150 2278 fit,
1173 2244 1206 2268 et
1229 2239 1303 2278 quid
1323 2238 1453 2277 agitur?
1480 2236 1607 2267 blandi·
1624 2252 1630 2260 ·

870 2290 1014 2314 mentum
1038 2292 1117 2312 esse.
1161 2282 1235 2312 Jam
1259 2290 1345 2311 nunc
1368 2279 1435 2310 haec
1458 2279 1518 2310 tria
1538 2278 1606 2320 pri-

870 2336 959 2357 mum
988 2325 1112 2356 addidit
1142 2322 1281 2364 (addidi)
1307 2330 1424 2365 praeter
1447 2329 1606 2354 naturam.

873 2371 899 2400 Ο
927 2374 1036 2406 noster,
1066 2370 1140 2409 quid
1169 2369 1300 2408 agitur?
1337 2367 1458 2397 Ehem!
1496 2365 1605 2407 pater]

870 2413 946 2443 Non
966 2412 1037 2443 sine
1057 2409 1316 2443 consternatione
1337 2407 1510 2450 respondet
1530 2408 1607 2440 Εε-

869 2455 1003 2486 chinus:
1043 2454 1103 2486 etsi
1133 2454 1185 2485 hic
1213 2452 1328 2484 blande
1358 2452 1544 2492 interrogat,
1574 2458 1608 2484 et

870 2498 939 2529 miti
965 2498 1072 2529 vultu:
1106 2507 1178 2528 nam
1202 2506 1243 2527 ex
1266 2495 1441 2544 improviso
1463 2495 1607 2535 objectus

872 2548 921 2572 est
952 2541 1083 2577 Demea,
1108 2547 1141 2571 et
1166 2537 1354 2585 insperanti.
1397 2537 1532 2569 D.—Tn
1556 2539 1608 2570 laio

871 2596 940 2616 eras
948 2584 982 2625 ²]
1000 2585 1039 2615 V.
1057 2585 1093 2615 C.
1115 2585 1189 2614 Tun’
1207 2585 1256 2613 hic
1269 2592 1358 2613 eras.
1354 2584 1367 2604 ²
1398 2581 1435 2612 L.

913 2629 943 2658 4.
964 2630 1045 2659 Tuus
1066 2628 1163 2658 hercle
1184 2637 1251 2657 vero
1276 2630 1306 2655 et
1327 2626 1426 2655 animo
1444 2629 1477 2655 et
1496 2629 1609 2657 natur·-

867 2670 974 2712 pater]
990 2671 1107 2701 Totum
1123 2668 1243 2710 eripuit
1259 2667 1404 2703 Micioni,
1416 2666 1469 2698 cui
1484 2677 1525 2698 ne
1535 2667 1608 2700 ani·-

871 2724 959 2746 mum
975 2713 1103 2754 quidem
1119 2711 1258 2752 reliquit.
1290 2711 1331 2741 D.
1333 2712 1488 2742 —Hercle
1499 2717 1608 2743 meet

871 2759 970 2787 animo
983 2762 1014 2787 et
1028 2761 1139 2786 natura
1150 2753 1256 2795 pater]
1272 2753 1379 2789 Quum
1393 2753 1501 2785 animo
1515 2761 1608 2796 pater

873 2799 975 2831 Micio
1004 2798 1181 2834 videbatur,
1211 2797 1267 2838 qui
1302 2796 1518 2838 adoptaverat,
1553 2797 1607 2830 bic

871 2850 1043 2883 utrumque
1063 2841 1125 2872 sibi
1146 2839 1331 2877 vindicavit,
1345 2845 1377 2871 et
1394 2841 1493 2872 anino
1504 2845 1537 2872 et
1546 2852 1608 2891 ,¹¹⁰—

95 2890 219 2921 Demea
260 2888 347 2920 inter
389 2898 423 2919 se
465 2886 617 2924 affabiles,
660 2886 834 2936 imaginem
876 2891 956 2917 tara.
988 2884 1026 2916 E.

94 2933 248 2973 praebent‚
265 2939 297 2963 et
312 2941 405 2972 quam
417 2930 520 2962 dulcis
534 2930 576 2962 sit
583 2929 764 2971 junioribus
779 2939 829 2960 aa·

95 2975 241 3013 tentatio,
258 2982 291 3006 et
306 2985 400 3016 quam
414 2974 538 3015 ingrata
554 2983 698 3005 censura.
737 2973 830 3003 ’ἰδιω-

918 2930 947 2959 5.
973 2928 1034 2963 Qus·
1055 2933 1085 2959 te
1105 2932 1188 2958 amat
1208 2928 1367 2968 plusquam
1388 2928 1472 2958 hom
1492 2925 1607 2968 oculos]

878 2971 983 3012 Magis
999 2971 1165 3008 comicum,
1182 2979 1276 3011 quam
1293 2981 1368 3002 ano.
1411 2971 1471 3001 Sed
1484 2982 1539 3002 eur
1552 2982 1610 3002 non
