1852 3216
430 135 513 174 DE
552 135 795 175 METRIS
829 136 1290 176 TERENTIANIS.
1322 189 1330 198 ⁸
1528 139 1626 179 lxvii

98 223 201 269 dunt,
219 221 565 274 apraecedentibus
582 223 709 274 legem
728 223 936 275 accipiunt.
993 223 1153 261 Scilicet
1178 231 1268 274 post
1298 224 1485 264 iambicos
1506 234 1624 265 tetra-

99 286 254 322 metros‚
275 275 337 314 vel
356 276 571 315 trochaicus
588 277 846 322 catalecticos,
867 278 916 315 ab
936 277 1065 315 iambo
1085 277 1297 329 incipiunt3
1327 286 1372 316 ut
1390 278 1455 317 illa
1473 279 1596 325 Accii,

423 339 483 374 An
499 339 586 375 haec
597 340 674 387 jam
691 339 794 375 obliti
810 341 894 375 sunt
910 339 1095 387 Phryges?

99 387 152 426 Et
171 387 248 426 illae
266 388 405 432 nostri,
582 438 585 439 ⁷
792 398 795 399 ’

237 449 422 485 Ρῐωεάεεε
437 462 496 485 me
511 452 616 485 ante?
644 451 763 486 nonne
778 451 876 496 prius
893 451 1197 487 communicatum
1213 451 1396 498 oportuit?

331 497 503 532 Miseram
519 508 589 540 me,
609 498 706 544 quod
722 498 872 534 verbum
888 498 1018 533 afidio?

236 542 276 578 M
281 544 373 579 {mus
388 550 552 579 nostrum
569 546 697 580 ornato
713 546 845 588 verbis,
863 545 960 592 quod
975 545 1131 592 putei-183
1159 551 1194 580 et
1210 545 1321 581 istum
1336 546 1517 582 aemulum

331 590 440 634 Quod
456 592 589 637 poteris
605 592 650 628 ab
666 604 708 627 ω
723 591 857 639 pellito.

100 650 160 688 Ita
178 664 331 711 semper
350 652 388 689 in
408 652 578 690 caeteris:
599 661 639 690 et
654 653 753 690 ratio
767 661 839 698 est,
849 652 955 704 quod
967 655 1104 691 διποδία
1115 655 1276 703 τροχαῖκὴ
1293 653 1404 704 quasi
1419 667 1497 692 uno
1512 667 1627 693 versu

99 714 358 749 cont1nuetur,

238 766 552 803 Communicatum
569 769 727 815 oportuit
743 783 750 804 :
779 769 946 804 miseram
960 781 1019 804 me
1036 769 1133 816 quod
1148 770 1299 806 verbum
1315 770 1445 806 audio?

101 826 215 866 Unde
243 829 282 866 in
309 828 505 867 trochaico
529 828 656 879 pleno,
677 843 756 880 quo
779 832 915 868 διποδία
942 839 1209 868 consummata
1234 839 1307 876 est,
1327 844 1350 868 a
1377 831 1550 870 trochaeo
1570 831 1628 870 in-

101 882 208 933 cipit,

239 933 346 969 Proin
362 939 404 969 tu
420 933 697 970 sollicitudiuem
714 935 820 969 istam
835 935 976 978 falsam,
995 947 1075 982 quae
1090 941 1126 970 te
1142 935 1334 978 excrfieiat,
1352 937 1486 973 mittas.

333 979 490 1023 Quicum
505 982 666 1027 loquitur
681 982 699 1016 f
703 980 808 1016 ilius?

238 1027 295 1062 'Et
310 1027 399 1063 illud
415 1040 477 1063 rus
492 1029 590 1064 nulla
606 1029 675 1063 alia
692 1040 797 1063 causa
811 1030 887 1064 tam
903 1029 995 1064 male
1011 1029 1083 1072 odi,
1101 1030 1171 1064 nisi
1186 1029 1271 1076 quia
1285 1042 1396 1076 prope
1412 1036 1486 1066 est:

332 1074 440 1119 Quod
457 1076 487 1110 si
502 1076 641 1111 abesset
655 1075 811 1122 longius.

100 1133 214 1173 Hanc
233 1135 306 1173 sibi
325 1135 451 1187 legem
478 1135 662 1179 fixerunt,
682 1135 942 1173 sancientibus
966 1149 1059 1174 aure
1077 1150 1122 1174 ac
1141 1136 1308 1187 rythmo,
1328 1137 1443 1188 primi
1461 1138 1554 1176 artis
1570 1138 1629 1176 in-

100 1198 304 1227 ventores:
336 1189 405 1227 sed
433 1189 472 1227 in
500 1189 571 1227 hac
591 1198 719 1226 tamen
738 1199 827 1227 ante
846 1203 916 1227 nos
936 1189 1125 1228 editiones
1149 1200 1324 1241 peccant.
1381 1191 1486 1229 Illud
1511 1205 1630 1243 porro

99 1243 333 1288 notandum;
364 1244 403 1281 in
433 1244 668 1281 tetrametris
698 1243 789 1281 solis
817 1243 923 1295 apud
947 1253 1134 1288 nostrum,
1155 1258 1352 1295 nunquam
1372 1245 1412 1283 in
1432 1246 1630 1292 trimetris,

100 1295 281 1335 clausulis
310 1297 439 1335 locum
469 1311 566 1335 esse.
626 1296 764 1348 Neque
793 1297 834 1334 id
859 1298 1129 1343 omittendum,
1149 1298 1219 1336 has
1247 1307 1285 1336 et
1313 1298 1481 1350 reliquas
1497 1313 1630 1338 omnes

99 1350 205 1400 apud
223 1360 399 1389 nostrum
426 1350 617 1389 clausulas
637 1351 677 1388 in
698 1351 840 1389 cretico
861 1352 1071 1397 terminari,
1092 1351 1214 1396 audio,
1238 1352 1388 1404 pellito,
1405 1353 1528 1403 filius,
1550 1353 1629 1392 lon-

97 1402 209 1454 gius,·
239 1418 317 1443 una
336 1413 486 1443 tantum
504 1413 680 1456 excepta,
702 1404 803 1442 Hec.
826 1418 862 1442 v.
883 1408 919 1443 1.
940 1419 1029 1455 quae
1049 1406 1087 1443 in
1108 1406 1326 1456 spondeum
1343 1407 1438 1452 exit,

155 1471 232 1504 Aut
247 1470 292 1503 ne
309 1467 396 1514 quid
411 1467 538 1502 faciam
555 1467 647 1512 plfis,
667 1466 764 1514 quod
781 1473 862 1513 post
878 1479 935 1502 me
951 1468 1071 1503 minus
1086 1468 1213 1503 fecisse
1229 1468 1341 1504 satius
1358 1470 1416 1505 sit.

241 1514 451 1562 Adgrediar.
494 1514 659 1555 Bacchis,
682 1515 791 1549 salve.

100 1577 149 1615 Id
169 1585 298 1615 tamen
322 1574 484 1626 judicio,
514 1586 589 1611 non
608 1586 713 1618 casu,
734 1587 757 1611 a
783 1583 899 1624 poeta
926 1574 1095 1612 factum:
1124 1575 1268 1627 quippe
1286 1584 1375 1627 post
1390 1576 1490 1615 hanc
1509 1577 1631 1616 solam

100 1645 152 1670 ex
169 1630 348 1669 omnibus
366 1626 577 1666 clausulam
596 1641 620 1665 a
638 1628 872 1666 tetrametris
891 1627 1016 1679 plenis
1035 1629 1075 1666 in
1089 1629 1336 1668 catalecticos
1351 1643 1466 1669 scena
1481 1632 1630 1678 transit,

101 1685 168 1736 qui
186 1683 359 1736 spondeo
378 1682 590 1727 finiuntur3

286 1745 403 1787 Salve,
421 1743 551 1779 Lache.
591 1743 731 1790 Edepol
747 1743 854 1780 credo
871 1750 907 1780 te
922 1755 998 1780 non
1012 1743 1067 1781 nil
1081 1745 1214 1789 mirari,
1228 1745 1392 1782 Bacchis.

215 1836 418 1880 Licentia
446 1835 722 1886 Terentiana,
744 1851 831 1891 qua
857 1836 1045 1891 deflectit
1065 1852 1094 1878 a
1118 1837 1292 1879 Groecis
1316 1838 1515 1880 Cornicis.

153 1916 217 1955 De
241 1916 398 1955 licentia
416 1922 593 1953 veterum
612 1913 889 1959 Romanorum,
910 1915 1147 1965 tragicorum
1168 1917 1493 1969 comicorumque,
1514 1918 1631 1969 paulo

101 1971 369 2010 inclementius
400 1968 574 2019 loquitur
606 1967 809 2014 Horatius,
842 1970 940 2006 Arte
972 1968 1084 2007 Poet.
1115 1973 1207 2008 255.
1258 1970 1466 2019 Iambicus,
1493 1972 1631 2024 inquit,

101 2039 236 2064 versus

239 2054 249 2071 ’
378 2074 1283 2167 'gazffffgsszafflzfflssssqxxgffictd1²:¹³0&

380 2134 605 2204 ciimmodus
621 2174 657 2203 et
673 2168 832 2214 patiens;
860 2180 935 2203 non
950 2175 991 2204 ut
1008 2168 1052 2204 de
1068 2135 1158 2205 sedi,
1167 2170 1323 2206 secunda

380 2215 532 2252 Cederet
548 2221 611 2250 aut
627 2215 966 2261 quartasocialiter:
993 2215 1052 2251 hic
1069 2222 1104 2251 et
1119 2217 1158 2251 in
1173 2217 1263 2253 Acci

380 2263 576 2298 Nobilibus
593 2263 764 2298 trimetris
779 2268 924 2308 apparet
940 2275 1054 2306 rarus,
1073 2269 1109 2298 et
1124 2263 1220 2299 Enni

380 2310 425 2345 ln
441 2322 585 2346 scenam
599 2310 730 2345 missus
747 2322 831 2345 cum
845 2321 977 2356 magno
993 2310 1150 2356 pondere
1165 2323 1302 2354 versus,

378 2358 455 2393 Aut
472 2368 589 2403 operae
605 2357 727 2392 celeris
742 2357 895 2392 nimium
912 2369 1067 2404 curaque
1082 2359 1247 2401 carentis,

380 2407 457 2440 Aut
474 2405 647 2450 ignoratae
661 2404 791 2449 premit
807 2405 892 2439 artis
903 2404 1050 2439 crimine
1067 2405 1175 2451 turpi.

380 2451 467 2487 Non
483 2451 600 2498 quivis
617 2451 715 2486 videt
730 2451 965 2486 immodulata
981 2458 1145 2497 poemata
1151 2452 1284 2499 judex:

379 2498 427 2534 Et
443 2498 527 2534 data
542 2497 715 2534 Romanis
730 2499 836 2533 venia
851 2506 904 2533 est
920 2498 1067 2545 indigna
1081 2500 1209 2545 poetis.

380 2545 567 2581 Idcircone
582 2557 703 2592 vager,
722 2546 944 2592 scribamque
959 2546 1131 2581 licenter?
1157 2552 1198 2581 ut
1215 2558 1339 2582 omnes

380 2592 532 2628 Visuros
547 2598 692 2638 peccata
706 2599 831 2638 putem
846 2604 938 2635 mm,
961 2599 1062 2628 tutus
1079 2599 1114 2628 et
1129 2594 1224 2628 intra

383 2638 408 2674 S
454 2652 492 2674 m
506 2640 620 2675 veniae
636 2643 784 2675 mutus?
812 2640 923 2675 vitavi
939 2640 1091 2686 denique
1107 2641 1265 2686 culpam,

422 2698 471 2722 on
484 2686 628 2722 laudem
642 2687 768 2722 merui.
807 2686 884 2722 Vos
900 2688 1112 2733 exemplaria
1128 2686 1254 2723 Graeca

383 2732 572 2769 Nocturna
586 2739 724 2769 versate
738 2746 862 2776 manu,
879 2740 1017 2770 versate
1032 2733 1172 2769 diurna.

383 2781 435 2815 At
449 2780 559 2815 vestri
573 2781 697 2827 proavi
712 2781 897 2816 Plautinos
913 2788 949 2816 et
965 2792 1134 2816 numeros
1150 2786 1186 2816 et

383 2826 587 2862 Laudavere
602 2828 712 2863 sales:
739 2828 891 2864 nimium
906 2828 1081 2874 patienter
1095 2833 1305 2874 utrumque,

385 2873 441 2908 Ne
457 2873 585 2916 dicam,
603 2875 711 2910 stulte
726 2875 866 2917 mirati;
893 2876 923 2910 si
938 2874 1048 2910 modo
1064 2886 1132 2921 ego
1148 2880 1184 2910 et
1198 2886 1265 2911 vos

384 2919 525 2956 Scimus
539 2921 755 2957 inurbanum
766 2922 887 2968 lepido
902 2932 1073 2967 seponere
1088 2921 1200 2964 dicto,

383 2967 671 3015 Legitimumque
686 2980 815 3006 sonum
833 2969 954 3016 digitis
971 2969 1140 3006 callemus
1154 2975 1191 3005 et
1206 2981 1304 3006 aure.
