1852 3216
106 202 247 231 semu
269 202 316 231 11.
320 188 338 243 ]

674 185 1088 230 EUNUCHUS.

1565 192 1645 233 147

189 276 352 319 Saltem
371 283 420 318 ut
440 276 653 318 concedas
674 276 828 319 solum.
876 275 962 318 Ριι.
986 274 1209 330 Siquidem
1230 275 1432 353 biduum·

187 341 353 383 Verum
373 356 426 383 ne
444 341 551 382 fiant
570 342 642 383 isti
660 341 811 396 viginti
831 340 937 382 dies.

186 405 278 448 ΤΗ.
303 405 507 448 Profecto
528 420 615 447 non
633 405 732 461 plus
752 405 948 454 biduum,
970 411 1059 446 aut.
1102 403 1188 446 Pu.
1203 403 1328 447 Aut?
1359 404 1466 447 nihil
1485 420 1641 448 moror.

104 479 164 509 105
187 470 277 512 ΤΗ.
301 470 406 512 Νοιι
426 470 526 512 fiet:
558 469 643 512 hoc
662 470 792 512 modo
812 470 902 511 sine
923 477 967 511 te
987 483 1176 511 exorem.
1237 469 1325 512 Pu.
1348 469 1537 520 Scilicet,

186 535 510 577 Faciundum’st
521 535 641 590 quod
653 535 731 576 vis.
774 534 866 576 ΤΗ.
886 533 1049 576 Merito
1061 549 1157 576 amo
1174 541 1232 576 te.
1275 533 1362 577 ΡΗ.
1377 534 1500 576 Bene
1521 534 1641 576 facis.

187 599 286 641 Rus
308 600 403 641 ibo:
435 600 495 641 ibi
514 599 599 641 hoc
618 614 686 641 me
705 600 933 641 macerabo
949 599 1153 640 biduum:

187 664 255 706 Ita
277 664 419 706 facere
440 665 683 706 certum’st:
715 679 806 705 mos
827 663 1080 719 gerundu’st
1098 662 1274 705 Thaidi.

186 729 275 780 Tu,
299 730 528 779 Parmeno,
550 729 636 771 huc
655 728 722 770 fac
743 728 803 770 illi
822 728 1109 770 adducantur.
1162 727 1277 769 Pin.
1301 727 1525 770 Maxume.

103 803 164 833 110
188 793 273 835 Pu.
298 794 351 835 In
369 794 453 836 hoc
473 794 667 843 biduum,
690 793 844 843 Thais,
865 791 974 834 vale.

187 859 249 900 Et
271 866 343 900 tu:
376 859 584 913 numquid
604 858 666 899 vis
687 857 832 899 aliud?

1026 792 1117 833 ΤΗ.
1141 791 1210 833 Mi
1231 792 1450 842 Phaedria,

884 856 971 898 PH.
995 856 1152 911 Egone
1172 857 1278 911 quid
1299 856 1453 899 velim?

188 924 299 966 Cum
317 923 448 965 milite
469 923 552 964 isto
572 937 780 978 praesens,
801 922 960 963 absens
978 928 1027 962 ut
1047 922 1155 962 sies:

186 988 297 1030 Dies
318 995 553 1042 noctesque
572 1001 641 1028 me
662 1001 802 1027 ames:
833 1000 902 1027 me
923 985 1169 1026 desideres:

185 1053 264 1094 Me
286 1052 495 1094 somnies:
526 1066 593 1093 me
615 1058 867 1106 exspectes:

103 1126 164 1156 115
186 1117 263 1159 Me
286 1131 459 1172 speres:
491 1131 559 1158 me
581 1123 624 1158 te
645 1115 862 1158 oblectes:

141 1241 213 1271 102.
237 1241 351 1272 Saltem
365 1245 400 1270 ut
419 1241 564 1271 concedas
581 1238 693 1279 solum]
719 1240 846 1281 Argute

95 1283 242 1314 additum
258 1284 364 1313 saltem
380 1289 413 1313 et
433 1284 536 1314 solum.
574 1282 619 1313 Et
633 1283 726 1319 bene,
742 1293 846 1314 conce-

96 1327 162 1362 das,
179 1332 216 1356 ut
231 1324 407 1356 voluntatis
426 1325 485 1356 sit:
511 1325 558 1356 sic
582 1324 669 1356 enim
686 1324 770 1356 dixit
790 1335 844 1356 su-

95 1379 166 1410 pra,
182 1370 254 1399 Sine
270 1369 356 1398 illum
376 1370 493 1407 priores
512 1373 618 1407 partes
632 1369 717 1398 hosce
730 1369 847 1408 aliquot

95 1413 162 1442 dies
176 1412 260 1450 apud
274 1422 319 1441 me
331 1412 465 1441 obtinere
482 1410 539 1449 (ex
558 1409 714 1441 memoria
734 1409 847 1441 lauda-

96 1453 145 1484 vit
159 1463 289 1484 versum
306 1453 356 1485 71.
380 1452 461 1494 lege,
478 1453 614 1492 habere).
654 1453 697 1483 D.

143 1497 214 1526 103.
243 1497 352 1526 Verum
379 1507 415 1526 ne
434 1497 515 1534 fiant
543 1497 597 1526 isti
623 1497 734 1535 viginti
763 1494 846 1536 dies]

99 1539 218 1570 Facete
232 1538 366 1569 biduum
383 1537 587 1579 decuplavit:
611 1544 644 1568 et
658 1537 756 1568 simul
772 1537 848 1578 quia

93 1591 135 1612 ex
159 1581 272 1612 eadem
298 1580 424 1611 ratione
450 1587 528 1611 suut
554 1579 680 1621 viginti,
710 1590 752 1611 ex
782 1590 845 1620 qua

91 1623 177 1660 dno:
202 1629 236 1654 et
251 1633 292 1654 ex
308 1633 371 1663 qua
387 1622 513 1664 viginti,
530 1622 673 1660 ducenti,
690 1622 754 1654 duo
769 1622 843 1654 mil-

92 1666 146 1703 lia,
164 1672 197 1697 et
211 1665 258 1697 sic
273 1665 437 1707 deinceps.
477 1665 518 1696 D.

139 1710 210 1739 104.
220 1708 360 1749 Prqfecto
372 1710 505 1748 nonplus
518 1710 650 1745 biduum,
661 1707 733 1749 aut]
750 1709 843 1739 Ἀπο-

94 1751 249 1788 σιύπησις
262 1750 413 1782 secunda.
458 1751 500 1781 D.

140 1795 211 1824 105.
237 1794 314 1830 Hoc,
340 1795 423 1824 modo
447 1796 511 1824 sine
536 1798 566 1824 te
589 1792 723 1833 exorem]
753 1793 848 1824 Nove

94 1846 192 1874 nunc,
219 1846 285 1867 non
309 1837 346 1867 de
376 1841 405 1866 te
431 1847 557 1873 exorem,
586 1836 645 1867 sed
668 1841 697 1866 te
721 1847 847 1867 exorem.

94 1881 163 1910 Hoc
178 1878 333 1910 absolute.
373 1878 414 1909 D.

142 1922 213 1952 106.
231 1923 420 1952 Faciundum
435 1926 482 1952 est
497 1922 576 1961 quod
589 1920 652 1961 vis]
677 1920 754 1951 Non
770 1923 850 1961 quod

94 1969 220 2004 oportet,
237 1964 295 1994 sed
310 1966 390 2003 quod
408 1966 453 1994 vis
467 1963 614 2000 dicendo,
630 1963 767 1994 multum
789 1963 845 1994 ad-

96 2006 180 2038 didit
195 2006 350 2046 obsequio
365 2016 433 2037 suo.
472 2008 586 2037 Merito
600 2017 667 2036 amo
682 2005 729 2046 te]
756 2005 847 2037 Bene

95 2049 215 2081 amoris
230 2049 428 2080 mentionem
451 2050 492 2080 ad
515 2048 723 2080 auferendam
737 2048 844 2090 suspi-

95 2092 222 2123 cionem
247 2098 430 2123 contemtus
450 2091 608 2122 Phaedriae
630 2091 715 2122 fecit.
761 2093 845 2123 Bene

87 2133 191 2175 sacis]
223 2135 263 2165 In
287 2134 555 2166 consuetudinem
572 2134 681 2165 venit:
708 2133 844 2174 benefa-

96 2180 149 2215 cit,
166 2184 199 2208 et
211 2176 407 2217 benefecisti,
420 2187 485 2208 non
497 2177 674 2217 judicantis
691 2186 771 2214 esse,
788 2177 845 2207 sed

95 2220 216 2260 gratias
231 2220 365 2261 agentis.
394 2220 591 2251 D.-—Verba
604 2221 674 2250 bene
681 2218 767 2260 facis
782 2219 846 2261 ipsi

96 2262 214 2294 Thaidi
242 2273 312 2294 esse
346 2262 527 2300 tribuenda,
554 2268 673 2304 praeter
709 2262 779 2293 cod.
803 2263 843 2292 G.

98 2305 248 2342 Fabricii,
265 2305 329 2336 duo
352 2316 369 2337 e
392 2305 511 2337 nostris
536 2304 701 2336 veterrimi
725 2304 843 2336 confir-

97 2354 197 2379 mant.
237 2348 274 2379 B.

142 2391 213 2423 107.
230 2392 295 2422 Rus
321 2390 387 2440 ibo]
413 2391 458 2422 Et
480 2391 541 2422 hoc
567 2390 760 2422 amatorium
785 2396 844 2427 est,

97 2432 203 2464 odisse
226 2434 339 2464 urbem
360 2434 431 2465 sine
451 2434 564 2465 amica.
603 2434 673 2464 Nec
692 2433 785 2471 dixit,
803 2435 847 2464 ibi

98 2486 170 2506 ero.-
207 2475 274 2513 sed,
298 2478 343 2507 ibi
365 2478 418 2507 hoc
448 2488 494 2507 me
519 2478 678 2507 macerabo
705 2475 845 2516 biduum]

99 2517 384 2552 Pronunciandum
400 2526 450 2550 est
467 2521 598 2557 biduum,
615 2529 651 2550 ac
666 2519 694 2550 si
711 2519 847 2550 dixisset

99 2559 241 2591 biennio.
279 2560 321 2591 D.

146 2603 217 2632 108.
242 2603 292 2635 Ita
304 2601 412 2643 facere
426 2609 539 2635 certum
554 2603 617 2644 est]
642 2604 695 2635 Ex
716 2604 769 2635 his
789 2614 846 2645 ap-

99 2651 193 2693 paret
208 2645 325 2681 verbis,
340 2655 435 2685 quam
457 2646 519 2677 sibi
540 2653 666 2678 amator
678 2647 740 2678 hoe
762 2657 848 2688 aegre

99 2687 248 2728 imperet.
276 2688 346 2718 Hos
363 2690 520 2728 gerundus
541 2694 587 2720 est
604 2689 735 2730 Thaidi]
763 2690 848 2721 Cum

99 2729 370 2771 pronunciatione
403 2736 437 2761 et
464 2737 577 2771 gestu.
613 2738 651 2763 ut
688 2732 847 2770 ostendat,

100 2782 173 2812 quae
188 2772 238 2846 vg
260 2772 379 2803 amoris
398 2772 451 2810 sit,
467 2779 505 2804 ut
524 2773 642 2804 Thaidi
663 2784 733 2805 mos
754 2785 847 2815 gera-

101 2821 164 2846 tur.
238 2838 246 2845 .

146 2858 216 2888 109.
231 2856 368 2898 Hucfac
380 2859 428 2887 illi
442 2857 652 2899 adducantur]
670 2858 848 2891 Eunuchus

102 2906 135 2930 et
156 2900 274 2931 ancilla
291 2900 427 2941 figurate
443 2902 514 2931 illi.-
537 2900 594 2932 sed
616 2901 771 2942 praevalet
790 2912 848 2943 ge-

102 2952 164 2973 nus
189 2942 412 2974 masculinum.
437 2945 649 2980 Adducautur,
665 2953 725 2985 pro
746 2944 848 2976 addu-

102 2983 167 3016 cito
182 2995 246 3017 eos.
272 2985 314 3016 Bt
330 2986 412 3017 bene
428 2986 587 3026 adjectum
604 2993 664 3024 est,
681 2997 722 3018 ne
742 2986 851 3020 dilatis

900 1050 955 1093 de
976 1063 1043 1092 me
1064 1050 1252 1104 cogites:

893 1128 1061 1156 mecum
1079 1121 1171 1155 tota
1193 1114 1274 1155 sis:

890 1239 931 1270 ob
953 1239 1171 1271 retentionem
1195 1238 1386 1270 muneribus
1402 1239 1500 1280 (lego,
1516 1246 1572 1271 aut
1592 1252 1642 1272 re-

890 1285 982 1313 tentis
1010 1281 1211 1320 muneribus),
1241 1292 1308 1313 non
1338 1283 1529 1323 procederet
1552 1291 1643 1314 actus

890 1324 1026 1361 fabulae3
1050 1330 1083 1356 et
1105 1324 1202 1355 simul
1225 1324 1300 1364 quia
1321 1324 1469 1356 absentia
1485 1325 1644 1357 Phaedria·

890 1378 972 1408 opus
997 1373 1056 1405 est,
1075 1367 1153 1398 dum
1179 1376 1239 1408 per
1264 1367 1433 1398 Chaeream
1457 1367 1644 1399 ludificatur

891 1409 1055 1441 meretrix.
1094 1410 1136 1440 D.

938 1453 1007 1483 110.
1034 1454 1070 1483 ln
1085 1454 1138 1483 hoc
1155 1453 1287 1488 biduum,
1307 1453 1413 1489 Thais,
1429 1452 1512 1493 vale]
1546 1453 1644 1484 Nunc

890 1497 956 1526 vale
980 1495 1164 1526 abscessum
1188 1494 1360 1536 significat,
1386 1505 1451 1526 non
1475 1495 1642 1527 salutatio-

891 1548 983 1568 nem:
1009 1548 1084 1568 nam
1110 1537 1138 1568 si
1164 1547 1254 1568 mera
1280 1537 1431 1569 salutatio
1458 1544 1517 1576 est,
1543 1538 1643 1570 biduo

888 1580 993 1611 solum
1006 1580 1143 1611 amicam
1159 1579 1267 1610 valere
1282 1586 1382 1621 optat.
1413 1580 1478 1611 Sed
1493 1581 1642 1622 praescri-

887 1623 965 1654 bere
988 1630 1133 1660 conatur,
1158 1629 1279 1663 quanto
1301 1629 1447 1664 tempore
1474 1623 1644 1655 abfuturus

888 1665 949 1697 sit:
974 1672 1007 1696 et
1029 1665 1126 1696 simul
1148 1665 1300 1702 ostendit,
1322 1675 1418 1705 quam
1438 1665 1561 1698 invitus
1585 1667 1642 1697 ab·

888 1708 1006 1739 scedat.
1031 1709 1070 1739 In
1084 1710 1138 1739 hoc
1154 1709 1286 1745 biduum,
1306 1709 1411 1746 Thais,
1428 1707 1511 1750 vale]
1534 1709 1642 1740 Accu-

892 1751 996 1782 sativo
1012 1757 1107 1782 utens
1129 1761 1206 1782 casu
1229 1751 1391 1792 expressit
1411 1750 1565 1782 amatoris
1579 1751 1642 1783 im-

891 1794 1103 1834 patientiam:
1136 1795 1259 1824 biduum
1286 1793 1407 1830 dicens,
1443 1793 1644 1835 praescripsit

892 1836 933 1867 de
949 1842 1104 1877 tempore.
1129 1836 1175 1868 Et
1196 1838 1272 1872 vale,
1288 1837 1444 1875 majorem
1460 1836 1526 1867 vim
1544 1836 1644 1868 habet

892 1888 934 1909 ex
954 1878 1065 1909 dolore
1085 1877 1291 1915 discedentis,
1308 1888 1404 1918 quam
1420 1878 1574 1919 obsequio
1589 1889 1641 1910 sa-

891 1920 1034 1952 lutantis.
1074 1921 1116 1951 D.

936 1964 1006 1994 111.
1030 1965 1075 1994 Et
1097 1968 1151 1993 tu:
1174 1965 1324 2003 numquid
1342 1966 1387 1996 vis
1409 1963 1538 2004 alium]
1567 1966 1642 1997 Vale

890 2005 1148 2036 subaudiendum
1164 2005 1399 2038 salutatorium.
1424 2006 1468 2038 Et
1482 2006 1640 2038 subintel-

888 2048 1054 2089 ligendum
1078 2055 1126 2079 est
1150 2054 1225 2091 post
1244 2048 1390 2083 osculum
1405 2048 1480 2085 dici,
1495 2052 1643 2091 numquid

889 2093 934 2122 vis
949 2093 1061 2121 aliud?
1084 2091 1175 2131 quasi
1190 2098 1278 2121 recte
1291 2091 1421 2122 factum.
1458 2092 1500 2122 D.

935 2135 1006 2164 112.
1033 2135 1107 2165 Cum
1127 2135 1222 2167 milite
1244 2133 1320 2174 isto]
1352 2135 1416 2167 Isto.
1439 2134 1524 2165 bene
1547 2134 1639 2166 addi-

890 2182 969 2214 tum,
986 2176 1077 2217 quasi
1089 2176 1210 2213 odioso,
1226 2183 1264 2207 ut
1275 2176 1362 2213 alibi,
1376 2178 1447 2207 Jam
1461 2187 1530 2208 vero
1543 2179 1640 2215 mitte,

890 2221 1013 2256 Demea,
1038 2224 1120 2250 tuam
1142 2222 1232 2250 istam
1248 2221 1449 2250 iracundiam.
1487 2219 1532 2251 Et
1547 2219 1639 2260 Virg-

890 2261 967 2292 AEn.
989 2262 1033 2293 ix.
1058 2262 1109 2296 94.
1140 2267 1195 2292 aut
1218 2263 1294 2302 qaid
1316 2263 1398 2301 petis
1423 2263 1518 2292 istis?
1558 2261 1640 2293 Haec

889 2304 977 2336 enim
993 2304 1186 2352 pronomina
1204 2303 1388 2345 spernentis
1410 2310 1496 2341 sunt,
1512 2304 1640 2336 odium-

890 2357 952 2387 que
968 2347 1188 2378 monstrantis.
1219 2348 1369 2385 Praesens,
1385 2345 1510 2387 absens]
1535 2346 1640 2379 Kand-

890 2389 997 2429 ζηλον.
1034 2390 1077 2421 D.

936 2434 1007 2463 113.
1030 2434 1084 2464 Me
1099 2431 1268 2473 desideres]
1291 2432 1442 2472 Αὔξηα-ιςε
1468 2432 1544 2473 quia
1566 2432 1642 2474 plus

891 2483 940 2506 est
963 2486 1072 2507 amore
1095 2475 1302 2506 desiderium.
1340 2475 1559 2506 D.-Mutato
1588 2485 1641 2507 or·

891 2519 977 2555 dine,
995 2518 1121 2549 numeri
1146 2517 1297 2549 meliores
1321 2517 1413 2554 fiunt,
1430 2519 1544 2549 Noctes
1558 2519 1639 2550 dies-

890 2573 957 2602 que,
972 2567 1053 2592 utv.
1073 2562 1102 2592 9.
1118 2562 1170 2592 49.
1195 2560 1298 2591 Andr.
1315 2560 1357 2591 iv.
1374 2561 1401 2591 1.
1417 2561 1468 2590 53.
1502 2560 1541 2591 Β.

938 2605 1008 2635 114.
1025 2605 1079 2635 Me
1093 2605 1239 2635 somnies.
1254 2614 1298 2634 me
1314 2601 1482 2643 exspectes]
1505 2603 1641 2635 'trava-

892 2647 974 2686 φορὰ
988 2646 1103 2688 prima.
1129 2646 1211 2677 Cum
1228 2655 1336 2676 amare
1351 2652 1385 2676 et
1399 2645 1583 2677 desiderare
1597 2646 1642 2678 nit

892 2689 1068 2720 voluntatis
1089 2695 1186 2729 atque
1208 2687 1386 2718 etiamnum
1406 2687 1551 2728 obsequii
1574 2687 1640 2728 (oo-

893 2734 1031 2769 lantatis,
1048 2737 1139 2772 aeque
1160 2733 1256 2761 animi
1277 2735 1308 2761 et
1322 2731 1465 2771 obsequii.
1489 2730 1555 2762 Ma.
1571 2731 1638 2762 Bo-

892 2775 964 2806 end.
979 2781 1012 2805 et
1034 2774 1083 2805 ed.
1103 2774 1158 2804 Du
1177 2772 1253 2812 B.:)
1276 2775 1435 2811 somniare,
1449 2773 1529 2805 sam
1550 2783 1638 2805 ama-

892 2816 974 2848 torie
990 2817 1111 2848 dictum
1128 2822 1186 2846 est.
1224 2815 1265 2846 D.

938 2861 1008 2891 115.
1025 2861 1079 2890 Me
1092 2857 1211 2898 speres]
1235 2858 1385 2895 eunt-e
1398 2864 1560 2899 exspectes,
1570 2860 1639 2899 jam

892 2902 1037 2937 dixerit:
1069 2901 1147 2942 quid
1175 2899 1236 2932 sibi
1265 2900 1335 2932 vult
1363 2900 1482 2932 iterum
1506 2913 1551 2932 me
1571 2913 1639 2941 spe-

893 2948 967 2976 res?
1000 2945 1091 2975 inter
1114 2954 1206 2985 spem
1227 2949 1259 2974 et
1282 2944 1557 2986 exspectationem
1579 2944 1640 2975 hoc

894 2988 1049 3019 interest:
1074 2986 1149 3028 quia
1170 2988 1362 3026 exspectatio,
1383 2993 1544 3019 certorum
1572 2994 1639 3022 est;
