1852 3216
242 138 286 178 lx
788 137 871 178 DE
899 136 1224 178 THEATRO.

238 233 403 278 ponunt,
421 226 490 278 qui
510 234 589 265 tres
605 225 803 265 continent
820 224 943 265 modos
963 226 1100 265 cantici
1120 224 1236 264 illius·
1293 223 1374 268 Qui
1391 222 1613 276 hujusmodi
1633 222 1771 262 modos

239 277 445 327 faciebant.
473 292 615 319 nomen
642 279 683 319 in
743 279 906 332 rincipio
932 278 1076 319 sabulae
1103 289 1144 319 et
1172 277 1372 331 scriptoris
1399 287 1439 317 et
1466 277 1607 317 actoris
1634 290 1771 328 super·

238 333 451 386 ponebant.
506 293 746 386 Hujusmodl
774 333 873 373 adeo
890 334 1062 373 carmina
1087 332 1137 372 ad
1157 332 1271 372 tibias
1290 331 1447 382 flebnt,
1467 341 1511 370 ut
1533 331 1594 370 his
1612 330 1769 376 auditis,

240 385 355 429 multi
373 400 425 427 ex
452 386 599 440 populo
625 396 715 427 ante
742 386 947 434 discerent,
966 400 1082 438 quarn
1108 386 1279 425 fabulam
1306 386 1429 425 acturi
1457 385 1600 424 scenici
1627 394 1769 430 essent,

241 454 360 494 quam
389 441 547 481 omnino
575 442 858 493 spectatoribus
891 441 983 493 ipsis
1013 439 1243 480 antecedens
1274 439 1409 478 titulus
1437 439 1769 490 pronunciaretur.

241 495 446 548 Agebatur
461 505 591 534 autem
611 494 713 534 tibiis
729 495 899 547 paribus.
916 503 984 534 aut
1003 495 1214 546 imparibus
1230 510 1239 539 3
1270 504 1309 531 et
1328 493 1490 537 dextris,
1505 502 1573 532 aut
1592 493 1771 531 sinistris.

240 548 408 589 Dextra·
425 559 555 589 autem
575 549 682 589 tibiae
700 563 769 588 sua
787 549 976 600 gravitate
995 549 1134 587 seriam
1149 547 1353 586 comoediae
1372 546 1581 602 dictionem
1601 559 1771 598 pronun-

242 602 410 643 ciabant.
467 602 647 642 Sinieerae
677 612 717 642 et
746 615 913 641 serranae
943 602 1129 641 acuminis
1162 601 1319 640 lenitate
1345 600 1479 652 jocum
1513 600 1552 638 in
1582 599 1774 639 comoedia

242 656 513 696 ostendebant.
572 655 651 696 Ubi
669 665 798 695 autem
817 655 968 702 dextra,
988 665 1029 694 et
1049 656 1204 694 sinistra
1222 664 1309 693 acta
1326 653 1458 693 sabula
1477 654 1772 701 inscribebatur,

240 710 388 750 mistim
409 709 491 763 joci
511 719 551 750 et
578 710 789 762 gravitates
817 709 1162 748 denunciabantur.
1219 707 1334 747 Minui
1353 717 1420 747 aut
1439 707 1548 753 ludii,
1568 707 1662 747 dum
1680 721 1772 759 age-

241 765 348 811 bant,
367 765 617 803 assumebant
635 764 751 816 capiti
771 776 967 815 personas,
986 763 1060 802 hoc
1078 772 1150 809 est,
1171 762 1356 802 confictas
1374 762 1565 801 variarum
1586 775 1771 813 persona-

242 831 331 857 rum
358 818 503 857 facies:
532 817 595 856 vel
622 816 785 856 reticulo
813 817 933 856 denso
962 817 1079 856 facies
1107 816 1354 862 obvelabant,
1382 830 1430 855 ne
1457 824 1773 868 agnoscerentur.

243 871 307 911 Ita
324 871 442 911 etiam
461 871 627 911 instituti
646 880 758 910 erant
774 870 997 923 hujusmodi
1017 871 1235 916 histriones,
1255 880 1321 909 aut
1340 870 1460 916 mimi,
1480 878 1524 909 ut
1542 879 1583 908 et
1601 869 1774 922 corporis

242 934 375 965 motus
403 925 584 965 decentes
604 925 798 965 facerent:
827 925 994 976 denique
1013 926 1129 964 etiam
1150 933 1286 964 cantus
1312 937 1357 963 ac
1382 923 1619 976 prolationes
1637 936 1773 962 secun-

243 978 339 1019 dum
357 978 492 1019 modos
511 979 639 1019 edocti
659 989 779 1026 erant,
799 993 887 1031 quae
915 980 1057 1018 mirum
1081 979 1120 1017 in
1148 978 1307 1018 modurn
1335 977 1523 1030 populum
1541 977 1774 1017 afficiebant.

244 1032 302 1073 Hi
321 1033 436 1084 simul
455 1034 579 1073 coacti
598 1033 636 1072 in
653 1047 809 1085 quoque
828 1046 981 1085 genere,
999 1042 1067 1072 aut
1085 1041 1295 1078 cantantes,
1315 1042 1383 1071 aut
1399 1031 1584 1071 saltantes
1602 1030 1775 1083 appella·

242 1087 386 1126 bantur
416 1086 570 1127 chorus:
612 1087 727 1126 divisi
759 1087 799 1126 in
837 1087 933 1126 duas
965 1096 1107 1139 partes,
1136 1086 1364 1132 semiclaoria,
1392 1086 1432 1125 in
1459 1086 1609 1125 actione
1645 1094 1776 1125 autem

242 1140 466 1188 comoedioe,
485 1155 621 1180 eorum
640 1140 759 1193 aliqui
777 1141 921 1193 primas
940 1150 1082 1194 partes,
1102 1140 1167 1180 alii
1184 1140 1373 1179 secundas
1390 1149 1520 1179 tenere
1535 1139 1776 1185 dicebantur,

242 1208 316 1257 pro
334 1195 452 1234 variis
471 1204 628 1235 actuum
647 1196 886 1245 rationibus:
915 1209 1050 1234 eorum
1069 1196 1171 1234 enim
1190 1194 1255 1234 alii
1275 1193 1479 1247 prologum
1498 1194 1690 1239 dicebant,
1710 1193 1777 1232 alii

242 1262 283 1288 in
311 1249 484 1297 nuncios,
513 1249 793 1301 exploratores,
813 1249 1007 1295 custodes,
1037 1263 1184 1294 servos,
1212 1249 1364 1294 heroas,
1384 1247 1491 1294 deos,
1517 1262 1641 1293 senes,
1666 1261 1771 1287 ama-

242 1311 359 1350 tores,
378 1303 602 1343 meretrices
625 1303 910 1350 dividebantur,
930 1317 1192 1356 personasque
1221 1304 1260 1342 in
1284 1302 1486 1343 orchestra
1511 1302 1775 1348 assumebant,

242 1369 317 1410 pro
334 1370 405 1396 sua
422 1357 575 1397 actione
594 1370 639 1396 ac
657 1357 764 1397 ludo.

537 1442 796 1500 Apparatus
816 1442 967 1486 Seenae
987 1443 1032 1486 s‘n
1061 1443 1176 1486 Vae-is
1193 1449 1236 1486 et
1261 1442 1478 1485 Theatris.

297 1511 573 1565 Apparabatur
601 1525 716 1551 scena
743 1512 848 1564 apud
875 1513 1055 1564 antiquos
1076 1512 1237 1551 Graecos
1258 1512 1295 1551 in
1313 1512 1430 1563 agris,
1450 1525 1569 1551 verno
1589 1520 1775 1563 tempore,

244 1579 335 1605 cum
359 1565 535 1605 aedificiis
553 1575 593 1604 et
617 1566 921 1605 habitationibus
941 1566 1170 1619 triplicibus,
1188 1566 1387 1605 instructis
1406 1565 1653 1610 culminibus,
1674 1566 1776 1617 peri·

242 1620 480 1672 petasmatis,
510 1620 720 1672 tapetibus,
750 1619 956 1672 linteisque
989 1620 1176 1659 candidis.
1233 1619 1392 1659 Additae
1424 1629 1561 1672 postea
1591 1631 1776 1658 sonantes

244 1673 392 1726 pelves,
422 1674 609 1726 ignesque
637 1674 814 1714 manibus
841 1674 1021 1713 excussi:
1050 1688 1227 1714 cavernae
1255 1687 1412 1726 quoque
1440 1675 1703 1713 subterraneae
1731 1687 1777 1712 ac

243 1727 354 1780 putei
390 1727 732 1780 contingebantur:
778 1727 912 1780 figuris
946 1729 1075 1774 maris,
1109 1728 1257 1774 tartari,
1294 1727 1513 1773 fulminum,
1551 1728 1779 1772 tonitruum,

242 1781 381 1828 noctis,
402 1781 505 1827 coeli,
531 1781 621 1828 diei,
651 1782 858 1834 regiarum,
883 1782 1167 1834 praetoriorum,
1193 1783 1369 1834 ingentes
1397 1781 1508 1826 aulae,
1535 1781 1701 1821 fornices
1728 1781 1780 1820 ad

244 1834 396 1875 viarum
414 1835 719 1876 similitudinem.
759 1836 878 1888 Apud
899 1835 1095 1875 Romanos
1109 1835 1238 1875 aula-»a
1257 1836 1297 1875 in
1316 1849 1431 1875 scena
1446 1836 1614 1888 primum
1629 1845 1778 1875 sterne-

244 1889 387 1928 bantur
416 1903 536 1942 qunm
568 1889 738 1942 primum
765 1890 893 1942 pictus
922 1889 988 1929 ille
1014 1899 1174 1929 ornatus
1201 1903 1253 1929 ex
1282 1889 1454 1929 Attalica
1480 1890 1586 1941 regia
1614 1889 1780 1929 Romam

243 1942 537 2044 ffilssfflssssz,
546 1943 607 2037 '1:2¹
609 1944 747 2037 ζέω
748 1957 824 2037 ‘23¹⁶
844 1943 1244 2038 ἰῗῇἰῖἓῗςὲἴὲἒῗέῗ
1263 1944 1780 2037 Ψέηἳωῗὲἑὶἒῗίιὶῗζ

246 2050 440 2092 minutum
459 2051 565 2104 quod
583 2051 730 2104 populo
748 2011 963 2091 obffitebat
982 2052 1022 2091 in
1038 2065 1166 2098 scena,
1185 2052 1279 2092 dum
1297 2062 1408 2091 actus
1426 2012 1777 2091 gommutabantur.

246 2103 295 2144 In
322 2104 414 2144 vicis
440 2106 473 2144 si
501 2105 619 2145 fiebat
646 2119 776 2152 scena,
796 2106 1002 2146 arboribus
1030 2107 1068 2145 in
1095 2120 1138 2146 se
1157 2106 1389 2147 cubantibus
1415 2119 1461 2146 ae
1487 2105 1645 2145 reflexis
1673 2119 1778 2144 corn·

246 2159 491 2211 ponebatur:
528 2160 638 2211 quasi
673 2169 941 2200 concamerata
973 2160 1151 2212 quaedam
1189 2160 1377 2207 densatio,
1414 2169 1458 2199 ut
1494 2160 1779 2212 subterpositos

247 2221 380 2305 {gere
399 2222 548 2307 possetfi
565 2213 667 2253 unde
686 2216 736 2254 ab
756 2214 1040 2254 inumbratione
1059 2215 1177 2254 dicta.
1232 2214 1279 2254 In
1296 2213 1439 2277 theatro
1462 2223 1592 2276 autem
1610 2214 1674 2264 (ut
1694 2213 1779 2266 jam

247 2267 526 2382 ,3¹:333
544 2269 796 2362 3353?
814 2282 932 2362 12⁸3,
934 2278 1026 2362 2222
1044 2267 1779 2375 {3322322305’3322’3'122ss2333

248 2388 288 2415 m
306 2388 403 2427 quas
433 2389 506 2429 pro
532 2376 680 2416 ratione
699 2385 856 2416 actuum
880 2376 1160 2417 alternatim‘se
1180 2377 1428 2417 conserebant
1446 2386 1610 2415 actores.
1668 2375 1779 2415 Duas

248 2441 335 2469 aras
361 2429 563 2482 utriusque
588 2430 780 2470 habebat:
809 2429 988 2470 dextram
1013 2430 1145 2471 Liberi
1164 2431 1309 2484 patris;
1339 2430 1531 2470 sinistram
1551 2429 1636 2482 ejus
1656 2430 1719 2468 dei
1741 2430 1779 2468 in

250 2481 360 2534 cujus
380 2483 567 2523 honorem
588 2482 671 2523 ludi
692 2483 849 2523 fiebant.
908 2483 1023 2524 Unde
1043 2484 1161 2525 illud:
1189 2484 1257 2525 Ex
1274 2498 1347 2524 ara
1365 2484 1451 2524 ltine
1469 2497 1567 2523 sume
1586 2483 1775 2523 verbenas.

250 2535 382 2589 Atque
402 2538 434 2577 is
452 2537 609 2579 demum
628 2546 712 2577 erat
731 2551 858 2579 scenoe
876 2550 1083 2592 apparatus
1103 2540 1141 2579 in
1161 2540 1325 2579 theatro.

591 2634 667 2678 De
687 2633 990 2680 Hirti-ionibus
1006 2643 1047 2679 et
1068 2636 1222 2680 Mimie
1239 2635 1436 2680 scenicis.

304 2700 444 2742 Omnis
479 2702 757 2755 tragoediarum
785 2717 830 2743 ac
861 2704 1141 2745 comoediarum
1178 2705 1313 2758 gratia,
1342 2715 1383 2745 et
1414 2718 1541 2744 scenae
1578 2704 1709 2751 decus,
1741 2704 1779 2743 in

250 2753 486 2795 histrionibus
502 2757 751 2797 consistebat.
810 2756 1027 2797 Histriones
1045 2760 1147 2799 enim
1172 2770 1212 2799 et
1238 2760 1341 2799 mimi
1371 2760 1408 2798 in
1436 2772 1550 2798 scena
1567 2758 1778 2798 comoedias

247 2810 502 2848 recensebant
521 2811 733 2851 secundum
748 2825 839 2851 suos
855 2811 993 2852 modos
1013 2823 1050 2852 et
1070 2814 1229 2854 cantica.
1288 2813 1390 2853 Nam
1409 2814 1567 2859 cantica,
1587 2822 1630 2851 ut
1651 2812 1782 2864 paullo

247 2871 338 2904 ante
354 2862 600 2910 docebamus,
622 2867 936 2917 temperabantur
959 2866 1098 2914 modis,
1118 2882 1196 2907 non
1214 2882 1238 2908 a
1264 2878 1392 2920 poeta,
1412 2866 1481 2907 sed
1499 2881 1524 2907 a
1541 2867 1668 2919 perito
1686 2867 1780 2905 artis

247 2916 409 2957 musicae
428 2916 551 2965 factis,
574 2920 903 2972 mutabanturque
931 2920 1037 2961 modi
1066 2921 1104 2961 in
1134 2935 1211 2961 uno
1234 2921 1399 2962 cantico.
1457 2920 1618 2960 Fiebant
1645 2920 1780 2972 hujus-

247 2969 355 3013 modi
373 2970 542 3012 carmina
561 2971 610 3012 ad
630 2973 744 3014 tibias
761 2988 770 3014 :
801 2983 842 3014 ut
861 2974 923 3015 his
940 2974 1084 3015 auditis
1101 2975 1213 3016 multi
1232 2989 1283 3016 ex
1300 2974 1446 3029 populo
1462 2985 1554 3016 ante
1572 2974 1782 3020 discerent,
