<?xml version="1.0" encoding="UTF-8"?>
<!DOCTYPE html PUBLIC "-//W3C//DTD XHTML 1.0 Transitional//EN"
    "http://www.w3.org/TR/xhtml1/DTD/xhtml1-transitional.dtd">
<html xmlns="http://www.w3.org/1999/xhtml" xml:lang="en" lang="en">
 <head>
  <title>
</title>
<meta http-equiv="Content-Type" content="text/html;charset=utf-8" />
  <meta name='ocr-system' content='tesseract 3.04.00' />
  <meta name='ocr-capabilities' content='ocr_page ocr_carea ocr_par ocr_line ocrx_word'/>
</head>
<body>
  <div class='ocr_page' id='page_1' title='image "./comoediaesex00tereuoft_0643.png"; bbox 0 0 1852 3216; ppageno 0'>
   <div class='ocr_carea' id='block_1_1' title="bbox 101 135 330 192">
    <p class='ocr_par' dir='ltr' id='par_1_1' title="bbox 101 135 330 192">
     <span class='ocr_line' id='line_1_1' title="bbox 101 135 330 192; baseline 0 -14"><span class='ocrx_word' id='word_1_1' title='bbox 101 149 240 178; x_wconf 72' lang='lat' dir='ltr'><strong>semu</strong></span> <span class='ocrx_word' id='word_1_2' title='bbox 261 135 330 192; x_wconf 89' lang='grc' dir='ltr'><strong>ιι.]</strong></span> 
     </span>
    </p>
   </div>
   <div class='ocr_carea' id='block_1_2' title="bbox 706 137 1026 181">
    <p class='ocr_par' dir='ltr' id='par_1_2' title="bbox 706 137 1026 181">
     <span class='ocr_line' id='line_1_2' title="bbox 706 137 1026 181; baseline 0.003 -1"><span class='ocrx_word' id='word_1_3' title='bbox 706 137 954 181; x_wconf 85' lang='lat' dir='ltr'><strong>HECYR</strong></span> <span class='ocrx_word' id='word_1_4' title='bbox 967 137 1026 181; x_wconf 87' lang='lat' dir='ltr'><strong>A.</strong></span> 
     </span>
    </p>
   </div>
   <div class='ocr_carea' id='block_1_3' title="bbox 1539 140 1620 182">
    <p class='ocr_par' dir='ltr' id='par_1_3' title="bbox 1539 140 1620 182">
     <span class='ocr_line' id='line_1_3' title="bbox 1539 140 1620 182; baseline 0 0"><span class='ocrx_word' id='word_1_5' title='bbox 1539 140 1620 182; x_wconf 82' lang='lat'><strong>541</strong></span> 
     </span>
    </p>
   </div>
   <div class='ocr_carea' id='block_1_4' title="bbox 103 226 1628 679">
    <p class='ocr_par' dir='ltr' id='par_1_4' title="bbox 103 226 1628 679">
     <span class='ocr_line' id='line_1_4' title="bbox 111 226 1348 285; baseline 0.004 -17"><span class='ocrx_word' id='word_1_6' title='bbox 111 263 116 268; x_wconf 94' lang='lat'><strong>.</strong></span> <span class='ocrx_word' id='word_1_7' title='bbox 158 227 371 283; x_wconf 71' lang='lat' dir='ltr'><strong>Oportet:</strong></span> <span class='ocrx_word' id='word_1_8' title='bbox 402 229 578 284; x_wconf 79' lang='lat' dir='ltr'><strong>quod-si</strong></span> <span class='ocrx_word' id='word_1_9' title='bbox 594 226 785 285; x_wconf 80' lang='lat' dir='ltr'><strong>perficio,</strong></span> <span class='ocrx_word' id='word_1_10' title='bbox 806 243 893 271; x_wconf 85' lang='lat' dir='ltr'><strong>non</strong></span> <span class='ocrx_word' id='word_1_11' title='bbox 912 229 1096 285; x_wconf 85' lang='lat' dir='ltr'><strong>poenitet</strong></span> <span class='ocrx_word' id='word_1_12' title='bbox 1113 243 1181 272; x_wconf 90' lang='lat' dir='ltr'><strong>me</strong></span> <span class='ocrx_word' id='word_1_13' title='bbox 1198 229 1348 273; x_wconf 75' lang='lat' dir='ltr'><strong>famae:</strong></span> 
     </span>
     <span class='ocr_line' id='line_1_5' title="bbox 103 292 1443 353; baseline 0.005 -21"><span class='ocrx_word' id='word_1_14' title='bbox 103 301 142 331; x_wconf 91' lang='lat' dir='ltr'><strong>lo</strong></span> <span class='ocrx_word' id='word_1_15' title='bbox 158 292 301 335; x_wconf 85' lang='lat' dir='ltr'><strong>Solam</strong></span> <span class='ocrx_word' id='word_1_16' title='bbox 320 292 474 336; x_wconf 87' lang='lat' dir='ltr'><strong>fecisse</strong></span> <span class='ocrx_word' id='word_1_17' title='bbox 493 294 555 345; x_wconf 87' lang='lat' dir='ltr'><strong>id,</strong></span> <span class='ocrx_word' id='word_1_18' title='bbox 574 294 692 350; x_wconf 93' lang='lat' dir='ltr'><strong>quod</strong></span> <span class='ocrx_word' id='word_1_19' title='bbox 709 293 803 336; x_wconf 87' lang='lat' dir='ltr'><strong>aliae</strong></span> <span class='ocrx_word' id='word_1_20' title='bbox 820 295 1065 337; x_wconf 85' lang='lat' dir='ltr'>meretrices</span> <span class='ocrx_word' id='word_1_21' title='bbox 1084 294 1226 338; x_wconf 85' lang='lat' dir='ltr'><strong>facere</strong></span> <span class='ocrx_word' id='word_1_22' title='bbox 1242 295 1443 353; x_wconf 79' lang='lat' dir='ltr'><strong>fugitant.</strong></span> 
     </span>
     <span class='ocr_line' id='line_1_6' title="bbox 158 357 1429 416; baseline 0.004 -16"><span class='ocrx_word' id='word_1_23' title='bbox 158 357 242 401; x_wconf 61' lang='lat' dir='ltr'><strong>LA.</strong></span> <span class='ocrx_word' id='word_1_24' title='bbox 265 358 499 415; x_wconf 88' lang='lat' dir='ltr'><strong>Phidippe,</strong></span> <span class='ocrx_word' id='word_1_25' title='bbox 519 367 688 402; x_wconf 86' lang='lat' dir='ltr'><strong>nostras</strong></span> <span class='ocrx_word' id='word_1_26' title='bbox 707 359 904 403; x_wconf 88' lang='lat' dir='ltr'><strong>mulieres</strong></span> <span class='ocrx_word' id='word_1_27' title='bbox 926 368 1149 416; x_wconf 87' lang='lat' dir='ltr'><strong>suspectas</strong></span> <span class='ocrx_word' id='word_1_28' title='bbox 1167 360 1301 405; x_wconf 87' lang='lat' dir='ltr'><strong>fuisse</strong></span> <span class='ocrx_word' id='word_1_29' title='bbox 1320 361 1429 405; x_wconf 86' lang='lat' dir='ltr'><strong>falso</strong></span> 
     </span>
     <span class='ocr_line' id='line_1_7' title="bbox 156 423 1567 484; baseline 0.003 -18"><span class='ocrx_word' id='word_1_30' title='bbox 156 423 315 475; x_wconf 91' lang='lat' dir='ltr'><strong>Nobis,</strong></span> <span class='ocrx_word' id='word_1_31' title='bbox 334 425 378 466; x_wconf 90' lang='lat' dir='ltr'><strong>in</strong></span> <span class='ocrx_word' id='word_1_32' title='bbox 398 440 445 467; x_wconf 87' lang='lat' dir='ltr'><strong>re</strong></span> <span class='ocrx_word' id='word_1_33' title='bbox 464 426 560 481; x_wconf 90' lang='lat' dir='ltr'><strong>ipsa</strong></span> <span class='ocrx_word' id='word_1_34' title='bbox 578 426 811 468; x_wconf 86' lang='lat' dir='ltr'><strong>invenimus</strong></span> <span class='ocrx_word' id='word_1_35' title='bbox 826 443 839 468; x_wconf 69' lang='grc' dir='ltr'><strong>ε</strong></span> <span class='ocrx_word' id='word_1_36' title='bbox 868 441 1000 482; x_wconf 91' lang='lat' dir='ltr'><strong>porro</strong></span> <span class='ocrx_word' id='word_1_37' title='bbox 1018 425 1129 468; x_wconf 91' lang='lat' dir='ltr'><strong>hanc</strong></span> <span class='ocrx_word' id='word_1_38' title='bbox 1149 441 1263 470; x_wconf 89' lang='lat' dir='ltr'><strong>nunc</strong></span> <span class='ocrx_word' id='word_1_39' title='bbox 1280 428 1567 484; x_wconf 79' lang='lat' dir='ltr'><strong>experiamur.</strong></span> 
     </span>
     <span class='ocr_line' id='line_1_8' title="bbox 156 487 1474 547; baseline 0.003 -15"><span class='ocrx_word' id='word_1_40' title='bbox 156 489 273 532; x_wconf 89' lang='lat' dir='ltr'><strong>Nam</strong></span> <span class='ocrx_word' id='word_1_41' title='bbox 294 491 329 532; x_wconf 92' lang='lat' dir='ltr'><strong>si</strong></span> <span class='ocrx_word' id='word_1_42' title='bbox 349 487 605 547; x_wconf 86' lang='lat' dir='ltr'><strong>compererit</strong></span> <span class='ocrx_word' id='word_1_43' title='bbox 624 492 787 534; x_wconf 87' lang='lat' dir='ltr'><strong>crimini</strong></span> <span class='ocrx_word' id='word_1_44' title='bbox 806 500 880 534; x_wconf 90' lang='lat' dir='ltr'><strong>tua</strong></span> <span class='ocrx_word' id='word_1_45' title='bbox 901 506 947 534; x_wconf 89' lang='lat' dir='ltr'><strong>se</strong></span> <span class='ocrx_word' id='word_1_46' title='bbox 965 490 1073 534; x_wconf 86' lang='lat' dir='ltr'><strong>falso</strong></span> <span class='ocrx_word' id='word_1_47' title='bbox 1092 507 1204 534; x_wconf 84' lang='lat' dir='ltr'><strong>uxor</strong></span> <span class='ocrx_word' id='word_1_48' title='bbox 1222 494 1474 544; x_wconf 86' lang='lat' dir='ltr'><strong>credidisse,</strong></span> 
     </span>
     <span class='ocr_line' id='line_1_9' title="bbox 113 556 1625 616; baseline 0.003 -18"><span class='ocrx_word' id='word_1_49' title='bbox 113 596 115 598; x_wconf 87' lang='lat'><strong>.</strong></span> <span class='ocrx_word' id='word_1_50' title='bbox 157 556 339 598; x_wconf 85' lang='lat' dir='ltr'><strong>Missam</strong></span> <span class='ocrx_word' id='word_1_51' title='bbox 358 557 463 599; x_wconf 91' lang='lat' dir='ltr'><strong>iram</strong></span> <span class='ocrx_word' id='word_1_52' title='bbox 481 558 609 600; x_wconf 85' lang='lat' dir='ltr'><strong>faciet</strong></span> <span class='ocrx_word' id='word_1_53' title='bbox 623 574 634 600; x_wconf 75' lang='lat' dir='ltr'>x</span> <span class='ocrx_word' id='word_1_54' title='bbox 648 565 651 567; x_wconf 74' lang='grc'><strong><em>’</em></strong></span> <span class='ocrx_word' id='word_1_55' title='bbox 665 559 732 599; x_wconf 87' lang='lat' dir='ltr'><strong>sin</strong></span> <span class='ocrx_word' id='word_1_56' title='bbox 750 566 893 600; x_wconf 86' lang='lat' dir='ltr'><strong>autem</strong></span> <span class='ocrx_word' id='word_1_57' title='bbox 913 565 980 600; x_wconf 90' lang='lat' dir='ltr'><strong>est</strong></span> <span class='ocrx_word' id='word_1_58' title='bbox 998 558 1055 600; x_wconf 95' lang='lat' dir='ltr'><strong>ob</strong></span> <span class='ocrx_word' id='word_1_59' title='bbox 1075 573 1169 600; x_wconf 89' lang='lat' dir='ltr'><strong>eam</strong></span> <span class='ocrx_word' id='word_1_60' title='bbox 1188 573 1276 601; x_wconf 86' lang='lat' dir='ltr'><strong>rem</strong></span> <span class='ocrx_word' id='word_1_61' title='bbox 1295 560 1431 602; x_wconf 88' lang='lat' dir='ltr'><strong>iratus</strong></span> <span class='ocrx_word' id='word_1_62' title='bbox 1450 567 1625 616; x_wconf 85' lang='lat' dir='ltr'><strong>gnatus,</strong></span> 
     </span>
     <span class='ocr_line' id='line_1_10' title="bbox 103 621 1628 679; baseline 0.003 -16"><span class='ocrx_word' id='word_1_63' title='bbox 103 629 142 660; x_wconf 83' lang='grc'><strong>15</strong></span> <span class='ocrx_word' id='word_1_64' title='bbox 159 621 293 670; x_wconf 87' lang='lat' dir='ltr'><strong>Quod</strong></span> <span class='ocrx_word' id='word_1_65' title='bbox 326 624 495 679; x_wconf 87' lang='lat' dir='ltr'><strong>peperit</strong></span> <span class='ocrx_word' id='word_1_66' title='bbox 532 638 643 666; x_wconf 82' lang='lat' dir='ltr'><strong>uxor</strong></span> <span class='ocrx_word' id='word_1_67' title='bbox 672 623 794 672; x_wconf 86' lang='lat' dir='ltr'><strong>clam,</strong></span> <span class='ocrx_word' id='word_1_68' title='bbox 827 623 871 665; x_wconf 89' lang='lat' dir='ltr'><strong>id</strong></span> <span class='ocrx_word' id='word_1_69' title='bbox 910 622 1057 666; x_wconf 86' lang='lat' dir='ltr'><strong>leve’st</strong></span> <span class='ocrx_word' id='word_1_70' title='bbox 1076 641 1088 675; x_wconf 81' lang='lat'>3</span> <span class='ocrx_word' id='word_1_71' title='bbox 1128 624 1214 666; x_wconf 90' lang='lat' dir='ltr'><strong>cito</strong></span> <span class='ocrx_word' id='word_1_72' title='bbox 1251 625 1308 667; x_wconf 91' lang='lat' dir='ltr'><strong>ab</strong></span> <span class='ocrx_word' id='word_1_73' title='bbox 1339 640 1392 668; x_wconf 91' lang='lat' dir='ltr'><strong>eo</strong></span> <span class='ocrx_word' id='word_1_74' title='bbox 1430 625 1526 668; x_wconf 86' lang='lat' dir='ltr'><strong>haec</strong></span> <span class='ocrx_word' id='word_1_75' title='bbox 1562 624 1628 668; x_wconf 91' lang='lat' dir='ltr'><strong>ira</strong></span> 
     </span>
    </p>
   </div>
   <div class='ocr_carea' id='block_1_5' title="bbox 239 691 459 734">
    <p class='ocr_par' dir='ltr' id='par_1_5' title="bbox 239 691 459 734">
     <span class='ocr_line' id='line_1_11' title="bbox 239 691 459 734; baseline 0.009 -2"><span class='ocrx_word' id='word_1_76' title='bbox 239 691 459 734; x_wconf 85' lang='lat' dir='ltr'><strong>abscedet.</strong></span> 
     </span>
    </p>
   </div>
   <div class='ocr_carea' id='block_1_6' title="bbox 157 755 1554 815">
    <p class='ocr_par' dir='ltr' id='par_1_6' title="bbox 157 755 1554 815">
     <span class='ocr_line' id='line_1_12' title="bbox 157 755 1554 815; baseline 0.002 -16"><span class='ocrx_word' id='word_1_77' title='bbox 157 755 361 799; x_wconf 84' lang='lat' dir='ltr'><strong>Profecto</strong></span> <span class='ocrx_word' id='word_1_78' title='bbox 380 759 425 799; x_wconf 88' lang='lat' dir='ltr'><strong>in</strong></span> <span class='ocrx_word' id='word_1_79' title='bbox 441 758 523 800; x_wconf 90' lang='lat' dir='ltr'><strong>hac</strong></span> <span class='ocrx_word' id='word_1_80' title='bbox 543 773 590 800; x_wconf 91' lang='lat' dir='ltr'><strong>re</strong></span> <span class='ocrx_word' id='word_1_81' title='bbox 610 757 714 800; x_wconf 90' lang='lat' dir='ltr'><strong>nihil</strong></span> <span class='ocrx_word' id='word_1_82' title='bbox 732 757 831 799; x_wconf 91' lang='lat' dir='ltr'><strong>mali</strong></span> <span class='ocrx_word' id='word_1_83' title='bbox 849 764 929 807; x_wconf 89' lang='lat' dir='ltr'><strong>est,</strong></span> <span class='ocrx_word' id='word_1_84' title='bbox 950 757 1068 813; x_wconf 90' lang='lat' dir='ltr'><strong>quod</strong></span> <span class='ocrx_word' id='word_1_85' title='bbox 1088 758 1143 799; x_wconf 89' lang='lat' dir='ltr'><strong>sit</strong></span> <span class='ocrx_word' id='word_1_86' title='bbox 1162 758 1343 801; x_wconf 91' lang='lat' dir='ltr'><strong>discidio</strong></span> <span class='ocrx_word' id='word_1_87' title='bbox 1363 759 1554 815; x_wconf 88' lang='lat' dir='ltr'><strong>dignum.</strong></span> 
     </span>
    </p>
   </div>
   <div class='ocr_carea' id='block_1_7' title="bbox 158 821 795 944">
    <p class='ocr_par' dir='ltr' id='par_1_7' title="bbox 158 821 795 944">
     <span class='ocr_line' id='line_1_13' title="bbox 158 821 795 879; baseline 0.003 -16"><span class='ocrx_word' id='word_1_88' title='bbox 158 821 244 864; x_wconf 80' lang='lat' dir='ltr'><strong>PH.</strong></span> <span class='ocrx_word' id='word_1_89' title='bbox 268 822 407 865; x_wconf 91' lang='lat' dir='ltr'><strong>Velim</strong></span> <span class='ocrx_word' id='word_1_90' title='bbox 435 824 607 879; x_wconf 86' lang='lat' dir='ltr'><strong>quidem</strong></span> <span class='ocrx_word' id='word_1_91' title='bbox 636 823 795 866; x_wconf 90' lang='lat' dir='ltr'><strong>hercle.</strong></span> 
     </span>
     <span class='ocr_line' id='line_1_14' title="bbox 244 888 588 944; baseline 0.003 -15"><span class='ocrx_word' id='word_1_92' title='bbox 244 889 313 938; x_wconf 89' lang='lat' dir='ltr'><strong>sit,</strong></span> <span class='ocrx_word' id='word_1_93' title='bbox 334 888 462 931; x_wconf 89' lang='lat' dir='ltr'><strong>faciet</strong></span> <span class='ocrx_word' id='word_1_94' title='bbox 479 890 588 944; x_wconf 91' lang='lat' dir='ltr'><strong>ipsa.</strong></span> 
     </span>
    </p>
   </div>
   <div class='ocr_carea' id='block_1_8' title="bbox 847 822 1628 880">
    <p class='ocr_par' dir='ltr' id='par_1_8' title="bbox 847 822 1628 880">
     <span class='ocr_line' id='line_1_15' title="bbox 847 822 1628 880; baseline 0.005 -17"><span class='ocrx_word' id='word_1_95' title='bbox 847 822 932 864; x_wconf 77' lang='lat' dir='ltr'><strong>LA.</strong></span> <span class='ocrx_word' id='word_1_96' title='bbox 954 822 1174 878; x_wconf 88' lang='lat' dir='ltr'><strong>Exquire:</strong></span> <span class='ocrx_word' id='word_1_97' title='bbox 1204 824 1355 866; x_wconf 90' lang='lat' dir='ltr'><strong>adest:</strong></span> <span class='ocrx_word' id='word_1_98' title='bbox 1386 825 1504 880; x_wconf 91' lang='lat' dir='ltr'><strong>quod</strong></span> <span class='ocrx_word' id='word_1_99' title='bbox 1524 827 1628 867; x_wconf 87' lang='lat' dir='ltr'><strong>satis</strong></span> 
     </span>
    </p>
   </div>
   <div class='ocr_carea' id='block_1_9' title="bbox 159 953 1627 1009">
    <p class='ocr_par' dir='ltr' id='par_1_9' title="bbox 159 953 1627 1009">
     <span class='ocr_line' id='line_1_16' title="bbox 159 953 1627 1009; baseline 0.002 -14"><span class='ocrx_word' id='word_1_100' title='bbox 159 953 245 995; x_wconf 74' lang='lat' dir='ltr'><strong>Pu.</strong></span> <span class='ocrx_word' id='word_1_101' title='bbox 263 953 383 1002; x_wconf 86' lang='lat' dir='ltr'><strong>Quid</strong></span> <span class='ocrx_word' id='word_1_102' title='bbox 395 954 513 997; x_wconf 86' lang='lat' dir='ltr'><strong>istaec</strong></span> <span class='ocrx_word' id='word_1_103' title='bbox 525 954 628 996; x_wconf 92' lang='lat' dir='ltr'><strong>mihi</strong></span> <span class='ocrx_word' id='word_1_104' title='bbox 639 956 812 996; x_wconf 71' lang='lat' dir='ltr'><strong>narras?</strong></span> <span class='ocrx_word' id='word_1_105' title='bbox 834 968 888 996; x_wconf 87' lang='lat' dir='ltr'><strong>an</strong></span> <span class='ocrx_word' id='word_1_106' title='bbox 901 954 1001 1009; x_wconf 91' lang='lat' dir='ltr'><strong>quia</strong></span> <span class='ocrx_word' id='word_1_107' title='bbox 1013 969 1098 995; x_wconf 90' lang='lat' dir='ltr'><strong>non</strong></span> <span class='ocrx_word' id='word_1_108' title='bbox 1110 961 1158 995; x_wconf 92' lang='lat' dir='ltr'><strong>tu</strong></span> <span class='ocrx_word' id='word_1_109' title='bbox 1170 954 1262 1009; x_wconf 87' lang='lat' dir='ltr'><strong>ipse</strong></span> <span class='ocrx_word' id='word_1_110' title='bbox 1277 954 1441 997; x_wconf 90' lang='lat' dir='ltr'><strong>dudum</strong></span> <span class='ocrx_word' id='word_1_111' title='bbox 1453 956 1627 1008; x_wconf 90' lang='lat' dir='ltr'><strong>audisti,</strong></span> 
     </span>
    </p>
   </div>
   <div class='ocr_carea' id='block_1_10' title="bbox 96 1076 847 2589">
    <p class='ocr_par' dir='ltr' id='par_1_10' title="bbox 100 1076 846 2027">
     <span class='ocr_line' id='line_1_17' title="bbox 100 1076 840 1118; baseline 0 -11"><span class='ocrx_word' id='word_1_112' title='bbox 100 1076 242 1118; x_wconf 81' lang='lat' dir='ltr'><strong>gendum</strong></span> <span class='ocrx_word' id='word_1_113' title='bbox 264 1083 322 1112; x_wconf 88' lang='lat' dir='ltr'><strong>est,</strong></span> <span class='ocrx_word' id='word_1_114' title='bbox 338 1076 428 1117; x_wconf 86' lang='lat' dir='ltr'><strong>quasi</strong></span> <span class='ocrx_word' id='word_1_115' title='bbox 450 1076 546 1113; x_wconf 85' lang='lat' dir='ltr'><strong>dicat,</strong></span> <span class='ocrx_word' id='word_1_116' title='bbox 571 1076 644 1107; x_wconf 83' lang='lat' dir='ltr'><strong>Hoc</strong></span> <span class='ocrx_word' id='word_1_117' title='bbox 666 1077 840 1117; x_wconf 82' lang='lat' dir='ltr'><strong>agebamus</strong></span> 
     </span>
     <span class='ocr_line' id='line_1_18' title="bbox 101 1119 840 1161; baseline 0.001 -11"><span class='ocrx_word' id='word_1_118' title='bbox 101 1130 200 1161; x_wconf 91' lang='lat' dir='ltr'><strong>quum</strong></span> <span class='ocrx_word' id='word_1_119' title='bbox 225 1127 260 1150; x_wconf 92' lang='lat' dir='ltr'><strong>tu</strong></span> <span class='ocrx_word' id='word_1_120' title='bbox 282 1119 470 1154; x_wconf 59' lang='lat' dir='ltr'><strong>advenirem</strong></span> <span class='ocrx_word' id='word_1_121' title='bbox 501 1126 558 1151; x_wconf 88' lang='lat' dir='ltr'><strong>aut</strong></span> <span class='ocrx_word' id='word_1_122' title='bbox 578 1130 653 1151; x_wconf 86' lang='lat' dir='ltr'><strong>cum</strong></span> <span class='ocrx_word' id='word_1_123' title='bbox 676 1130 840 1151; x_wconf 84' lang='lat' dir='ltr'><strong>assevera-</strong></span> 
     </span>
     <span class='ocr_line' id='line_1_19' title="bbox 101 1162 839 1204; baseline 0 -10"><span class='ocrx_word' id='word_1_124' title='bbox 101 1162 190 1194; x_wconf 81' lang='lat' dir='ltr'><strong>tione</strong></span> <span class='ocrx_word' id='word_1_125' title='bbox 211 1163 490 1204; x_wconf 79' lang='lat' dir='ltr'><strong>pronunciandum</strong></span> <span class='ocrx_word' id='word_1_126' title='bbox 505 1171 564 1199; x_wconf 86' lang='lat' dir='ltr'><strong>est,</strong></span> <span class='ocrx_word' id='word_1_127' title='bbox 580 1171 617 1194; x_wconf 89' lang='lat' dir='ltr'><strong>ut</strong></span> <span class='ocrx_word' id='word_1_128' title='bbox 634 1162 678 1194; x_wconf 90' lang='lat' dir='ltr'><strong>sit</strong></span> <span class='ocrx_word' id='word_1_129' title='bbox 691 1174 741 1194; x_wconf 74' lang='lat' dir='ltr'><strong>res</strong></span> <span class='ocrx_word' id='word_1_130' title='bbox 754 1163 839 1194; x_wconf 83' lang='lat' dir='ltr'><strong>veri-</strong></span> 
     </span>
     <span class='ocr_line' id='line_1_20' title="bbox 102 1206 842 1247; baseline 0.001 -10"><span class='ocrx_word' id='word_1_131' title='bbox 102 1213 168 1237; x_wconf 83' lang='lat' dir='ltr'><strong>tas:</strong></span> <span class='ocrx_word' id='word_1_132' title='bbox 192 1206 284 1247; x_wconf 86' lang='lat' dir='ltr'><strong>quasi</strong></span> <span class='ocrx_word' id='word_1_133' title='bbox 299 1206 394 1242; x_wconf 87' lang='lat' dir='ltr'><strong>dicat,</strong></span> <span class='ocrx_word' id='word_1_134' title='bbox 410 1207 474 1237; x_wconf 86' lang='lat' dir='ltr'><strong>Hic</strong></span> <span class='ocrx_word' id='word_1_135' title='bbox 490 1217 554 1237; x_wconf 89' lang='lat' dir='ltr'><strong>non</strong></span> <span class='ocrx_word' id='word_1_136' title='bbox 570 1207 667 1238; x_wconf 87' lang='lat' dir='ltr'><strong>verba</strong></span> <span class='ocrx_word' id='word_1_137' title='bbox 682 1214 767 1243; x_wconf 88' lang='lat' dir='ltr'><strong>sunt,</strong></span> <span class='ocrx_word' id='word_1_138' title='bbox 783 1207 842 1238; x_wconf 87' lang='lat' dir='ltr'><strong>sed</strong></span> 
     </span>
     <span class='ocr_line' id='line_1_21' title="bbox 101 1249 844 1291; baseline 0 -11"><span class='ocrx_word' id='word_1_139' title='bbox 101 1259 154 1280; x_wconf 90' lang='lat' dir='ltr'><strong>res</strong></span> <span class='ocrx_word' id='word_1_140' title='bbox 165 1250 282 1291; x_wconf 77' lang='lat' dir='ltr'><strong>agitur.</strong></span> <span class='ocrx_word' id='word_1_141' title='bbox 314 1251 392 1281; x_wconf 82' lang='lat' dir='ltr'><strong>Haec</strong></span> <span class='ocrx_word' id='word_1_142' title='bbox 404 1261 452 1281; x_wconf 74' lang='lat' dir='ltr'><strong>res</strong></span> <span class='ocrx_word' id='word_1_143' title='bbox 462 1252 512 1281; x_wconf 80' lang='lat' dir='ltr'><strong>hic</strong></span> <span class='ocrx_word' id='word_1_144' title='bbox 523 1249 645 1291; x_wconf 78' lang='lat' dir='ltr'><strong>agitur]</strong></span> <span class='ocrx_word' id='word_1_145' title='bbox 663 1249 844 1291; x_wconf 88' lang='lat' dir='ltr'><strong>Propositio</strong></span> 
     </span>
     <span class='ocr_line' id='line_1_22' title="bbox 102 1293 844 1334; baseline 0 -10"><span class='ocrx_word' id='word_1_146' title='bbox 102 1303 214 1324; x_wconf 88' lang='lat' dir='ltr'><strong>eorum</strong></span> <span class='ocrx_word' id='word_1_147' title='bbox 235 1303 307 1334; x_wconf 82' lang='lat' dir='ltr'><strong>quae</strong></span> <span class='ocrx_word' id='word_1_148' title='bbox 328 1293 454 1324; x_wconf 86' lang='lat' dir='ltr'><strong>dictura</strong></span> <span class='ocrx_word' id='word_1_149' title='bbox 476 1300 534 1330; x_wconf 88' lang='lat' dir='ltr'><strong>est,</strong></span> <span class='ocrx_word' id='word_1_150' title='bbox 557 1293 618 1324; x_wconf 90' lang='lat' dir='ltr'><strong>hoc</strong></span> <span class='ocrx_word' id='word_1_151' title='bbox 640 1294 744 1330; x_wconf 85' lang='lat' dir='ltr'><strong>modo,</strong></span> <span class='ocrx_word' id='word_1_152' title='bbox 762 1293 844 1324; x_wconf 81' lang='lat' dir='ltr'><strong>Haec</strong></span> 
     </span>
     <span class='ocr_line' id='line_1_23' title="bbox 100 1336 844 1377; baseline 0 -10"><span class='ocrx_word' id='word_1_153' title='bbox 100 1346 154 1367; x_wconf 88' lang='lat' dir='ltr'><strong>res</strong></span> <span class='ocrx_word' id='word_1_154' title='bbox 178 1337 230 1368; x_wconf 86' lang='lat' dir='ltr'><strong>hic</strong></span> <span class='ocrx_word' id='word_1_155' title='bbox 253 1336 378 1377; x_wconf 83' lang='lat' dir='ltr'><strong>agitur:</strong></span> <span class='ocrx_word' id='word_1_156' title='bbox 401 1346 473 1377; x_wconf 84' lang='lat' dir='ltr'><strong>quae</strong></span> <span class='ocrx_word' id='word_1_157' title='bbox 495 1338 569 1367; x_wconf 74' lang='lat' dir='ltr'><strong>res?</strong></span> <span class='ocrx_word' id='word_1_158' title='bbox 604 1336 773 1377; x_wconf 86' lang='lat' dir='ltr'><strong>Pamphilo</strong></span> <span class='ocrx_word' id='word_1_159' title='bbox 792 1346 844 1367; x_wconf 88' lang='lat' dir='ltr'><strong>me</strong></span> 
     </span>
     <span class='ocr_line' id='line_1_24' title="bbox 102 1379 844 1420; baseline 0 -10"><span class='ocrx_word' id='word_1_160' title='bbox 102 1379 217 1417; x_wconf 80' lang='lat' dir='ltr'><strong>facere,</strong></span> <span class='ocrx_word' id='word_1_161' title='bbox 240 1387 275 1410; x_wconf 91' lang='lat' dir='ltr'><strong>ut</strong></span> <span class='ocrx_word' id='word_1_162' title='bbox 297 1380 407 1411; x_wconf 83' lang='lat' dir='ltr'><strong>redeat</strong></span> <span class='ocrx_word' id='word_1_163' title='bbox 428 1389 518 1417; x_wconf 81' lang='lat' dir='ltr'><strong>uxor,</strong></span> <span class='ocrx_word' id='word_1_164' title='bbox 541 1387 685 1420; x_wconf 76' lang='lat' dir='ltr'><strong>oportet:</strong></span> <span class='ocrx_word' id='word_1_165' title='bbox 709 1379 794 1420; x_wconf 90' lang='lat' dir='ltr'><strong>quod</strong></span> <span class='ocrx_word' id='word_1_166' title='bbox 816 1379 844 1410; x_wconf 88' lang='lat' dir='ltr'><strong>si</strong></span> 
     </span>
     <span class='ocr_line' id='line_1_25' title="bbox 101 1422 842 1464; baseline 0 -11"><span class='ocrx_word' id='word_1_167' title='bbox 101 1422 245 1464; x_wconf 82' lang='lat' dir='ltr'><strong>perficio,</strong></span> <span class='ocrx_word' id='word_1_168' title='bbox 260 1433 324 1453; x_wconf 89' lang='lat' dir='ltr'><strong>non</strong></span> <span class='ocrx_word' id='word_1_169' title='bbox 341 1423 477 1464; x_wconf 84' lang='lat' dir='ltr'><strong>poenitet</strong></span> <span class='ocrx_word' id='word_1_170' title='bbox 496 1433 548 1454; x_wconf 88' lang='lat' dir='ltr'><strong>me</strong></span> <span class='ocrx_word' id='word_1_171' title='bbox 563 1423 664 1460; x_wconf 82' lang='lat' dir='ltr'><strong>famae,</strong></span> <span class='ocrx_word' id='word_1_172' title='bbox 680 1422 781 1454; x_wconf 88' lang='lat' dir='ltr'><strong>solam</strong></span> <span class='ocrx_word' id='word_1_173' title='bbox 796 1422 842 1453; x_wconf 82' lang='lat' dir='ltr'><strong>fe·-</strong></span> 
     </span>
     <span class='ocr_line' id='line_1_26' title="bbox 102 1465 844 1506; baseline -0.001 -9"><span class='ocrx_word' id='word_1_174' title='bbox 102 1466 185 1497; x_wconf 86' lang='lat' dir='ltr'><strong>cisse</strong></span> <span class='ocrx_word' id='word_1_175' title='bbox 209 1466 253 1504; x_wconf 87' lang='lat' dir='ltr'><strong>id,</strong></span> <span class='ocrx_word' id='word_1_176' title='bbox 268 1467 354 1506; x_wconf 90' lang='lat' dir='ltr'><strong>quod</strong></span> <span class='ocrx_word' id='word_1_177' title='bbox 375 1466 447 1497; x_wconf 83' lang='lat' dir='ltr'><strong>aliae</strong></span> <span class='ocrx_word' id='word_1_178' title='bbox 469 1466 654 1497; x_wconf 84' lang='lat' dir='ltr'><strong>meretrices</strong></span> <span class='ocrx_word' id='word_1_179' title='bbox 673 1465 777 1496; x_wconf 81' lang='lat' dir='ltr'><strong>faeere</strong></span> <span class='ocrx_word' id='word_1_180' title='bbox 793 1466 844 1497; x_wconf 80' lang='lat' dir='ltr'><strong>fu·</strong></span> 
     </span>
     <span class='ocr_line' id='line_1_27' title="bbox 101 1508 846 1550; baseline 0 -10"><span class='ocrx_word' id='word_1_181' title='bbox 101 1508 216 1550; x_wconf 88' lang='lat' dir='ltr'><strong>gitant.</strong></span> <span class='ocrx_word' id='word_1_182' title='bbox 262 1509 368 1540; x_wconf 87' lang='lat' dir='ltr'><strong>Multa</strong></span> <span class='ocrx_word' id='word_1_183' title='bbox 391 1509 563 1541; x_wconf 82' lang='lat' dir='ltr'><strong>Terentius</strong></span> <span class='ocrx_word' id='word_1_184' title='bbox 587 1509 723 1540; x_wconf 84' lang='lat' dir='ltr'><strong>feliciter</strong></span> <span class='ocrx_word' id='word_1_185' title='bbox 748 1519 846 1540; x_wconf 88' lang='lat' dir='ltr'><strong>ausus</strong></span> 
     </span>
     <span class='ocr_line' id='line_1_28' title="bbox 103 1553 844 1590; baseline 0 -7"><span class='ocrx_word' id='word_1_186' title='bbox 103 1560 161 1590; x_wconf 86' lang='lat' dir='ltr'><strong>est,</strong></span> <span class='ocrx_word' id='word_1_187' title='bbox 187 1561 255 1583; x_wconf 87' lang='lat' dir='ltr'><strong>arte</strong></span> <span class='ocrx_word' id='word_1_188' title='bbox 278 1553 388 1584; x_wconf 85' lang='lat' dir='ltr'><strong>fretus.</strong></span> <span class='ocrx_word' id='word_1_189' title='bbox 435 1553 519 1583; x_wconf 80' lang='lat' dir='ltr'><strong>Nam</strong></span> <span class='ocrx_word' id='word_1_190' title='bbox 546 1560 579 1584; x_wconf 91' lang='lat' dir='ltr'><strong>et</strong></span> <span class='ocrx_word' id='word_1_191' title='bbox 601 1563 711 1583; x_wconf 87' lang='lat' dir='ltr'><strong>socrus</strong></span> <span class='ocrx_word' id='word_1_192' title='bbox 735 1553 844 1590; x_wconf 87' lang='lat' dir='ltr'><strong>bonas,</strong></span> 
     </span>
     <span class='ocr_line' id='line_1_29' title="bbox 104 1596 843 1637; baseline -0.001 -10"><span class='ocrx_word' id='word_1_193' title='bbox 104 1603 137 1626; x_wconf 87' lang='lat' dir='ltr'><strong>et</strong></span> <span class='ocrx_word' id='word_1_194' title='bbox 167 1596 353 1627; x_wconf 82' lang='lat' dir='ltr'><strong>meretrices</strong></span> <span class='ocrx_word' id='word_1_195' title='bbox 381 1596 509 1627; x_wconf 84' lang='lat' dir='ltr'><strong>honesti</strong></span> <span class='ocrx_word' id='word_1_196' title='bbox 538 1596 680 1637; x_wconf 86' lang='lat' dir='ltr'><strong>cupidas,</strong></span> <span class='ocrx_word' id='word_1_197' title='bbox 711 1603 843 1637; x_wconf 81' lang='lat' dir='ltr'><strong>praeter-</strong></span> 
     </span>
     <span class='ocr_line' id='line_1_30' title="bbox 102 1639 846 1681; baseline 0 -11"><span class='ocrx_word' id='word_1_198' title='bbox 102 1649 198 1680; x_wconf 84' lang='lat' dir='ltr'><strong>quam</strong></span> <span class='ocrx_word' id='word_1_199' title='bbox 224 1639 448 1681; x_wconf 81' lang='lat' dir='ltr'><strong>pervulgatum</strong></span> <span class='ocrx_word' id='word_1_200' title='bbox 472 1646 530 1676; x_wconf 87' lang='lat' dir='ltr'><strong>est,</strong></span> <span class='ocrx_word' id='word_1_201' title='bbox 555 1639 651 1670; x_wconf 87' lang='lat' dir='ltr'><strong>facit·</strong></span> <span class='ocrx_word' id='word_1_202' title='bbox 674 1639 732 1670; x_wconf 87' lang='lat' dir='ltr'><strong>sed</strong></span> <span class='ocrx_word' id='word_1_203' title='bbox 756 1646 846 1670; x_wconf 85' lang='lat' dir='ltr'><strong>tanta</strong></span> 
     </span>
     <span class='ocr_line' id='line_1_31' title="bbox 102 1682 846 1723; baseline -0.001 -9"><span class='ocrx_word' id='word_1_204' title='bbox 102 1682 271 1723; x_wconf 79' lang='lat' dir='ltr'><strong>vigilantia</strong></span> <span class='ocrx_word' id='word_1_205' title='bbox 281 1693 448 1714; x_wconf 86' lang='lat' dir='ltr'><strong>causarum</strong></span> <span class='ocrx_word' id='word_1_206' title='bbox 460 1690 494 1714; x_wconf 90' lang='lat' dir='ltr'><strong>et</strong></span> <span class='ocrx_word' id='word_1_207' title='bbox 506 1682 667 1714; x_wconf 88' lang='lat' dir='ltr'><strong>rationum</strong></span> <span class='ocrx_word' id='word_1_208' title='bbox 684 1690 846 1714; x_wconf 86' lang='lat' dir='ltr'><strong>momenta</strong></span> 
     </span>
     <span class='ocr_line' id='line_1_32' title="bbox 104 1726 844 1774; baseline 0.001 -18"><span class='ocrx_word' id='word_1_209' title='bbox 104 1726 278 1774; x_wconf 81' lang='lat' dir='ltr'><strong>subjungit,</strong></span> <span class='ocrx_word' id='word_1_210' title='bbox 295 1733 331 1757; x_wconf 91' lang='lat' dir='ltr'><strong>ut</strong></span> <span class='ocrx_word' id='word_1_211' title='bbox 346 1726 376 1756; x_wconf 89' lang='lat' dir='ltr'><strong>ei</strong></span> <span class='ocrx_word' id='word_1_212' title='bbox 388 1726 448 1758; x_wconf 85' lang='lat' dir='ltr'><strong>soli</strong></span> <span class='ocrx_word' id='word_1_213' title='bbox 464 1726 579 1757; x_wconf 86' lang='lat' dir='ltr'><strong>merito</strong></span> <span class='ocrx_word' id='word_1_214' title='bbox 594 1726 764 1757; x_wconf 85' lang='lat' dir='ltr'><strong>videantur</strong></span> <span class='ocrx_word' id='word_1_215' title='bbox 775 1737 844 1757; x_wconf 89' lang='lat' dir='ltr'><strong>om·</strong></span> 
     </span>
     <span class='ocr_line' id='line_1_33' title="bbox 104 1769 844 1807; baseline 0 -7"><span class='ocrx_word' id='word_1_216' title='bbox 104 1769 160 1800; x_wconf 83' lang='lat' dir='ltr'><strong>nia</strong></span> <span class='ocrx_word' id='word_1_217' title='bbox 183 1769 291 1800; x_wconf 87' lang='lat' dir='ltr'><strong>licere.</strong></span> <span class='ocrx_word' id='word_1_218' title='bbox 337 1770 422 1800; x_wconf 80' lang='lat' dir='ltr'><strong>Nam</strong></span> <span class='ocrx_word' id='word_1_219' title='bbox 452 1769 513 1800; x_wconf 91' lang='lat' dir='ltr'><strong>hoc</strong></span> <span class='ocrx_word' id='word_1_220' title='bbox 538 1776 650 1800; x_wconf 87' lang='lat' dir='ltr'><strong>contra</strong></span> <span class='ocrx_word' id='word_1_221' title='bbox 678 1769 759 1800; x_wconf 90' lang='lat' dir='ltr'><strong>illud</strong></span> <span class='ocrx_word' id='word_1_222' title='bbox 785 1776 844 1807; x_wconf 85' lang='lat' dir='ltr'><strong>est,</strong></span> 
     </span>
     <span class='ocr_line' id='line_1_34' title="bbox 104 1811 842 1853; baseline 0 -10"><span class='ocrx_word' id='word_1_223' title='bbox 104 1812 189 1853; x_wconf 92' lang='lat' dir='ltr'><strong>quod</strong></span> <span class='ocrx_word' id='word_1_224' title='bbox 211 1811 287 1843; x_wconf 88' lang='lat' dir='ltr'><strong>alibi</strong></span> <span class='ocrx_word' id='word_1_225' title='bbox 304 1812 359 1848; x_wconf 80' lang='lat' dir='ltr'><strong>ait,</strong></span> <span class='ocrx_word' id='word_1_226' title='bbox 374 1823 544 1844; x_wconf 89' lang='lat' dir='ltr'><strong>commune</strong></span> <span class='ocrx_word' id='word_1_227' title='bbox 560 1823 629 1844; x_wconf 87' lang='lat' dir='ltr'><strong>esse</strong></span> <span class='ocrx_word' id='word_1_228' title='bbox 647 1813 715 1852; x_wconf 82' lang='lat' dir='ltr'><strong>jam</strong></span> <span class='ocrx_word' id='word_1_229' title='bbox 738 1813 842 1843; x_wconf 90' lang='lat' dir='ltr'><strong>omni-</strong></span> 
     </span>
     <span class='ocr_line' id='line_1_35' title="bbox 103 1855 843 1892; baseline 0 -6"><span class='ocrx_word' id='word_1_230' title='bbox 103 1856 164 1886; x_wconf 91' lang='lat' dir='ltr'><strong>bus</strong></span> <span class='ocrx_word' id='word_1_231' title='bbox 172 1855 303 1887; x_wconf 89' lang='lat' dir='ltr'><strong>comicis</strong></span> <span class='ocrx_word' id='word_1_232' title='bbox 318 1857 417 1887; x_wconf 90' lang='lat' dir='ltr'><strong>bonas</strong></span> <span class='ocrx_word' id='word_1_233' title='bbox 429 1862 591 1887; x_wconf 83' lang='lat' dir='ltr'><strong>matronas</strong></span> <span class='ocrx_word' id='word_1_234' title='bbox 607 1856 722 1892; x_wconf 82' lang='lat' dir='ltr'><strong>facere,</strong></span> <span class='ocrx_word' id='word_1_235' title='bbox 738 1866 843 1886; x_wconf 90' lang='lat' dir='ltr'><strong>mere·</strong></span> 
     </span>
     <span class='ocr_line' id='line_1_36' title="bbox 104 1898 844 1930; baseline -0.001 0"><span class='ocrx_word' id='word_1_236' title='bbox 104 1898 202 1930; x_wconf 85' lang='lat' dir='ltr'><strong>trices</strong></span> <span class='ocrx_word' id='word_1_237' title='bbox 232 1909 307 1930; x_wconf 86' lang='lat' dir='ltr'><strong>vero</strong></span> <span class='ocrx_word' id='word_1_238' title='bbox 343 1899 453 1930; x_wconf 86' lang='lat' dir='ltr'><strong>malas.</strong></span> <span class='ocrx_word' id='word_1_239' title='bbox 494 1899 581 1930; x_wconf 92' lang='lat' dir='ltr'><strong>D.—</strong></span> <span class='ocrx_word' id='word_1_240' title='bbox 592 1899 676 1930; x_wconf 87' lang='lat' dir='ltr'><strong>Illud</strong></span> <span class='ocrx_word' id='word_1_241' title='bbox 704 1901 775 1929; x_wconf 77' lang='lat' dir='ltr'><strong>licet</strong></span> <span class='ocrx_word' id='word_1_242' title='bbox 804 1899 844 1930; x_wconf 92' lang='lat' dir='ltr'><strong>ab</strong></span> 
     </span>
     <span class='ocr_line' id='line_1_37' title="bbox 104 1941 845 1979; baseline 0 -6"><span class='ocrx_word' id='word_1_243' title='bbox 104 1942 199 1973; x_wconf 85' lang='lat' dir='ltr'><strong>initio</strong></span> <span class='ocrx_word' id='word_1_244' title='bbox 226 1952 346 1979; x_wconf 84' lang='lat' dir='ltr'><strong>versus,</strong></span> <span class='ocrx_word' id='word_1_245' title='bbox 375 1943 408 1973; x_wconf 91' lang='lat' dir='ltr'><strong>in</strong></span> <span class='ocrx_word' id='word_1_246' title='bbox 430 1941 616 1973; x_wconf 87' lang='lat' dir='ltr'><strong>melioribus</strong></span> <span class='ocrx_word' id='word_1_247' title='bbox 642 1941 733 1973; x_wconf 89' lang='lat' dir='ltr'><strong>libris</strong></span> <span class='ocrx_word' id='word_1_248' title='bbox 757 1949 845 1973; x_wconf 85' lang='lat' dir='ltr'><strong>recte</strong></span> 
     </span>
     <span class='ocr_line' id='line_1_38' title="bbox 104 1986 698 2027; baseline -0.002 -10"><span class='ocrx_word' id='word_1_249' title='bbox 104 1986 205 2023; x_wconf 77' lang='lat' dir='ltr'><strong>abest,</strong></span> <span class='ocrx_word' id='word_1_250' title='bbox 220 1986 296 2026; x_wconf 86' lang='lat' dir='ltr'><strong>quia</strong></span> <span class='ocrx_word' id='word_1_251' title='bbox 310 1996 330 2017; x_wconf 88' lang='lat' dir='ltr'><strong>a</strong></span> <span class='ocrx_word' id='word_1_252' title='bbox 345 1996 440 2017; x_wconf 77' lang='lat' dir='ltr'><strong>versu</strong></span> <span class='ocrx_word' id='word_1_253' title='bbox 454 1986 627 2027; x_wconf 82' lang='lat' dir='ltr'><strong>respuitur.</strong></span> <span class='ocrx_word' id='word_1_254' title='bbox 661 1986 698 2016; x_wconf 88' lang='grc' dir='ltr'><strong>Β.</strong></span> 
     </span>
    </p>

    <p class='ocr_par' dir='ltr' id='par_1_11' title="bbox 96 2028 847 2450">
     <span class='ocr_line' id='line_1_39' title="bbox 148 2028 846 2070; baseline 0 -10"><span class='ocrx_word' id='word_1_255' title='bbox 148 2030 178 2061; x_wconf 86' lang='grc'><strong>9.</strong></span> <span class='ocrx_word' id='word_1_256' title='bbox 205 2030 274 2060; x_wconf 79' lang='lat' dir='ltr'><strong>Non</strong></span> <span class='ocrx_word' id='word_1_257' title='bbox 295 2032 424 2070; x_wconf 75' lang='lat' dir='ltr'><strong>poenitet</strong></span> <span class='ocrx_word' id='word_1_258' title='bbox 443 2041 487 2060; x_wconf 82' lang='lat' dir='ltr'><strong>me</strong></span> <span class='ocrx_word' id='word_1_259' title='bbox 502 2028 617 2069; x_wconf 69' lang='lat' dir='ltr'><strong>samo]</strong></span> <span class='ocrx_word' id='word_1_260' title='bbox 646 2029 726 2060; x_wconf 84' lang='lat' dir='ltr'><strong>Haec</strong></span> <span class='ocrx_word' id='word_1_261' title='bbox 742 2028 846 2070; x_wconf 82' lang='lat' dir='ltr'><strong>figura</strong></span> 
     </span>
     <span class='ocr_line' id='line_1_40' title="bbox 104 2071 845 2112; baseline -0.001 -8"><span class='ocrx_word' id='word_1_262' title='bbox 104 2075 234 2110; x_wconf 72' lang='grc' dir='ltr'><strong>λιτότης</strong></span> <span class='ocrx_word' id='word_1_263' title='bbox 259 2073 393 2104; x_wconf 87' lang='lat' dir='ltr'><strong>dicitur:</strong></span> <span class='ocrx_word' id='word_1_264' title='bbox 420 2072 527 2103; x_wconf 88' lang='lat' dir='ltr'><strong>minus</strong></span> <span class='ocrx_word' id='word_1_265' title='bbox 542 2073 628 2103; x_wconf 88' lang='lat' dir='ltr'><strong>enim</strong></span> <span class='ocrx_word' id='word_1_266' title='bbox 644 2071 733 2110; x_wconf 88' lang='lat' dir='ltr'><strong>dicit,</strong></span> <span class='ocrx_word' id='word_1_267' title='bbox 749 2082 845 2112; x_wconf 82' lang='lat' dir='ltr'><strong>quam</strong></span> 
     </span>
     <span class='ocr_line' id='line_1_41' title="bbox 104 2115 844 2157; baseline -0.001 -10"><span class='ocrx_word' id='word_1_268' title='bbox 104 2115 275 2157; x_wconf 79' lang='lat' dir='ltr'><strong>significat.</strong></span> <span class='ocrx_word' id='word_1_269' title='bbox 320 2116 416 2153; x_wconf 83' lang='lat' dir='ltr'><strong>Nam,</strong></span> <span class='ocrx_word' id='word_1_270' title='bbox 439 2128 496 2147; x_wconf 82' lang='lat' dir='ltr'><strong>nan</strong></span> <span class='ocrx_word' id='word_1_271' title='bbox 512 2118 649 2155; x_wconf 77' lang='lat' dir='ltr'><strong>-poem‘let</strong></span> <span class='ocrx_word' id='word_1_272' title='bbox 673 2127 719 2147; x_wconf 80' lang='lat' dir='ltr'><strong>me</strong></span> <span class='ocrx_word' id='word_1_273' title='bbox 738 2115 844 2156; x_wconf 73' lang='lat' dir='ltr'><strong>sarna,</strong></span> 
     </span>
     <span class='ocr_line' id='line_1_42' title="bbox 104 2158 847 2201; baseline -0.001 -11"><span class='ocrx_word' id='word_1_274' title='bbox 104 2169 165 2201; x_wconf 91' lang='lat' dir='ltr'><strong>pro</strong></span> <span class='ocrx_word' id='word_1_275' title='bbox 186 2170 225 2190; x_wconf 88' lang='lat' dir='ltr'><strong>eo</strong></span> <span class='ocrx_word' id='word_1_276' title='bbox 247 2159 332 2200; x_wconf 85' lang='lat' dir='ltr'><strong>quod</strong></span> <span class='ocrx_word' id='word_1_277' title='bbox 354 2166 412 2196; x_wconf 76' lang='lat' dir='ltr'><strong>est,</strong></span> <span class='ocrx_word' id='word_1_278' title='bbox 432 2159 584 2200; x_wconf 82' lang='lat' dir='ltr'><strong>Magnam</strong></span> <span class='ocrx_word' id='word_1_279' title='bbox 598 2159 715 2190; x_wconf 79' lang='lat' dir='ltr'><strong>samam</strong></span> <span class='ocrx_word' id='word_1_280' title='bbox 729 2158 847 2201; x_wconf 85' lang='lat' dir='ltr'><strong>cupide</strong></span> 
     </span>
     <span class='ocr_line' id='line_1_43' title="bbox 104 2202 847 2244; baseline -0.001 -10"><span class='ocrx_word' id='word_1_281' title='bbox 104 2202 340 2243; x_wconf 74' lang='lat' dir='ltr'><strong>acquisiverim,</strong></span> <span class='ocrx_word' id='word_1_282' title='bbox 355 2202 526 2244; x_wconf 85' lang='lat' dir='ltr'><strong>significat.</strong></span> <span class='ocrx_word' id='word_1_283' title='bbox 563 2204 634 2233; x_wconf 78' lang='lat' dir='ltr'><strong>Non</strong></span> <span class='ocrx_word' id='word_1_284' title='bbox 651 2204 781 2242; x_wconf 77' lang='lat' dir='ltr'><strong>poenitet</strong></span> <span class='ocrx_word' id='word_1_285' title='bbox 801 2213 847 2233; x_wconf 72' lang='lat' dir='ltr'><strong>ne</strong></span> 
     </span>
     <span class='ocr_line' id='line_1_44' title="bbox 96 2244 846 2287; baseline -0.001 -10"><span class='ocrx_word' id='word_1_286' title='bbox 96 2244 210 2287; x_wconf 65' lang='lat' dir='ltr'><strong>sana]</strong></span> <span class='ocrx_word' id='word_1_287' title='bbox 234 2247 286 2278; x_wconf 89' lang='lat' dir='ltr'><strong>Ne</strong></span> <span class='ocrx_word' id='word_1_288' title='bbox 301 2256 525 2287; x_wconf 70' lang='lat' dir='ltr'><strong>quaereremus,</strong></span> <span class='ocrx_word' id='word_1_289' title='bbox 541 2245 596 2286; x_wconf 91' lang='lat' dir='ltr'><strong>qui</strong></span> <span class='ocrx_word' id='word_1_290' title='bbox 612 2246 671 2276; x_wconf 88' lang='lat' dir='ltr'><strong>hoc</strong></span> <span class='ocrx_word' id='word_1_291' title='bbox 686 2245 846 2276; x_wconf 86' lang='lat' dir='ltr'><strong>meretrici</strong></span> 
     </span>
     <span class='ocr_line' id='line_1_45' title="bbox 104 2288 846 2337; baseline -0.001 -17"><span class='ocrx_word' id='word_1_292' title='bbox 104 2289 257 2330; x_wconf 77' lang='lat' dir='ltr'><strong>prodesse</strong></span> <span class='ocrx_word' id='word_1_293' title='bbox 280 2296 398 2332; x_wconf 85' lang='lat' dir='ltr'><strong>posset.</strong></span> <span class='ocrx_word' id='word_1_294' title='bbox 431 2289 583 2320; x_wconf 87' lang='lat' dir='ltr'><strong>D.—Pro</strong></span> <span class='ocrx_word' id='word_1_295' title='bbox 604 2291 736 2337; x_wconf 72' lang='lat' dir='ltr'><strong>perficio,</strong></span> <span class='ocrx_word' id='word_1_296' title='bbox 760 2288 846 2329; x_wconf 89' lang='lat' dir='ltr'><strong>quod</strong></span> 
     </span>
     <span class='ocr_line' id='line_1_46' title="bbox 106 2331 846 2375; baseline -0.001 -12"><span class='ocrx_word' id='word_1_297' title='bbox 106 2342 234 2364; x_wconf 77' lang='lat' dir='ltr'><strong>versum</strong></span> <span class='ocrx_word' id='word_1_298' title='bbox 241 2333 379 2375; x_wconf 82' lang='lat' dir='ltr'><strong>jugulat,</strong></span> <span class='ocrx_word' id='word_1_299' title='bbox 390 2332 446 2374; x_wconf 89' lang='lat' dir='ltr'><strong>qui</strong></span> <span class='ocrx_word' id='word_1_300' title='bbox 456 2333 620 2364; x_wconf 88' lang='lat' dir='ltr'><strong>Creticum</strong></span> <span class='ocrx_word' id='word_1_301' title='bbox 630 2332 681 2363; x_wconf 87' lang='lat' dir='ltr'><strong>vel</strong></span> <span class='ocrx_word' id='word_1_302' title='bbox 692 2331 723 2363; x_wconf 90' lang='lat' dir='ltr'><strong>ei</strong></span> <span class='ocrx_word' id='word_1_303' title='bbox 734 2342 846 2374; x_wconf 84' lang='lat' dir='ltr'><strong>parem</strong></span> 
     </span>
     <span class='ocr_line' id='line_1_47' title="bbox 106 2375 846 2419; baseline -0.001 -12"><span class='ocrx_word' id='word_1_304' title='bbox 106 2375 221 2416; x_wconf 84' lang='lat' dir='ltr'><strong>pedem</strong></span> <span class='ocrx_word' id='word_1_305' title='bbox 245 2376 280 2407; x_wconf 89' lang='lat' dir='ltr'><strong>in</strong></span> <span class='ocrx_word' id='word_1_306' title='bbox 306 2387 428 2408; x_wconf 77' lang='lat' dir='ltr'><strong>caesura</strong></span> <span class='ocrx_word' id='word_1_307' title='bbox 451 2376 603 2419; x_wconf 86' lang='lat' dir='ltr'><strong>postulat,</strong></span> <span class='ocrx_word' id='word_1_308' title='bbox 627 2386 749 2417; x_wconf 87' lang='lat' dir='ltr'><strong>repone</strong></span> <span class='ocrx_word' id='word_1_309' title='bbox 774 2376 846 2415; x_wconf 69' lang='lat' dir='ltr'><strong>qffe-</strong></span> 
     </span>
     <span class='ocr_line' id='line_1_48' title="bbox 106 2419 249 2450; baseline 0.008 -1"><span class='ocrx_word' id='word_1_310' title='bbox 106 2429 182 2450; x_wconf 82' lang='lat' dir='ltr'><strong>eero.</strong></span> <span class='ocrx_word' id='word_1_311' title='bbox 211 2419 249 2450; x_wconf 87' lang='lat' dir='ltr'><strong>B.</strong></span> 
     </span>
    </p>

    <p class='ocr_par' dir='ltr' id='par_1_12' title="bbox 106 2461 847 2589">
     <span class='ocr_line' id='line_1_49' title="bbox 154 2461 846 2503; baseline 0 -11"><span class='ocrx_word' id='word_1_312' title='bbox 154 2463 202 2492; x_wconf 85' lang='grc'><strong>10.</strong></span> <span class='ocrx_word' id='word_1_313' title='bbox 223 2464 321 2493; x_wconf 81' lang='lat' dir='ltr'><strong>Solam</strong></span> <span class='ocrx_word' id='word_1_314' title='bbox 333 2461 464 2503; x_wconf 76' lang='lat' dir='ltr'><strong>secisse]</strong></span> <span class='ocrx_word' id='word_1_315' title='bbox 484 2463 574 2494; x_wconf 88' lang='lat' dir='ltr'><strong>Bene</strong></span> <span class='ocrx_word' id='word_1_316' title='bbox 589 2464 709 2493; x_wconf 75' lang='lat' dir='ltr'><strong>Solam.-</strong></span> <span class='ocrx_word' id='word_1_317' title='bbox 731 2472 773 2493; x_wconf 89' lang='grc' dir='ltr'><strong>ιιε</strong></span> <span class='ocrx_word' id='word_1_318' title='bbox 789 2472 846 2493; x_wconf 87' lang='lat' dir='ltr'><strong>ne·</strong></span> 
     </span>
     <span class='ocr_line' id='line_1_50' title="bbox 106 2503 845 2548; baseline 0.001 -13"><span class='ocrx_word' id='word_1_319' title='bbox 106 2503 205 2536; x_wconf 60' lang='lat' dir='ltr'><strong>sciaee</strong></span> <span class='ocrx_word' id='word_1_320' title='bbox 216 2505 354 2537; x_wconf 85' lang='lat' dir='ltr'><strong>officium</strong></span> <span class='ocrx_word' id='word_1_321' title='bbox 371 2506 549 2538; x_wconf 86' lang='lat' dir='ltr'><strong>meretricis</strong></span> <span class='ocrx_word' id='word_1_322' title='bbox 563 2514 659 2548; x_wconf 89' lang='lat' dir='ltr'><strong>poeta</strong></span> <span class='ocrx_word' id='word_1_323' title='bbox 673 2505 845 2536; x_wconf 85' lang='lat' dir='ltr'><strong>videretur.</strong></span> 
     </span>
     <span class='ocr_line' id='line_1_51' title="bbox 108 2547 847 2589; baseline 0 -9"><span class='ocrx_word' id='word_1_324' title='bbox 108 2549 207 2579; x_wconf 69' lang='lat' dir='ltr'><strong>Sola-</strong></span> <span class='ocrx_word' id='word_1_325' title='bbox 213 2547 326 2588; x_wconf 69' lang='lat' dir='ltr'><strong>seeisoe</strong></span> <span class='ocrx_word' id='word_1_326' title='bbox 341 2551 375 2579; x_wconf 79' lang='lat' dir='ltr'><strong>id</strong></span> <span class='ocrx_word' id='word_1_327' title='bbox 386 2551 465 2589; x_wconf 74' lang='lat' dir='ltr'><strong>quod</strong></span> <span class='ocrx_word' id='word_1_328' title='bbox 478 2551 547 2580; x_wconf 82' lang='lat' dir='ltr'><strong>aliae</strong></span> <span class='ocrx_word' id='word_1_329' title='bbox 562 2551 733 2580; x_wconf 73' lang='lat' dir='ltr'><strong>meretrices</strong></span> <span class='ocrx_word' id='word_1_330' title='bbox 738 2548 847 2589; x_wconf 74' lang='lat' dir='ltr'><strong>facere</strong></span> 
     </span>
    </p>
   </div>
   <div class='ocr_carea' id='block_1_11' title="bbox 100 2590 846 2666">
    <p class='ocr_par' dir='ltr' id='par_1_13' title="bbox 100 2590 846 2665">
     <span class='ocr_line' id='line_1_52' title="bbox 100 2590 846 2632; baseline 0.001 -11"><span class='ocrx_word' id='word_1_331' title='bbox 100 2590 259 2632; x_wconf 76' lang='lat' dir='ltr'><strong>fugitant]</strong></span> <span class='ocrx_word' id='word_1_332' title='bbox 301 2592 340 2623; x_wconf 91' lang='lat' dir='ltr'><strong>ld</strong></span> <span class='ocrx_word' id='word_1_333' title='bbox 368 2599 429 2629; x_wconf 83' lang='lat' dir='ltr'><strong>est,</strong></span> <span class='ocrx_word' id='word_1_334' title='bbox 458 2592 683 2624; x_wconf 74' lang='lat' dir='ltr'><strong>reconciliasse</strong></span> <span class='ocrx_word' id='word_1_335' title='bbox 712 2602 846 2623; x_wconf 84' lang='lat' dir='ltr'><strong>uxorem</strong></span> 
     </span>
     <span class='ocr_line' id='line_1_53' title="bbox 109 2635 309 2666; baseline 0 -1"><span class='ocrx_word' id='word_1_336' title='bbox 109 2635 234 2666; x_wconf 86' lang='lat' dir='ltr'><strong>marito.</strong></span> <span class='ocrx_word' id='word_1_337' title='bbox 267 2635 309 2666; x_wconf 89' lang='lat' dir='ltr'><strong>D.</strong></span> 
     </span>
    </p>
   </div>
   <div class='ocr_carea' id='block_1_12' title="bbox 107 2676 851 3023">
    <p class='ocr_par' dir='ltr' id='par_1_14' title="bbox 107 2676 849 2980">
     <span class='ocr_line' id='line_1_54' title="bbox 155 2676 849 2718; baseline 0 -10"><span class='ocrx_word' id='word_1_338' title='bbox 155 2677 203 2708; x_wconf 87' lang='lat' dir='ltr'><strong>ll.</strong></span> <span class='ocrx_word' id='word_1_339' title='bbox 219 2680 351 2709; x_wconf 71' lang='lat' dir='ltr'><strong>Nostros</strong></span> <span class='ocrx_word' id='word_1_340' title='bbox 362 2680 501 2709; x_wconf 64' lang='lat' dir='ltr'><strong>mulieres</strong></span> <span class='ocrx_word' id='word_1_341' title='bbox 514 2684 667 2718; x_wconf 71' lang='lat' dir='ltr'><strong>suspectas</strong></span> <span class='ocrx_word' id='word_1_342' title='bbox 673 2676 792 2718; x_wconf 68' lang='lat' dir='ltr'><strong>sume]</strong></span> <span class='ocrx_word' id='word_1_343' title='bbox 811 2677 849 2709; x_wconf 83' lang='lat' dir='ltr'><strong>ld</strong></span> 
     </span>
     <span class='ocr_line' id='line_1_55' title="bbox 108 2721 848 2763; baseline -0.001 -11"><span class='ocrx_word' id='word_1_344' title='bbox 108 2727 166 2759; x_wconf 85' lang='grc' dir='ltr'><strong>εει,</strong></span> <span class='ocrx_word' id='word_1_345' title='bbox 180 2721 215 2752; x_wconf 93' lang='lat' dir='ltr'><strong>in</strong></span> <span class='ocrx_word' id='word_1_346' title='bbox 230 2721 413 2763; x_wconf 87' lang='lat' dir='ltr'><strong>suspicione</strong></span> <span class='ocrx_word' id='word_1_347' title='bbox 426 2721 556 2763; x_wconf 69' lang='lat' dir='ltr'><strong>positas.</strong></span> <span class='ocrx_word' id='word_1_348' title='bbox 600 2721 685 2752; x_wconf 83' lang='lat' dir='ltr'><strong>Nam</strong></span> <span class='ocrx_word' id='word_1_349' title='bbox 700 2731 848 2752; x_wconf 82' lang='lat' dir='ltr'><strong>essesus-</strong></span> 
     </span>
     <span class='ocr_line' id='line_1_56' title="bbox 107 2765 851 2806; baseline -0.003 -10"><span class='ocrx_word' id='word_1_350' title='bbox 107 2772 228 2806; x_wconf 81' lang='lat' dir='ltr'><strong>pectas‚</strong></span> <span class='ocrx_word' id='word_1_351' title='bbox 246 2765 431 2806; x_wconf 82' lang='lat' dir='ltr'><strong>ambiguum</strong></span> <span class='ocrx_word' id='word_1_352' title='bbox 447 2772 513 2796; x_wconf 88' lang='lat' dir='ltr'><strong>est:</strong></span> <span class='ocrx_word' id='word_1_353' title='bbox 537 2771 571 2795; x_wconf 90' lang='lat' dir='ltr'><strong>et</strong></span> <span class='ocrx_word' id='word_1_354' title='bbox 591 2774 677 2795; x_wconf 88' lang='lat' dir='ltr'><strong>nunc</strong></span> <span class='ocrx_word' id='word_1_355' title='bbox 692 2765 761 2804; x_wconf 87' lang='lat' dir='ltr'><strong>ejus</strong></span> <span class='ocrx_word' id='word_1_356' title='bbox 776 2773 851 2805; x_wconf 87' lang='lat' dir='ltr'><strong>par-</strong></span> 
     </span>
     <span class='ocr_line' id='line_1_57' title="bbox 108 2806 847 2847; baseline -0.003 -8"><span class='ocrx_word' id='word_1_357' title='bbox 108 2815 174 2839; x_wconf 89' lang='lat' dir='ltr'><strong>tem</strong></span> <span class='ocrx_word' id='word_1_358' title='bbox 190 2808 391 2840; x_wconf 80' lang='lat' dir='ltr'><strong>manifestam</strong></span> <span class='ocrx_word' id='word_1_359' title='bbox 406 2807 561 2839; x_wconf 86' lang='lat' dir='ltr'><strong>videmus.</strong></span> <span class='ocrx_word' id='word_1_360' title='bbox 600 2807 641 2838; x_wconf 88' lang='lat' dir='ltr'><strong>D.</strong></span> <span class='ocrx_word' id='word_1_361' title='bbox 643 2806 847 2847; x_wconf 78' lang='lat' dir='ltr'><strong>—Exsequi-</strong></span> 
     </span>
     <span class='ocr_line' id='line_1_58' title="bbox 109 2851 848 2893; baseline -0.005 -10"><span class='ocrx_word' id='word_1_362' title='bbox 109 2859 163 2883; x_wconf 84' lang='lat' dir='ltr'><strong>tur</strong></span> <span class='ocrx_word' id='word_1_363' title='bbox 193 2851 301 2893; x_wconf 84' lang='lat' dir='ltr'><strong>itaque</strong></span> <span class='ocrx_word' id='word_1_364' title='bbox 332 2853 436 2882; x_wconf 82' lang='lat' dir='ltr'><strong>varias</strong></span> <span class='ocrx_word' id='word_1_365' title='bbox 463 2861 586 2888; x_wconf 85' lang='lat' dir='ltr'><strong>causas,</strong></span> <span class='ocrx_word' id='word_1_366' title='bbox 607 2857 741 2892; x_wconf 87' lang='lat' dir='ltr'><strong>propter</strong></span> <span class='ocrx_word' id='word_1_367' title='bbox 770 2859 808 2890; x_wconf 82' lang='lat' dir='ltr'><strong>q;</strong></span> <span class='ocrx_word' id='word_1_368' title='bbox 834 2857 848 2880; x_wconf 88' lang='lat' dir='ltr'><strong>t</strong></span> 
     </span>
     <span class='ocr_line' id='line_1_59' title="bbox 110 2892 846 2936; baseline -0.003 -10"><span class='ocrx_word' id='word_1_369' title='bbox 110 2897 252 2936; x_wconf 77' lang='lat' dir='ltr'><strong>(propter</strong></span> <span class='ocrx_word' id='word_1_370' title='bbox 273 2906 357 2936; x_wconf 78' lang='lat' dir='ltr'><strong>quas,</strong></span> <span class='ocrx_word' id='word_1_371' title='bbox 373 2906 439 2926; x_wconf 78' lang='lat' dir='ltr'><strong>cum</strong></span> <span class='ocrx_word' id='word_1_372' title='bbox 462 2894 515 2934; x_wconf 91' lang='grc' dir='ltr'><strong>Ζ.)</strong></span> <span class='ocrx_word' id='word_1_373' title='bbox 532 2893 620 2925; x_wconf 86' lang='lat' dir='ltr'><strong>leves</strong></span> <span class='ocrx_word' id='word_1_374' title='bbox 640 2900 726 2931; x_wconf 80' lang='lat' dir='ltr'><strong>sunt,</strong></span> <span class='ocrx_word' id='word_1_375' title='bbox 748 2892 846 2924; x_wconf 84' lang='lat' dir='ltr'><strong>disci-</strong></span> 
     </span>
     <span class='ocr_line' id='line_1_60' title="bbox 108 2937 571 2980; baseline -0.009 -8"><span class='ocrx_word' id='word_1_376' title='bbox 108 2940 197 2977; x_wconf 80' lang='lat' dir='ltr'><strong>dium</strong></span> <span class='ocrx_word' id='word_1_377' title='bbox 213 2950 283 2971; x_wconf 88' lang='lat' dir='ltr'><strong>esse</strong></span> <span class='ocrx_word' id='word_1_378' title='bbox 298 2950 363 2970; x_wconf 90' lang='lat' dir='ltr'><strong>non</strong></span> <span class='ocrx_word' id='word_1_379' title='bbox 375 2937 502 2980; x_wconf 84' lang='lat' dir='ltr'><strong>poterit.</strong></span> <span class='ocrx_word' id='word_1_380' title='bbox 531 2937 571 2968; x_wconf 88' lang='lat' dir='ltr'><strong>E.</strong></span> 
     </span>
    </p>

    <p class='ocr_par' dir='ltr' id='par_1_15' title="bbox 154 2979 845 3023">
     <span class='ocr_line' id='line_1_61' title="bbox 154 2979 845 3023; baseline -0.007 -8"><span class='ocrx_word' id='word_1_381' title='bbox 154 2984 204 3015; x_wconf 83' lang='lat'><strong>12.</strong></span> <span class='ocrx_word' id='word_1_382' title='bbox 219 2985 326 3021; x_wconf 78' lang='lat' dir='ltr'><strong>Nobis,</strong></span> <span class='ocrx_word' id='word_1_383' title='bbox 341 2984 374 3014; x_wconf 79' lang='lat' dir='ltr'><strong>in</strong></span> <span class='ocrx_word' id='word_1_384' title='bbox 394 2993 427 3014; x_wconf 88' lang='lat' dir='ltr'><strong>re</strong></span> <span class='ocrx_word' id='word_1_385' title='bbox 442 2980 529 3023; x_wconf 68' lang='lat' dir='ltr'><strong>ipsa]</strong></span> <span class='ocrx_word' id='word_1_386' title='bbox 551 2982 658 3018; x_wconf 67' lang='lat' dir='ltr'><strong>Nobis,</strong></span> <span class='ocrx_word' id='word_1_387' title='bbox 673 2985 730 3012; x_wconf 85' lang='lat' dir='ltr'><strong>aut</strong></span> <span class='ocrx_word' id='word_1_388' title='bbox 743 2979 845 3011; x_wconf 76' lang='lat' dir='ltr'><strong>abun·</strong></span> 
     </span>
    </p>
   </div>
   <div class='ocr_carea' id='block_1_13' title="bbox 877 1076 1632 2847">
    <p class='ocr_par' dir='ltr' id='par_1_16' title="bbox 882 1076 1629 1378">
     <span class='ocr_line' id='line_1_62' title="bbox 883 1076 1626 1119; baseline 0.004 -12"><span class='ocrx_word' id='word_1_389' title='bbox 883 1076 948 1113; x_wconf 86' lang='lat' dir='ltr'><strong>dat,</strong></span> <span class='ocrx_word' id='word_1_390' title='bbox 972 1083 1038 1113; x_wconf 85' lang='lat' dir='ltr'><strong>aut,</strong></span> <span class='ocrx_word' id='word_1_391' title='bbox 1061 1088 1127 1108; x_wconf 78' lang='lat' dir='ltr'><strong>cum</strong></span> <span class='ocrx_word' id='word_1_392' title='bbox 1154 1078 1289 1108; x_wconf 71' lang='lat' dir='ltr'><strong>molestia</strong></span> <span class='ocrx_word' id='word_1_393' title='bbox 1312 1083 1426 1115; x_wconf 73' lang='lat' dir='ltr'><strong>nostra,</strong></span> <span class='ocrx_word' id='word_1_394' title='bbox 1452 1078 1626 1119; x_wconf 71' lang='lat' dir='ltr'><strong>significat.</strong></span> 
     </span>
     <span class='ocr_line' id='line_1_63' title="bbox 882 1120 1628 1161; baseline 0.004 -11"><span class='ocrx_word' id='word_1_395' title='bbox 882 1121 980 1151; x_wconf 80' lang='lat' dir='ltr'><strong>Porro</strong></span> <span class='ocrx_word' id='word_1_396' title='bbox 1000 1122 1078 1151; x_wconf 69' lang='lat' dir='ltr'><strong>hamc</strong></span> <span class='ocrx_word' id='word_1_397' title='bbox 1096 1131 1176 1151; x_wconf 80' lang='lat' dir='ltr'><strong>nunc</strong></span> <span class='ocrx_word' id='word_1_398' title='bbox 1196 1120 1403 1161; x_wconf 65' lang='lat' dir='ltr'><strong>experiamur]</strong></span> <span class='ocrx_word' id='word_1_399' title='bbox 1427 1123 1524 1153; x_wconf 86' lang='lat' dir='ltr'><strong>Porro</strong></span> <span class='ocrx_word' id='word_1_400' title='bbox 1537 1133 1628 1160; x_wconf 80' lang='lat' dir='ltr'><strong>nunc,</strong></span> 
     </span>
     <span class='ocr_line' id='line_1_64' title="bbox 882 1162 1628 1205; baseline 0.005 -12"><span class='ocrx_word' id='word_1_401' title='bbox 882 1162 1026 1194; x_wconf 79' lang='lat' dir='ltr'><strong>futurum</strong></span> <span class='ocrx_word' id='word_1_402' title='bbox 1049 1170 1177 1204; x_wconf 89' lang='lat' dir='ltr'><strong>tempus</strong></span> <span class='ocrx_word' id='word_1_403' title='bbox 1199 1163 1349 1194; x_wconf 83' lang='lat' dir='ltr'><strong>ostendit.</strong></span> <span class='ocrx_word' id='word_1_404' title='bbox 1395 1165 1481 1196; x_wconf 88' lang='lat' dir='ltr'><strong>Nam</strong></span> <span class='ocrx_word' id='word_1_405' title='bbox 1503 1164 1531 1196; x_wconf 89' lang='lat' dir='ltr'><strong>si</strong></span> <span class='ocrx_word' id='word_1_406' title='bbox 1557 1167 1628 1205; x_wconf 83' lang='lat' dir='ltr'><strong>jam</strong></span> 
     </span>
     <span class='ocr_line' id='line_1_65' title="bbox 883 1206 1629 1249; baseline 0.004 -12"><span class='ocrx_word' id='word_1_407' title='bbox 883 1206 1038 1238; x_wconf 85' lang='lat' dir='ltr'><strong>invenisti</strong></span> <span class='ocrx_word' id='word_1_408' title='bbox 1046 1206 1133 1247; x_wconf 91' lang='lat' dir='ltr'><strong>quid,</strong></span> <span class='ocrx_word' id='word_1_409' title='bbox 1143 1207 1321 1249; x_wconf 88' lang='lat' dir='ltr'><strong>experiaris</strong></span> <span class='ocrx_word' id='word_1_410' title='bbox 1328 1214 1361 1238; x_wconf 87' lang='lat' dir='ltr'><strong>et</strong></span> <span class='ocrx_word' id='word_1_411' title='bbox 1370 1218 1417 1245; x_wconf 88' lang='lat' dir='ltr'><strong>ea,</strong></span> <span class='ocrx_word' id='word_1_412' title='bbox 1425 1219 1496 1248; x_wconf 64' lang='lat' dir='ltr'><strong>quae</strong></span> <span class='ocrx_word' id='word_1_413' title='bbox 1505 1215 1629 1240; x_wconf 85' lang='lat' dir='ltr'><strong>restant</strong></span> 
     </span>
     <span class='ocr_line' id='line_1_66' title="bbox 885 1249 1625 1298; baseline 0.004 -18"><span class='ocrx_word' id='word_1_414' title='bbox 885 1249 919 1280; x_wconf 88' lang='lat' dir='ltr'><strong>in</strong></span> <span class='ocrx_word' id='word_1_415' title='bbox 938 1249 1101 1298; x_wconf 81' lang='lat' dir='ltr'><strong>reliquum</strong></span> <span class='ocrx_word' id='word_1_416' title='bbox 1124 1258 1273 1291; x_wconf 87' lang='lat' dir='ltr'><strong>tempus·</strong></span> <span class='ocrx_word' id='word_1_417' title='bbox 1296 1250 1370 1290; x_wconf 92' lang='lat' dir='ltr'><strong>quia</strong></span> <span class='ocrx_word' id='word_1_418' title='bbox 1389 1252 1458 1291; x_wconf 85' lang='lat' dir='ltr'><strong>jam</strong></span> <span class='ocrx_word' id='word_1_419' title='bbox 1478 1251 1520 1282; x_wconf 92' lang='lat' dir='ltr'><strong>de</strong></span> <span class='ocrx_word' id='word_1_420' title='bbox 1542 1262 1625 1293; x_wconf 83' lang='lat' dir='ltr'><strong>prae·</strong></span> 
     </span>
     <span class='ocr_line' id='line_1_67' title="bbox 887 1292 1629 1336; baseline 0.005 -13"><span class='ocrx_word' id='word_1_421' title='bbox 887 1292 991 1324; x_wconf 88' lang='lat' dir='ltr'><strong>teritis</strong></span> <span class='ocrx_word' id='word_1_422' title='bbox 1005 1300 1142 1334; x_wconf 83' lang='lat' dir='ltr'><strong>purgata</strong></span> <span class='ocrx_word' id='word_1_423' title='bbox 1156 1302 1214 1325; x_wconf 83' lang='lat' dir='ltr'><strong>est.</strong></span> <span class='ocrx_word' id='word_1_424' title='bbox 1251 1295 1342 1324; x_wconf 86' lang='lat' dir='ltr'><strong>Hanc</strong></span> <span class='ocrx_word' id='word_1_425' title='bbox 1355 1295 1563 1336; x_wconf 70' lang='lat' dir='ltr'><strong>experiamur]</strong></span> <span class='ocrx_word' id='word_1_426' title='bbox 1588 1295 1629 1327; x_wconf 84' lang='lat' dir='ltr'><strong>ld</strong></span> 
     </span>
     <span class='ocr_line' id='line_1_68' title="bbox 887 1337 1370 1378; baseline 0 -11"><span class='ocrx_word' id='word_1_427' title='bbox 887 1342 945 1373; x_wconf 80' lang='lat' dir='ltr'><strong>est,</strong></span> <span class='ocrx_word' id='word_1_428' title='bbox 962 1343 1090 1367; x_wconf 82' lang='lat' dir='ltr'><strong>utamur</strong></span> <span class='ocrx_word' id='word_1_429' title='bbox 1104 1346 1203 1378; x_wconf 88' lang='lat' dir='ltr'><strong>opera</strong></span> <span class='ocrx_word' id='word_1_430' title='bbox 1217 1337 1296 1376; x_wconf 85' lang='lat' dir='ltr'><strong>ejus.</strong></span> <span class='ocrx_word' id='word_1_431' title='bbox 1328 1337 1370 1367; x_wconf 94' lang='lat' dir='ltr'><strong>D.</strong></span> 
     </span>
    </p>

    <p class='ocr_par' dir='ltr' id='par_1_17' title="bbox 877 1379 1631 1973">
     <span class='ocr_line' id='line_1_69' title="bbox 933 1379 1627 1422; baseline 0.006 -13"><span class='ocrx_word' id='word_1_432' title='bbox 933 1380 980 1410; x_wconf 90' lang='grc'><strong>13.</strong></span> <span class='ocrx_word' id='word_1_433' title='bbox 999 1381 1127 1410; x_wconf 74' lang='lat' dir='ltr'><strong>Cn&#39;m‘m&#39;</strong></span> <span class='ocrx_word' id='word_1_434' title='bbox 1147 1385 1200 1410; x_wconf 76' lang='lat' dir='ltr'><strong>tua</strong></span> <span class='ocrx_word' id='word_1_435' title='bbox 1214 1391 1246 1411; x_wconf 82' lang='lat' dir='ltr'><strong>se</strong></span> <span class='ocrx_word' id='word_1_436' title='bbox 1259 1379 1344 1420; x_wconf 80' lang='lat' dir='ltr'><strong>salso</strong></span> <span class='ocrx_word' id='word_1_437' title='bbox 1357 1392 1432 1411; x_wconf 72' lang='lat' dir='ltr'><strong>uxor</strong></span> <span class='ocrx_word' id='word_1_438' title='bbox 1446 1380 1627 1422; x_wconf 72' lang='lat' dir='ltr'><strong>credidisse]</strong></span> 
     </span>
     <span class='ocr_line' id='line_1_70' title="bbox 889 1422 1628 1464; baseline 0.004 -11"><span class='ocrx_word' id='word_1_439' title='bbox 889 1424 1009 1454; x_wconf 80' lang='lat' dir='ltr'><strong>Crimen</strong></span> <span class='ocrx_word' id='word_1_440' title='bbox 1032 1422 1162 1464; x_wconf 84' lang='lat' dir='ltr'><strong>proprie</strong></span> <span class='ocrx_word' id='word_1_441' title='bbox 1188 1422 1308 1454; x_wconf 86' lang='lat' dir='ltr'><strong>dicitur</strong></span> <span class='ocrx_word' id='word_1_442' title='bbox 1334 1423 1378 1461; x_wconf 88' lang='lat' dir='ltr'><strong>id,</strong></span> <span class='ocrx_word' id='word_1_443' title='bbox 1401 1424 1487 1464; x_wconf 89' lang='lat' dir='ltr'><strong>quod</strong></span> <span class='ocrx_word' id='word_1_444' title='bbox 1507 1424 1628 1456; x_wconf 83' lang='lat' dir='ltr'><strong>factum</strong></span> 
     </span>
     <span class='ocr_line' id='line_1_71' title="bbox 887 1464 1629 1505; baseline 0.004 -9"><span class='ocrx_word' id='word_1_445' title='bbox 887 1464 1017 1505; x_wconf 66' lang='lat' dir='ltr'><strong>(falsum</strong></span> <span class='ocrx_word' id='word_1_446' title='bbox 1044 1465 1168 1504; x_wconf 90' lang='lat' dir='ltr'><strong>Bentl.)</strong></span> <span class='ocrx_word' id='word_1_447' title='bbox 1190 1473 1249 1503; x_wconf 86' lang='lat' dir='ltr'><strong>est,</strong></span> <span class='ocrx_word' id='word_1_448' title='bbox 1275 1466 1399 1504; x_wconf 83' lang='lat' dir='ltr'><strong>Cicero,</strong></span> <span class='ocrx_word' id='word_1_449' title='bbox 1429 1469 1629 1499; x_wconf 73' lang='lat' dir='ltr'><strong>Veruntamen</strong></span> 
     </span>
     <span class='ocr_line' id='line_1_72' title="bbox 877 1508 1628 1549; baseline 0.004 -10"><span class='ocrx_word' id='word_1_450' title='bbox 877 1508 945 1549; x_wconf 77' lang='lat' dir='ltr'><strong>fac,</strong></span> <span class='ocrx_word' id='word_1_451' title='bbox 976 1511 1096 1540; x_wconf 78' lang='lat' dir='ltr'><strong>tametsi</strong></span> <span class='ocrx_word' id='word_1_452' title='bbox 1120 1512 1308 1540; x_wconf 77' lang='lat' dir='ltr'><strong>criminosum</strong></span> <span class='ocrx_word' id='word_1_453' title='bbox 1336 1511 1370 1540; x_wconf 83' lang='lat' dir='ltr'><strong>id</strong></span> <span class='ocrx_word' id='word_1_454' title='bbox 1397 1515 1451 1541; x_wconf 73' lang='lat' dir='ltr'><strong>eet.</strong></span> <span class='ocrx_word' id='word_1_455' title='bbox 1498 1511 1537 1541; x_wconf 88' lang='lat' dir='ltr'><strong>ld</strong></span> <span class='ocrx_word' id='word_1_456' title='bbox 1567 1518 1628 1548; x_wconf 76' lang='lat' dir='ltr'><strong>est,</strong></span> 
     </span>
     <span class='ocr_line' id='line_1_73' title="bbox 887 1552 1630 1594; baseline 0.005 -12"><span class='ocrx_word' id='word_1_457' title='bbox 887 1552 967 1583; x_wconf 84' lang='lat' dir='ltr'><strong>falsa</strong></span> <span class='ocrx_word' id='word_1_458' title='bbox 996 1552 1194 1583; x_wconf 87' lang='lat' dir='ltr'><strong>insimulatio</strong></span> <span class='ocrx_word' id='word_1_459' title='bbox 1222 1561 1280 1584; x_wconf 86' lang='lat' dir='ltr'><strong>est.</strong></span> <span class='ocrx_word' id='word_1_460' title='bbox 1332 1552 1477 1594; x_wconf 71' lang='lat' dir='ltr'><strong>Cn&#39;nini]</strong></span> <span class='ocrx_word' id='word_1_461' title='bbox 1506 1555 1630 1586; x_wconf 70' lang='lat' dir='ltr'><strong>Cri-en</strong></span> 
     </span>
     <span class='ocr_line' id='line_1_74' title="bbox 888 1595 1628 1637; baseline 0.004 -11"><span class='ocrx_word' id='word_1_462' title='bbox 888 1605 984 1632; x_wconf 86' lang='lat' dir='ltr'><strong>nunc,</strong></span> <span class='ocrx_word' id='word_1_463' title='bbox 998 1605 1057 1636; x_wconf 90' lang='lat' dir='ltr'><strong>pro</strong></span> <span class='ocrx_word' id='word_1_464' title='bbox 1072 1595 1150 1626; x_wconf 83' lang='lat' dir='ltr'><strong>falsa</strong></span> <span class='ocrx_word' id='word_1_465' title='bbox 1164 1595 1357 1637; x_wconf 88' lang='lat' dir='ltr'><strong>suspicione.</strong></span> <span class='ocrx_word' id='word_1_466' title='bbox 1389 1596 1478 1637; x_wconf 83' lang='lat' dir='ltr'><strong>Virg.</strong></span> <span class='ocrx_word' id='word_1_467' title='bbox 1492 1597 1536 1628; x_wconf 81' lang='lat' dir='ltr'><strong>xi.</strong></span> <span class='ocrx_word' id='word_1_468' title='bbox 1553 1599 1628 1631; x_wconf 76' lang='lat'><strong>407.</strong></span> 
     </span>
     <span class='ocr_line' id='line_1_75' title="bbox 879 1638 1628 1679; baseline 0.004 -10"><span class='ocrx_word' id='word_1_469' title='bbox 879 1638 1047 1679; x_wconf 71' lang='lat' dir='ltr'><strong>formidine</strong></span> <span class='ocrx_word' id='word_1_470' title='bbox 1076 1641 1187 1670; x_wconf 78' lang='lat' dir='ltr'><strong>crimen</strong></span> <span class='ocrx_word' id='word_1_471' title='bbox 1214 1641 1348 1670; x_wconf 73' lang='lat' dir='ltr'><strong>acerbat.</strong></span> <span class='ocrx_word' id='word_1_472' title='bbox 1398 1640 1451 1677; x_wconf 86' lang='lat' dir='ltr'><strong>Et,</strong></span> <span class='ocrx_word' id='word_1_473' title='bbox 1481 1640 1525 1671; x_wconf 86' lang='lat' dir='ltr'><strong>xi.</strong></span> <span class='ocrx_word' id='word_1_474' title='bbox 1555 1642 1628 1672; x_wconf 87' lang='lat'><strong>122.</strong></span> 
     </span>
     <span class='ocr_line' id='line_1_76' title="bbox 887 1684 1628 1723; baseline 0.005 -11"><span class='ocrx_word' id='word_1_475' title='bbox 887 1693 1059 1723; x_wconf 69' lang='lat' dir='ltr'><strong>semperque</strong></span> <span class='ocrx_word' id='word_1_476' title='bbox 1087 1684 1166 1713; x_wconf 73' lang='lat' dir='ltr'><strong>odiie</strong></span> <span class='ocrx_word' id='word_1_477' title='bbox 1195 1687 1226 1714; x_wconf 73' lang='lat' dir='ltr'><strong>et</strong></span> <span class='ocrx_word' id='word_1_478' title='bbox 1255 1684 1380 1714; x_wconf 67' lang='lat' dir='ltr'><strong>maxine</strong></span> <span class='ocrx_word' id='word_1_479' title='bbox 1407 1685 1546 1715; x_wconf 72' lang='lat' dir='ltr'><strong>Drances</strong></span> <span class='ocrx_word' id='word_1_480' title='bbox 1571 1685 1628 1716; x_wconf 71' lang='lat' dir='ltr'><strong>In-</strong></span> 
     </span>
     <span class='ocr_line' id='line_1_77' title="bbox 879 1724 1628 1767; baseline 0.004 -11"><span class='ocrx_word' id='word_1_481' title='bbox 879 1724 1016 1766; x_wconf 72' lang='lat' dir='ltr'><strong>senmj</strong></span> <span class='ocrx_word' id='word_1_482' title='bbox 1017 1728 1103 1757; x_wconf 79' lang='lat' dir='ltr'><strong>uveni</strong></span> <span class='ocrx_word' id='word_1_483' title='bbox 1120 1727 1230 1757; x_wconf 77' lang='lat' dir='ltr'><strong>Turno.</strong></span> <span class='ocrx_word' id='word_1_484' title='bbox 1276 1725 1316 1756; x_wconf 88' lang='lat' dir='ltr'><strong>Id</strong></span> <span class='ocrx_word' id='word_1_485' title='bbox 1331 1733 1389 1763; x_wconf 83' lang='lat' dir='ltr'><strong>est,</strong></span> <span class='ocrx_word' id='word_1_486' title='bbox 1405 1733 1439 1758; x_wconf 87' lang='lat' dir='ltr'><strong>et</strong></span> <span class='ocrx_word' id='word_1_487' title='bbox 1453 1726 1538 1767; x_wconf 85' lang='lat' dir='ltr'><strong>quod</strong></span> <span class='ocrx_word' id='word_1_488' title='bbox 1553 1737 1628 1759; x_wconf 85' lang='lat' dir='ltr'><strong>eum</strong></span> 
     </span>
     <span class='ocr_line' id='line_1_78' title="bbox 887 1768 1628 1812; baseline 0.004 -13"><span class='ocrx_word' id='word_1_489' title='bbox 887 1768 1003 1806; x_wconf 80' lang='lat' dir='ltr'><strong>odisse,</strong></span> <span class='ocrx_word' id='word_1_490' title='bbox 1019 1775 1052 1799; x_wconf 90' lang='lat' dir='ltr'><strong>et</strong></span> <span class='ocrx_word' id='word_1_491' title='bbox 1073 1769 1159 1809; x_wconf 84' lang='lat' dir='ltr'><strong>quod</strong></span> <span class='ocrx_word' id='word_1_492' title='bbox 1181 1779 1216 1800; x_wconf 87' lang='lat' dir='ltr'><strong>se</strong></span> <span class='ocrx_word' id='word_1_493' title='bbox 1238 1768 1286 1800; x_wconf 91' lang='lat' dir='ltr'><strong>illi</strong></span> <span class='ocrx_word' id='word_1_494' title='bbox 1301 1768 1461 1801; x_wconf 89' lang='lat' dir='ltr'><strong>odioesse</strong></span> <span class='ocrx_word' id='word_1_495' title='bbox 1482 1770 1628 1812; x_wconf 80' lang='lat' dir='ltr'><strong>suspica-</strong></span> 
     </span>
     <span class='ocr_line' id='line_1_79' title="bbox 886 1811 1631 1853; baseline 0.004 -11"><span class='ocrx_word' id='word_1_496' title='bbox 886 1819 985 1843; x_wconf 79' lang='lat' dir='ltr'><strong>retur.</strong></span> <span class='ocrx_word' id='word_1_497' title='bbox 1022 1811 1199 1843; x_wconf 84' lang='lat' dir='ltr'><strong>D.—111ud</strong></span> <span class='ocrx_word' id='word_1_498' title='bbox 1223 1811 1355 1853; x_wconf 82' lang='lat' dir='ltr'><strong>vulgare</strong></span> <span class='ocrx_word' id='word_1_499' title='bbox 1369 1811 1465 1853; x_wconf 69' lang='lat' dir='ltr'><strong>salso,</strong></span> <span class='ocrx_word' id='word_1_500' title='bbox 1489 1823 1563 1844; x_wconf 89' lang='lat' dir='ltr'><strong>cum</strong></span> <span class='ocrx_word' id='word_1_501' title='bbox 1585 1813 1631 1846; x_wconf 84' lang='lat' dir='ltr'><strong>sit</strong></span> 
     </span>
     <span class='ocr_line' id='line_1_80' title="bbox 887 1854 1630 1904; baseline 0.005 -19"><span class='ocrx_word' id='word_1_502' title='bbox 887 1854 1043 1896; x_wconf 87' lang='lat' dir='ltr'><strong>ineptum,</strong></span> <span class='ocrx_word' id='word_1_503' title='bbox 1070 1861 1104 1886; x_wconf 89' lang='lat' dir='ltr'><strong>et</strong></span> <span class='ocrx_word' id='word_1_504' title='bbox 1129 1865 1313 1904; x_wconf 79' lang='lat' dir='ltr'><strong>repugnans</strong></span> <span class='ocrx_word' id='word_1_505' title='bbox 1338 1855 1456 1892; x_wconf 83' lang='lat' dir='ltr'><strong>versui,</strong></span> <span class='ocrx_word' id='word_1_506' title='bbox 1484 1856 1630 1889; x_wconf 69' lang='lat' dir='ltr'><strong>Faernus</strong></span> 
     </span>
     <span class='ocr_line' id='line_1_81' title="bbox 887 1898 1630 1942; baseline 0.003 -13"><span class='ocrx_word' id='word_1_507' title='bbox 887 1905 974 1929; x_wconf 89' lang='lat' dir='ltr'><strong>recte</strong></span> <span class='ocrx_word' id='word_1_508' title='bbox 990 1898 1053 1929; x_wconf 82' lang='lat' dir='ltr'><strong>fide</strong></span> <span class='ocrx_word' id='word_1_509' title='bbox 1067 1898 1158 1929; x_wconf 90' lang='lat' dir='ltr'><strong>codd.</strong></span> <span class='ocrx_word' id='word_1_510' title='bbox 1174 1898 1292 1929; x_wconf 88' lang='lat' dir='ltr'><strong>omisit.</strong></span> <span class='ocrx_word' id='word_1_511' title='bbox 1337 1898 1423 1929; x_wconf 84' lang='lat' dir='ltr'><strong>Nam</strong></span> <span class='ocrx_word' id='word_1_512' title='bbox 1438 1901 1551 1931; x_wconf 74' lang='lat' dir='ltr'><strong>crim</strong></span> <span class='ocrx_word' id='word_1_513' title='bbox 1569 1910 1630 1942; x_wconf 86' lang='lat' dir='ltr'><strong>per</strong></span> 
     </span>
     <span class='ocr_line' id='line_1_82' title="bbox 888 1941 1457 1973; baseline 0 -1"><span class='ocrx_word' id='word_1_514' title='bbox 888 1952 923 1973; x_wconf 90' lang='lat' dir='ltr'><strong>se</strong></span> <span class='ocrx_word' id='word_1_515' title='bbox 938 1941 1035 1972; x_wconf 81' lang='lat' dir='ltr'><strong>habet</strong></span> <span class='ocrx_word' id='word_1_516' title='bbox 1049 1941 1214 1972; x_wconf 81' lang='lat' dir='ltr'><strong>notionem</strong></span> <span class='ocrx_word' id='word_1_517' title='bbox 1228 1941 1386 1972; x_wconf 70' lang='lat' dir='ltr'><strong>salsitatis.</strong></span> <span class='ocrx_word' id='word_1_518' title='bbox 1419 1942 1457 1973; x_wconf 90' lang='grc' dir='ltr'><strong>Β.</strong></span> 
     </span>
    </p>

    <p class='ocr_par' dir='ltr' id='par_1_18' title="bbox 887 1984 1631 2059">
     <span class='ocr_line' id='line_1_83' title="bbox 934 1984 1631 2026; baseline 0.004 -11"><span class='ocrx_word' id='word_1_519' title='bbox 934 1985 981 2015; x_wconf 79' lang='lat'><strong>14.</strong></span> <span class='ocrx_word' id='word_1_520' title='bbox 1009 1985 1072 2016; x_wconf 82' lang='lat' dir='ltr'><strong>Pro</strong></span> <span class='ocrx_word' id='word_1_521' title='bbox 1095 1990 1195 2016; x_wconf 75' lang='lat' dir='ltr'><strong>autem</strong></span> <span class='ocrx_word' id='word_1_522' title='bbox 1218 1994 1339 2026; x_wconf 80' lang='lat' dir='ltr'><strong>repone</strong></span> <span class='ocrx_word' id='word_1_523' title='bbox 1362 1987 1444 2023; x_wconf 72' lang='lat' dir='ltr'><strong>ite-n,</strong></span> <span class='ocrx_word' id='word_1_524' title='bbox 1465 1984 1572 2017; x_wconf 82' lang='lat' dir='ltr'><strong>versui</strong></span> <span class='ocrx_word' id='word_1_525' title='bbox 1596 1991 1631 2018; x_wconf 87' lang='lat' dir='ltr'><strong>et</strong></span> 
     </span>
     <span class='ocr_line' id='line_1_84' title="bbox 887 2027 1348 2059; baseline 0.002 -1"><span class='ocrx_word' id='word_1_526' title='bbox 887 2027 1058 2059; x_wconf 81' lang='lat' dir='ltr'><strong>sententiae</strong></span> <span class='ocrx_word' id='word_1_527' title='bbox 1071 2027 1278 2059; x_wconf 85' lang='lat' dir='ltr'><strong>commodius.</strong></span> <span class='ocrx_word' id='word_1_528' title='bbox 1310 2027 1348 2059; x_wconf 89' lang='lat' dir='ltr'><strong>B.</strong></span> 
     </span>
    </p>

    <p class='ocr_par' dir='ltr' id='par_1_19' title="bbox 888 2070 1629 2199">
     <span class='ocr_line' id='line_1_85' title="bbox 934 2070 1628 2112; baseline 0.001 -10"><span class='ocrx_word' id='word_1_529' title='bbox 934 2072 981 2102; x_wconf 82' lang='lat'><strong>15.</strong></span> <span class='ocrx_word' id='word_1_530' title='bbox 999 2073 1067 2102; x_wconf 74' lang='lat' dir='ltr'><strong>cito</strong></span> <span class='ocrx_word' id='word_1_531' title='bbox 1080 2072 1119 2102; x_wconf 85' lang='lat' dir='ltr'><strong>ab</strong></span> <span class='ocrx_word' id='word_1_532' title='bbox 1133 2082 1167 2102; x_wconf 83' lang='lat' dir='ltr'><strong>eo</strong></span> <span class='ocrx_word' id='word_1_533' title='bbox 1185 2073 1249 2102; x_wconf 78' lang='lat' dir='ltr'><strong>haec</strong></span> <span class='ocrx_word' id='word_1_534' title='bbox 1268 2073 1318 2102; x_wconf 75' lang='lat' dir='ltr'><strong>ira</strong></span> <span class='ocrx_word' id='word_1_535' title='bbox 1338 2070 1494 2112; x_wconf 69' lang='lat' dir='ltr'><strong>abscedet]</strong></span> <span class='ocrx_word' id='word_1_536' title='bbox 1518 2071 1628 2103; x_wconf 83' lang='lat' dir='ltr'><strong>Bene:</strong></span> 
     </span>
     <span class='ocr_line' id='line_1_86' title="bbox 888 2113 1629 2156; baseline 0.003 -11"><span class='ocrx_word' id='word_1_537' title='bbox 888 2113 924 2145; x_wconf 90' lang='lat' dir='ltr'><strong>in</strong></span> <span class='ocrx_word' id='word_1_538' title='bbox 950 2114 1074 2146; x_wconf 89' lang='lat' dir='ltr'><strong>duabus</strong></span> <span class='ocrx_word' id='word_1_539' title='bbox 1094 2114 1181 2145; x_wconf 87' lang='lat' dir='ltr'><strong>enim</strong></span> <span class='ocrx_word' id='word_1_540' title='bbox 1208 2114 1356 2156; x_wconf 84' lang='lat' dir='ltr'><strong>personis</strong></span> <span class='ocrx_word' id='word_1_541' title='bbox 1380 2124 1477 2146; x_wconf 81' lang='lat' dir='ltr'><strong>causa</strong></span> <span class='ocrx_word' id='word_1_542' title='bbox 1498 2114 1629 2147; x_wconf 82' lang='lat' dir='ltr'><strong>videtur</strong></span> 
     </span>
     <span class='ocr_line' id='line_1_87' title="bbox 889 2157 1584 2199; baseline 0.001 -11"><span class='ocrx_word' id='word_1_543' title='bbox 889 2167 959 2189; x_wconf 83' lang='lat' dir='ltr'><strong>esse</strong></span> <span class='ocrx_word' id='word_1_544' title='bbox 975 2158 1150 2194; x_wconf 85' lang='lat' dir='ltr'><strong>turbarum,</strong></span> <span class='ocrx_word' id='word_1_545' title='bbox 1165 2168 1276 2189; x_wconf 88' lang='lat' dir='ltr'><strong>socrus</strong></span> <span class='ocrx_word' id='word_1_546' title='bbox 1290 2164 1324 2188; x_wconf 86' lang='lat' dir='ltr'><strong>et</strong></span> <span class='ocrx_word' id='word_1_547' title='bbox 1339 2157 1511 2199; x_wconf 83' lang='lat' dir='ltr'><strong>Pamphili.</strong></span> <span class='ocrx_word' id='word_1_548' title='bbox 1542 2158 1584 2190; x_wconf 88' lang='lat' dir='ltr'><strong>D.</strong></span> 
     </span>
    </p>

    <p class='ocr_par' dir='ltr' id='par_1_20' title="bbox 887 2199 1632 2362">
     <span class='ocr_line' id='line_1_88' title="bbox 935 2199 1632 2242; baseline 0.003 -11"><span class='ocrx_word' id='word_1_549' title='bbox 935 2201 983 2231; x_wconf 88' lang='grc'><strong>16.</strong></span> <span class='ocrx_word' id='word_1_550' title='bbox 1001 2199 1139 2241; x_wconf 75' lang='lat' dir='ltr'><strong>Profecto</strong></span> <span class='ocrx_word' id='word_1_551' title='bbox 1148 2203 1181 2232; x_wconf 79' lang='lat' dir='ltr'><strong>in</strong></span> <span class='ocrx_word' id='word_1_552' title='bbox 1195 2203 1253 2231; x_wconf 78' lang='lat' dir='ltr'><strong>hac</strong></span> <span class='ocrx_word' id='word_1_553' title='bbox 1266 2212 1299 2232; x_wconf 84' lang='lat' dir='ltr'><strong>re</strong></span> <span class='ocrx_word' id='word_1_554' title='bbox 1314 2202 1393 2231; x_wconf 72' lang='lat' dir='ltr'><strong>nihil</strong></span> <span class='ocrx_word' id='word_1_555' title='bbox 1402 2202 1475 2232; x_wconf 73' lang='lat' dir='ltr'><strong>nali</strong></span> <span class='ocrx_word' id='word_1_556' title='bbox 1484 2206 1540 2238; x_wconf 71' lang='lat' dir='ltr'><strong>est,</strong></span> <span class='ocrx_word' id='word_1_557' title='bbox 1551 2204 1632 2242; x_wconf 69' lang='lat' dir='ltr'><strong>qnod</strong></span> 
     </span>
     <span class='ocr_line' id='line_1_89' title="bbox 888 2243 1630 2286; baseline 0.001 -11"><span class='ocrx_word' id='word_1_558' title='bbox 888 2246 931 2275; x_wconf 75' lang='lat' dir='ltr'><strong>sit</strong></span> <span class='ocrx_word' id='word_1_559' title='bbox 944 2245 1070 2275; x_wconf 62' lang='lat' dir='ltr'><strong>dies-idio</strong></span> <span class='ocrx_word' id='word_1_560' title='bbox 1082 2243 1225 2285; x_wconf 75' lang='lat' dir='ltr'><strong>dignum]</strong></span> <span class='ocrx_word' id='word_1_561' title='bbox 1242 2243 1421 2281; x_wconf 62' lang='lat' dir='ltr'><strong>Moralium</strong></span> <span class='ocrx_word' id='word_1_562' title='bbox 1436 2244 1527 2285; x_wconf 81' lang='lat' dir='ltr'><strong>quasi</strong></span> <span class='ocrx_word' id='word_1_563' title='bbox 1542 2255 1630 2286; x_wconf 70' lang='lat' dir='ltr'><strong>quse-</strong></span> 
     </span>
     <span class='ocr_line' id='line_1_90' title="bbox 887 2286 1630 2330; baseline 0.001 -12"><span class='ocrx_word' id='word_1_564' title='bbox 887 2287 989 2319; x_wconf 87' lang='lat' dir='ltr'><strong>rendo</strong></span> <span class='ocrx_word' id='word_1_565' title='bbox 1000 2295 1034 2318; x_wconf 88' lang='lat' dir='ltr'><strong>et</strong></span> <span class='ocrx_word' id='word_1_566' title='bbox 1043 2286 1246 2319; x_wconf 84' lang='lat' dir='ltr'><strong>discutiendo</strong></span> <span class='ocrx_word' id='word_1_567' title='bbox 1256 2287 1316 2318; x_wconf 89' lang='lat' dir='ltr'><strong>hoc</strong></span> <span class='ocrx_word' id='word_1_568' title='bbox 1327 2286 1447 2319; x_wconf 83' lang='lat' dir='ltr'><strong>intulit.</strong></span> <span class='ocrx_word' id='word_1_569' title='bbox 1474 2287 1630 2330; x_wconf 75' lang='lat' dir='ltr'><strong>Dissidio]</strong></span> 
     </span>
     <span class='ocr_line' id='line_1_91' title="bbox 890 2330 1122 2362; baseline 0 -1"><span class='ocrx_word' id='word_1_570' title='bbox 890 2330 1049 2362; x_wconf 84' lang='lat' dir='ltr'><strong>Divortio.</strong></span> <span class='ocrx_word' id='word_1_571' title='bbox 1082 2330 1122 2362; x_wconf 92' lang='lat' dir='ltr'><strong>D.</strong></span> 
     </span>
    </p>

    <p class='ocr_par' dir='ltr' id='par_1_21' title="bbox 889 2372 1632 2665">
     <span class='ocr_line' id='line_1_92' title="bbox 936 2372 1632 2415; baseline 0.004 -11"><span class='ocrx_word' id='word_1_572' title='bbox 936 2374 984 2406; x_wconf 87' lang='grc'><strong>17.</strong></span> <span class='ocrx_word' id='word_1_573' title='bbox 1014 2375 1109 2405; x_wconf 72' lang='lat' dir='ltr'><strong>Velim</strong></span> <span class='ocrx_word' id='word_1_574' title='bbox 1127 2375 1247 2415; x_wconf 66' lang='lat' dir='ltr'><strong>quiden</strong></span> <span class='ocrx_word' id='word_1_575' title='bbox 1268 2372 1384 2414; x_wconf 69' lang='lat' dir='ltr'><strong>hercle]</strong></span> <span class='ocrx_word' id='word_1_576' title='bbox 1413 2373 1460 2404; x_wconf 89' lang='lat' dir='ltr'><strong>Ut</strong></span> <span class='ocrx_word' id='word_1_577' title='bbox 1483 2373 1565 2406; x_wconf 76' lang='lat' dir='ltr'><strong>nillil</strong></span> <span class='ocrx_word' id='word_1_578' title='bbox 1587 2374 1632 2407; x_wconf 76' lang='lat' dir='ltr'><strong>sit</strong></span> 
     </span>
     <span class='ocr_line' id='line_1_93' title="bbox 890 2416 1629 2459; baseline 0.001 -11"><span class='ocrx_word' id='word_1_579' title='bbox 890 2416 1033 2458; x_wconf 83' lang='lat' dir='ltr'><strong>dignum,</strong></span> <span class='ocrx_word' id='word_1_580' title='bbox 1048 2417 1109 2448; x_wconf 91' lang='lat' dir='ltr'><strong>hoc</strong></span> <span class='ocrx_word' id='word_1_581' title='bbox 1123 2424 1182 2454; x_wconf 87' lang='lat' dir='ltr'><strong>est,</strong></span> <span class='ocrx_word' id='word_1_582' title='bbox 1197 2427 1263 2447; x_wconf 93' lang='lat' dir='ltr'><strong>non</strong></span> <span class='ocrx_word' id='word_1_583' title='bbox 1277 2416 1459 2458; x_wconf 85' lang='lat' dir='ltr'><strong>peccaverit</strong></span> <span class='ocrx_word' id='word_1_584' title='bbox 1474 2417 1629 2459; x_wconf 80' lang='lat' dir='ltr'><strong>Pamphi-</strong></span> 
     </span>
     <span class='ocr_line' id='line_1_94' title="bbox 889 2459 1630 2501; baseline 0.001 -10"><span class='ocrx_word' id='word_1_585' title='bbox 889 2460 950 2491; x_wconf 91' lang='lat' dir='ltr'><strong>lus.</strong></span> <span class='ocrx_word' id='word_1_586' title='bbox 990 2460 1077 2495; x_wconf 78' lang='lat' dir='ltr'><strong>Quod</strong></span> <span class='ocrx_word' id='word_1_587' title='bbox 1100 2462 1176 2491; x_wconf 70' lang='lat' dir='ltr'><strong>salis</strong></span> <span class='ocrx_word' id='word_1_588' title='bbox 1202 2462 1254 2496; x_wconf 72' lang='lat' dir='ltr'><strong>sit,</strong></span> <span class='ocrx_word' id='word_1_589' title='bbox 1271 2459 1372 2500; x_wconf 80' lang='lat' dir='ltr'><strong>saciet</strong></span> <span class='ocrx_word' id='word_1_590' title='bbox 1393 2459 1478 2501; x_wconf 71' lang='lat' dir='ltr'><strong>ipsa]</strong></span> <span class='ocrx_word' id='word_1_591' title='bbox 1509 2460 1548 2492; x_wconf 87' lang='lat' dir='ltr'><strong>Id</strong></span> <span class='ocrx_word' id='word_1_592' title='bbox 1569 2467 1630 2500; x_wconf 74' lang='lat' dir='ltr'><strong>est,</strong></span> 
     </span>
     <span class='ocr_line' id='line_1_95' title="bbox 889 2503 1631 2545; baseline 0.003 -11"><span class='ocrx_word' id='word_1_593' title='bbox 889 2503 1041 2544; x_wconf 85' lang='lat' dir='ltr'><strong>quicquid</strong></span> <span class='ocrx_word' id='word_1_594' title='bbox 1064 2503 1105 2534; x_wconf 85' lang='lat' dir='ltr'><strong>ad</strong></span> <span class='ocrx_word' id='word_1_595' title='bbox 1127 2503 1257 2545; x_wconf 84' lang='lat' dir='ltr'><strong>plenam</strong></span> <span class='ocrx_word' id='word_1_596' title='bbox 1279 2503 1369 2534; x_wconf 89' lang='lat' dir='ltr'><strong>ducit</strong></span> <span class='ocrx_word' id='word_1_597' title='bbox 1393 2503 1631 2544; x_wconf 82' lang='lat' dir='ltr'><strong>purgationem,</strong></span> 
     </span>
     <span class='ocr_line' id='line_1_96' title="bbox 890 2545 1631 2588; baseline 0.001 -10"><span class='ocrx_word' id='word_1_598' title='bbox 890 2547 994 2578; x_wconf 83' lang='lat' dir='ltr'><strong>faciet.</strong></span> <span class='ocrx_word' id='word_1_599' title='bbox 1026 2545 1294 2588; x_wconf 81' lang='lat' dir='ltr'><strong>D.——Responsio</strong></span> <span class='ocrx_word' id='word_1_600' title='bbox 1316 2546 1485 2578; x_wconf 85' lang='lat' dir='ltr'><strong>Bacchidis</strong></span> <span class='ocrx_word' id='word_1_601' title='bbox 1500 2545 1631 2588; x_wconf 64' lang='lat' dir='ltr'><strong>facia,</strong></span> 
     </span>
     <span class='ocr_line' id='line_1_97' title="bbox 890 2589 1631 2634; baseline 0.003 -13"><span class='ocrx_word' id='word_1_602' title='bbox 890 2590 924 2621; x_wconf 88' lang='lat' dir='ltr'><strong>in</strong></span> <span class='ocrx_word' id='word_1_603' title='bbox 941 2590 1005 2621; x_wconf 83' lang='lat' dir='ltr'><strong>fine</strong></span> <span class='ocrx_word' id='word_1_604' title='bbox 1022 2601 1142 2627; x_wconf 88' lang='lat' dir='ltr'><strong>versus,</strong></span> <span class='ocrx_word' id='word_1_605' title='bbox 1158 2596 1245 2621; x_wconf 86' lang='lat' dir='ltr'><strong>recte</strong></span> <span class='ocrx_word' id='word_1_606' title='bbox 1266 2590 1357 2621; x_wconf 82' lang='lat' dir='ltr'><strong>abest</strong></span> <span class='ocrx_word' id='word_1_607' title='bbox 1377 2589 1412 2620; x_wconf 90' lang='lat' dir='ltr'><strong>in</strong></span> <span class='ocrx_word' id='word_1_608' title='bbox 1433 2589 1525 2622; x_wconf 82' lang='lat' dir='ltr'><strong>libris</strong></span> <span class='ocrx_word' id='word_1_609' title='bbox 1544 2591 1631 2634; x_wconf 80' lang='lat' dir='ltr'><strong>opti-</strong></span> 
     </span>
     <span class='ocr_line' id='line_1_98' title="bbox 891 2632 1437 2671; baseline -0.002 -7"><span class='ocrx_word' id='word_1_610' title='bbox 891 2633 962 2671; x_wconf 83' lang='lat' dir='ltr'><strong>mis,</strong></span> <span class='ocrx_word' id='word_1_611' title='bbox 978 2634 1019 2665; x_wconf 88' lang='lat' dir='ltr'><strong>ob</strong></span> <span class='ocrx_word' id='word_1_612' title='bbox 1035 2643 1162 2664; x_wconf 87' lang='lat' dir='ltr'><strong>versum</strong></span> <span class='ocrx_word' id='word_1_613' title='bbox 1176 2640 1209 2664; x_wconf 91' lang='lat' dir='ltr'><strong>et</strong></span> <span class='ocrx_word' id='word_1_614' title='bbox 1223 2642 1364 2663; x_wconf 88' lang='lat' dir='ltr'><strong>sensum.</strong></span> <span class='ocrx_word' id='word_1_615' title='bbox 1399 2632 1437 2664; x_wconf 88' lang='lat' dir='ltr'><strong>B.</strong></span> 
     </span>
    </p>

    <p class='ocr_par' dir='ltr' id='par_1_22' title="bbox 891 2657 1631 2847">
     <span class='ocr_line' id='line_1_99' title="bbox 938 2657 1630 2719; baseline 0.003 -12"><span class='ocrx_word' id='word_1_616' title='bbox 938 2657 985 2707; x_wconf 79' lang='lat'><strong>1’8.</strong></span> <span class='ocrx_word' id='word_1_617' title='bbox 1012 2676 1096 2711; x_wconf 72' lang='lat' dir='ltr'><strong>Quia</strong></span> <span class='ocrx_word' id='word_1_618' title='bbox 1115 2678 1200 2707; x_wconf 75' lang='lat' dir='ltr'><strong>ielaec</strong></span> <span class='ocrx_word' id='word_1_619' title='bbox 1220 2677 1294 2707; x_wconf 74' lang='lat' dir='ltr'><strong>nihi</strong></span> <span class='ocrx_word' id='word_1_620' title='bbox 1318 2675 1474 2717; x_wconf 66' lang='lat' dir='ltr'><strong>narraef]</strong></span> <span class='ocrx_word' id='word_1_621' title='bbox 1506 2676 1630 2719; x_wconf 74' lang='lat' dir='ltr'><strong>Repre-</strong></span> 
     </span>
     <span class='ocr_line' id='line_1_100' title="bbox 892 2718 1631 2770; baseline 0.004 -19"><span class='ocrx_word' id='word_1_622' title='bbox 892 2719 1006 2751; x_wconf 88' lang='lat' dir='ltr'><strong>hensio</strong></span> <span class='ocrx_word' id='word_1_623' title='bbox 1040 2726 1099 2757; x_wconf 83' lang='lat' dir='ltr'><strong>est,</strong></span> <span class='ocrx_word' id='word_1_624' title='bbox 1128 2718 1226 2770; x_wconf 84' lang='lat' dir='ltr'><strong>quasi</strong></span> <span class='ocrx_word' id='word_1_625' title='bbox 1255 2718 1424 2760; x_wconf 82' lang='lat' dir='ltr'><strong>longorum</strong></span> <span class='ocrx_word' id='word_1_626' title='bbox 1459 2720 1631 2754; x_wconf 83' lang='lat' dir='ltr'><strong>verborum</strong></span> 
     </span>
     <span class='ocr_line' id='line_1_101' title="bbox 895 2762 1628 2806; baseline 0.003 -12"><span class='ocrx_word' id='word_1_627' title='bbox 895 2762 1054 2794; x_wconf 82' lang='lat' dir='ltr'><strong>Lachetis.</strong></span> <span class='ocrx_word' id='word_1_628' title='bbox 1088 2764 1151 2799; x_wconf 81' lang='lat' dir='ltr'><strong>An,</strong></span> <span class='ocrx_word' id='word_1_629' title='bbox 1173 2764 1247 2803; x_wconf 76' lang='lat' dir='ltr'><strong>quia</strong></span> <span class='ocrx_word' id='word_1_630' title='bbox 1270 2773 1328 2793; x_wconf 76' lang='lat' dir='ltr'><strong>non</strong></span> <span class='ocrx_word' id='word_1_631' title='bbox 1354 2767 1388 2794; x_wconf 71' lang='lat' dir='ltr'><strong>ta</strong></span> <span class='ocrx_word' id='word_1_632' title='bbox 1409 2765 1473 2803; x_wconf 68' lang='lat' dir='ltr'><strong>ipse</strong></span> <span class='ocrx_word' id='word_1_633' title='bbox 1499 2763 1628 2806; x_wconf 66' lang='lat' dir='ltr'><strong>dudan]</strong></span> 
     </span>
     <span class='ocr_line' id='line_1_102' title="bbox 891 2804 1629 2847; baseline 0.003 -11"><span class='ocrx_word' id='word_1_634' title='bbox 891 2805 1061 2847; x_wconf 79' lang='lat' dir='ltr'><strong>Correptio</strong></span> <span class='ocrx_word' id='word_1_635' title='bbox 1076 2812 1135 2836; x_wconf 84' lang='lat' dir='ltr'><strong>est.</strong></span> <span class='ocrx_word' id='word_1_636' title='bbox 1173 2805 1259 2836; x_wconf 87' lang='lat' dir='ltr'><strong>Nam</strong></span> <span class='ocrx_word' id='word_1_637' title='bbox 1274 2804 1407 2843; x_wconf 82' lang='lat' dir='ltr'><strong>audivit,</strong></span> <span class='ocrx_word' id='word_1_638' title='bbox 1423 2807 1549 2838; x_wconf 73' lang='lat' dir='ltr'><strong>Manen</strong></span> <span class='ocrx_word' id='word_1_639' title='bbox 1561 2809 1629 2846; x_wconf 59' lang='lat' dir='ltr'><strong>ffl-</strong></span> 
     </span>
    </p>
   </div>
   <div class='ocr_carea' id='block_1_14' title="bbox 888 2850 1631 3018">
    <p class='ocr_par' dir='ltr' id='par_1_23' title="bbox 888 2850 1631 3018">
     <span class='ocr_line' id='line_1_103' title="bbox 890 2850 1629 2889; baseline 0.005 -10"><span class='ocrx_word' id='word_1_640' title='bbox 890 2851 1015 2880; x_wconf 74' lang='lat' dir='ltr'><strong>nitatem</strong></span> <span class='ocrx_word' id='word_1_641' title='bbox 1029 2851 1108 2880; x_wconf 79' lang='lat' dir='ltr'><strong>hanc</strong></span> <span class='ocrx_word' id='word_1_642' title='bbox 1117 2850 1198 2880; x_wconf 74' lang='lat' dir='ltr'><strong>inter</strong></span> <span class='ocrx_word' id='word_1_643' title='bbox 1211 2860 1263 2879; x_wconf 73' lang='lat' dir='ltr'><strong>noe</strong></span> <span class='ocrx_word' id='word_1_644' title='bbox 1273 2854 1450 2889; x_wconf 66' lang='lat' dir='ltr'><strong>perpenna</strong></span> <span class='ocrx_word' id='word_1_645' title='bbox 1462 2851 1534 2881; x_wconf 74' lang='lat' dir='ltr'><strong>eolo.</strong></span> <span class='ocrx_word' id='word_1_646' title='bbox 1566 2853 1629 2889; x_wconf 80' lang='lat' dir='ltr'><strong>An,</strong></span> 
     </span>
     <span class='ocr_line' id='line_1_104' title="bbox 888 2874 1630 2933; baseline 0.005 -11"><span class='ocrx_word' id='word_1_647' title='bbox 888 2894 963 2933; x_wconf 69' lang='lat' dir='ltr'><strong>quia</strong></span> <span class='ocrx_word' id='word_1_648' title='bbox 983 2903 1039 2923; x_wconf 80' lang='lat' dir='ltr'><strong>nou</strong></span> <span class='ocrx_word' id='word_1_649' title='bbox 1061 2897 1095 2923; x_wconf 78' lang='lat' dir='ltr'><strong>tu</strong></span> <span class='ocrx_word' id='word_1_650' title='bbox 1116 2894 1179 2932; x_wconf 76' lang='lat' dir='ltr'><strong>ipse</strong></span> <span class='ocrx_word' id='word_1_651' title='bbox 1201 2893 1317 2923; x_wconf 71' lang='lat' dir='ltr'><strong>audisti</strong></span> <span class='ocrx_word' id='word_1_652' title='bbox 1337 2893 1458 2930; x_wconf 61' lang='lat' dir='ltr'><strong>dudm,</strong></span> <span class='ocrx_word' id='word_1_653' title='bbox 1473 2874 1630 2926; x_wconf 67' lang='lat' dir='ltr'><strong>deluere⁹</strong></span> 
     </span>
     <span class='ocr_line' id='line_1_105' title="bbox 888 2934 1631 2979; baseline 0.004 -13"><span class='ocrx_word' id='word_1_654' title='bbox 888 2938 1149 2966; x_wconf 67' lang='lat' dir='ltr'><strong>aninum-rut</strong></span> <span class='ocrx_word' id='word_1_655' title='bbox 1166 2937 1218 2971; x_wconf 74' lang='lat' dir='ltr'><strong>eit,</strong></span> <span class='ocrx_word' id='word_1_656' title='bbox 1233 2934 1392 2976; x_wconf 56' lang='lat' dir='ltr'><strong>Latiar]</strong></span> <span class='ocrx_word' id='word_1_657' title='bbox 1414 2935 1533 2968; x_wconf 77' lang='lat' dir='ltr'><strong>Umnn</strong></span> <span class='ocrx_word' id='word_1_658' title='bbox 1553 2936 1631 2979; x_wconf 79' lang='lat' dir='ltr'><strong>quia</strong></span> 
     </span>
     <span class='ocr_line' id='line_1_106' title="bbox 890 2977 1630 3018; baseline 0.004 -8"><span class='ocrx_word' id='word_1_659' title='bbox 890 2977 983 3017; x_wconf 83' lang='lat' dir='ltr'><strong>dixit,</strong></span> <span class='ocrx_word' id='word_1_660' title='bbox 1004 2979 1133 3011; x_wconf 75' lang='lat' dir='ltr'><strong>Manere</strong></span> <span class='ocrx_word' id='word_1_661' title='bbox 1160 2979 1337 3018; x_wconf 71' lang='lat' dir='ltr'><strong>affinitate-u</strong></span> <span class='ocrx_word' id='word_1_662' title='bbox 1364 2980 1443 3012; x_wconf 67' lang='lat' dir='ltr'><strong>hane</strong></span> <span class='ocrx_word' id='word_1_663' title='bbox 1467 2982 1549 3012; x_wconf 71' lang='lat' dir='ltr'><strong>inter</strong></span> <span class='ocrx_word' id='word_1_664' title='bbox 1576 2992 1630 3013; x_wconf 72' lang='lat' dir='ltr'><strong>nos</strong></span> 
     </span>
    </p>
   </div>
  </div>
 </body>
</html>
