1852 3216
95 141 241 171 semu
260 129 323 184 v.]

699 128 1018 172 HECYRA.

1536 135 1617 177 511

155 218 272 261 ΡΑΜ.
295 218 473 275 Certum
492 219 702 262 offirmare
721 227 788 262 est
807 220 916 261 viam
934 234 1016 270 me,
1037 235 1165 275 quam
1185 221 1355 263 decrevi
1374 225 1591 278 persequi.

120 292 140 321 5
159 283 242 326 LA.
259 283 387 339 Ipsus
401 292 482 334 est,
499 285 554 327 de
562 301 648 340 quo
656 285 738 327 hoc
750 286 930 341 agebam
943 293 1096 328 tecum.
1131 286 1248 329 PAM.
1268 286 1619 345 Salve,1nipater.

90 384 93 388 .
155 349 240 391 LA.
256 350 400 392 Gnate
412 351 483 396 mi,
496 351 624 393 salve.
656 350 742 393 Pu.
759 350 879 393 Bene
892 351 1051 392 factum
1064 359 1107 393 te
1121 352 1360 404 advenisse,
1376 353 1622 410 Pamphile;

154 414 303 470 Atque
323 416 447 465 adeo,
466 417 584 472 quod
603 432 844 459 maxumum
847 417 914 466 ’,st
933 416 1094 458 salvum
1114 425 1243 473 atque
1259 417 1458 461 validum.
1503 419 1622 462 PAM.

239 482 456 523 Creditur.

270 546 369 589 Adv
362 549 462 589 enis
492 548 619 589 modo
633 550 649 590 ἲ

237 611 359 667 liquit
382 612 548 654 Phania

154 546 238 588 LA.

702 547 767 589 ΡΑ
773 562 819 590 M.
850 547 1112 591 Admodum.

1166 548 1248 591 LA.
1274 549 1411 601 Cedo,
1434 551 1538 606 quid
1558 565 1625 593 re-

153 677 446 720 Consobrinus
467 681 642 720 noster?
689 679 807 721 PAM.
832 680 945 723 Sane
966 681 1111 724 hercle
1126 681 1256 724 homo
1272 681 1482 738 voluptati
1499 684 1623 726 obse-

239 759 389 799 quens.

100 817 138 847 10
154 809 269 861 Fuit,
288 811 389 852 dum
404 811 531 852 vixit:
564 819 608 852 et
626 811 700 866 qui
716 811 775 852 sic
793 819 907 861 sunt,
922 812 1039 854 haud
1053 812 1231 854 multum
1243 812 1447 855 heredem
1455 815 1622 870 juvant.

154 876 247 918 Sibi
266 891 367 918 vero
387 876 498 918 hanc
519 875 690 918 laudem
710 875 978 931 relinquunt:
1012 878 1148 928 Vixit,
1172 878 1272 919 dum
1293 879 1413 930 vixit,
1435 880 1561 922 bene.

154 941 238 984 LA.
262 941 376 983 Tum
397 950 443 983 tu
465 943 594 997 igitur
615 942 719 983 nihil
741 942 919 984 attulisti
938 942 1022 984 huc
1042 942 1140 998 plus
1160 958 1245 984 una
1267 945 1510 987 sententiat

153 1009 270 1051 PAM.
288 1009 508 1065 Quicquid
521 1017 588 1051 est
600 1010 659 1059 id,
670 1009 787 1064 quod
801 1008 986 1061 reliquit,
1000 1008 1177 1063 profuit.
1212 1008 1296 1050 LA.
1315 1009 1448 1051 Immo
1463 1011 1621 1053 obfuit:

152 1074 267 1116 Nam
296 1074 412 1116 illum
439 1075 579 1116 vivum
604 1083 648 1117 et
676 1074 837 1116 salvum
863 1072 1025 1116 vellem.
1085 1074 1170 1116 PH.
1194 1074 1375 1131 Impune
1396 1084 1547 1132 optare
1567 1078 1623 1118 is-

237 1149 309 1182 tuc
330 1140 429 1182 licet
442 1157 451 1182 ε

137 1243 167 1272 4.
195 1243 314 1273 Certum
336 1243 481 1280 offirmare
505 1246 551 1272 est
573 1244 651 1272 viam
680 1240 741 1282 me]
766 1241 835 1272 Ad-

94 1295 206 1316 versus
221 1285 329 1316 omnia
344 1284 503 1315 obstinate
515 1295 620 1325 agere,
636 1284 670 1315 id
686 1293 743 1322 est,
759 1295 836 1315 con-

94 1334 145 1359 tra
171 1339 292 1360 omnes.
334 1330 488 1366 Offirmure
510 1333 556 1359 est
577 1330 656 1358 vium
679 1339 733 1364 me,
750 1339 838 1367 quam

94 1374 211 1403 decrevi
225 1370 381 1412 persequi]
409 1370 446 1402 ld
468 1377 525 1407 est,
543 1378 579 1401 ut
601 1371 696 1402 matri
718 1371 835 1413 potius,

93 1425 189 1455 quam
206 1414 316 1451 amori,
333 1425 453 1445 morem
469 1421 560 1454 gerat
572 1413 718 1455 (geram).
750 1415 791 1445 D.
794 1432 838 1437 —

97 1460 217 1489 Certum
230 1460 375 1496 offirmare
390 1463 436 1488 est
450 1460 527 1488 viam
543 1469 597 1494 me,
614 1469 702 1498 quam
718 1460 837 1489 decrevi

90 1501 247 1542 persequi]
268 1502 312 1532 Ut
327 1501 420 1532 istam
437 1511 501 1531 non
518 1501 676 1531 reducam.
710 1501 747 1531 E.

140 1546 168 1577 7.
186 1548 286 1584 Atque
296 1547 379 1580 adeo,
392 1546 470 1584 quod
484 1546 643 1574 maximum
654 1549 708 1581 est,
721 1546 835 1575 salvum

93 1593 183 1629 atque
191 1586 340 1628 validum]
354 1587 442 1618 Ordo
453 1593 510 1623 est,
521 1587 660 1628 primum
671 1589 834 1624 advenisse,

93 1631 210 1662 deinde
222 1633 345 1667 salvum,
359 1638 522 1672 postremo
539 1632 678 1661 validum.
714 1632 834 1661 Sulcum

93 1679 184 1715 atque
199 1673 347 1715 validum]
364 1674 498 1714 Αὕξησις
513 1674 553 1704 ad
568 1673 713 1705 salutem.
747 1676 832 1705 Vali-

93 1719 150 1748 dus
166 1727 313 1758 namque,
328 1718 478 1748 robustus
490 1724 522 1748 et
537 1717 677 1748 habitior
690 1728 833 1759 corpore.

97 1762 184 1794 Quod
199 1763 357 1791 moa-imum
369 1760 429 1800 est]
448 1760 583 1801 Legitur
598 1767 629 1791 et
641 1763 720 1801 quod
734 1763 831 1792 maxi-

93 1815 138 1835 me
147 1809 201 1834 est.
232 1802 391 1844 Creditur]
404 1804 516 1834 Minus
526 1803 641 1835 blande
649 1805 833 1846 respondet,

92 1847 135 1877 de
161 1847 295 1888 repudio
322 1847 495 1878 locuturus.
532 1847 719 1888 D.—Atque
743 1847 833 1888 adeo]

95 1890 159 1921 Ms.
173 1891 211 1921 R.
223 1893 266 1922 Et
275 1892 357 1921 odeo.
384 1890 575 1921 L.—-Placet
586 1892 628 1921 Et
639 1892 713 1922 adeo
722 1904 733 1926 ,-
749 1891 834 1932 quod

92 1941 126 1965 et
141 1933 271 1975 plurimi
287 1941 320 1965 et
334 1933 451 1965 vetusti
467 1933 595 1964 habent.
626 1933 663 1964 B.

138 1979 166 2008 8.
192 1979 326 2008 Advenis
351 1979 434 2008 modo
443 1975 475 2017 ?]
506 1976 645 2008 Difficile
671 1976 835 2008 invenitur

93 2021 262 2062 praesentis
284 2020 438 2062 temporis
461 2022 554 2051 modo.
594 2022 699 2061 Atque
722 2027 758 2051 ut
779 2031 831 2051 os-

92 2064 204 2095 tendat
226 2074 296 2095 esse
323 2070 520 2094 momentum
543 2063 639 2094 etiam
665 2064 833 2105 praesentis

93 2107 257 2148 temporis,
270 2107 352 2138 dixit
364 2109 519 2138 admodum
530 2118 542 2136 .-
565 2107 651 2147 quod
663 2114 712 2138 est
726 2107 833 2138 minus

94 2151 200 2190 (nimis
217 2151 296 2182 Mss.
314 2158 346 2181 et
360 2151 431 2181 edd.
448 2157 523 2181 ante
540 2150 678 2191 Steph.).
701 2152 835 2181 Advenis

92 2196 175 2225 modo
184 2193 217 2235 ?]
236 2194 325 2235 Virg.
341 2194 416 2225 AEn.
431 2204 460 2224 x.
477 2195 548 2224 228.
576 2195 739 2234 Vigiles-ne,
749 2195 835 2225 deum

88 2248 174 2278 gens,
190 2240 315 2268 AEnea?
337 2240 439 2278 vigila.
479 2236 663 2277 Admodum]
687 2236 831 2268 Excusa-

92 2280 138 2312 tio
154 2291 212 2312 cur
233 2281 336 2312 adhuc
359 2291 423 2311 non
439 2279 556 2311 viderit
570 2287 704 2322 patrem.
744 2282 831 2316 Cedo,

93 2326 169 2364 quid
188 2326 312 2365 reliquit
334 2325 456 2355 Phania
477 2326 670 2355 consobrinus
692 2323 830 2364 nos!er?]

880 1240 962 1272 alter
979 1251 1020 1271 ex
1041 1251 1159 1279 sorore,
1176 1244 1363 1273 consobrini.-
1386 1253 1485 1284 quum
1500 1253 1543 1275 ex
1556 1243 1620 1275 fra-

881 1285 992 1321 tribus,
1019 1286 1172 1324 patrueles
1202 1285 1362 1317 dicuntur.
1415 1288 1494 1317 Seme
1522 1289 1621 1319 hercle

880 1329 963 1358 homo
984 1329 1131 1367 voluptati
1152 1330 1312 1368 obsequens
1323 1328 1410 1370 suit]
1427 1331 1515 1367 Sane,
1531 1330 1619 1367 satis,

880 1370 994 1401 valide.
1042 1371 1125 1402 Nam
1148 1371 1202 1411 qui
1224 1382 1331 1409 sanus,
1355 1379 1388 1403 et
1410 1372 1534 1404 validus
1561 1381 1620 1405 est.

885 1415 1039 1454 Voluptati
1051 1416 1209 1454 obsequens
1211 1413 1295 1455 suit]
1306 1416 1427 1446 Contra
1438 1415 1513 1447 facit
1524 1417 1619 1448 Pam-

880 1457 1007 1498 philus:
1032 1457 1171 1498 disjungi
1188 1458 1273 1488 enim
1291 1458 1410 1496 volens,
1429 1459 1511 1490 nihil
1530 1459 1619 1498 dicit,

878 1500 928 1531 vel
944 1511 1057 1541 pamm
1075 1500 1231 1532 relictum.
1262 1502 1304 1532 D.

924 1545 972 1574 10.
996 1546 1093 1575 Haud
1114 1546 1236 1575 multum
1258 1547 1394 1576 heredem
1407 1544 1537 1586 juvant]
1556 1546 1617 1578 Pa-

877 1597 950 1618 rum
966 1587 1138 1618 consulunt
1154 1587 1273 1618 heredi.
1309 1588 1349 1619 D.

924 1631 971 1660 ll.
996 1632 1063 1661 Sibi
1083 1642 1151 1661 vero
1176 1633 1253 1662 hanc
1279 1633 1398 1662 laudem
1424 1634 1618 1673 relinquunt:

883 1675 976 1710 Vixit,
993 1676 1062 1704 dum
1077 1676 1163 1710 vixit,
1182 1673 1269 1715 bene]
1289 1675 1377 1706 Bene
1393 1681 1425 1706 et
1440 1675 1552 1714 facete,
1567 1676 1617 1707 ni-

878 1717 924 1748 hil
935 1717 1046 1748 heredi
1055 1717 1251 1758 relinquunt,
1263 1718 1325 1749 sibi
1335 1729 1411 1749 vero
1422 1718 1619 1760 relinquunt.

882 1763 912 1791 V
909 1763 975 1797 izit,
992 1763 1061 1791 dum
1077 1763 1163 1797 vixit,
1176 1760 1264 1802 bene]
1279 1761 1406 1799 Πλοκήε
1431 1772 1532 1793 unum
1542 1765 1621 1794 visit

877 1803 966 1834 aliud
987 1804 1167 1845 significat:
1201 1811 1234 1835 et
1253 1804 1389 1837 alterum
1411 1807 1497 1842 vixit,
1520 1805 1618 1837 aliud.

883 1849 976 1884 Via-it,
993 1850 1063 1878 dum
1078 1849 1164 1884 vixit,
1181 1847 1269 1888 bene]
1287 1848 1455 1878 Sententia
1474 1855 1524 1879 est
1542 1849 1617 1880 hor-

878 1891 976 1921 tantis
998 1891 1038 1921 ad
1061 1890 1196 1921 delicate
1212 1890 1394 1922 vivendum.
1438 1893 1532 1928 Vixit,
1548 1894 1618 1923 dum

877 1936 963 1970 vixit,
982 1933 1069 1974 bene]
1090 1934 1162 1964 Hoc
1178 1933 1263 1964 enim
1276 1934 1399 1965 scilicet
1411 1934 1550 1975 reliquit.
1574 1935 1617 1967 D.

875 1979 1019 2013 —l>’1·.rit‚
1035 1979 1104 2007 dum
1118 1979 1203 2012 vixit,
1216 1976 1302 2017 bene]
1321 1977 1419 2014 Ordo,
1433 1979 1516 2009 Bene
1530 1981 1617 2010 vixit.

876 2021 1063 2057 E.—Vi.tit‚
1076 2022 1146 2051 dum
1161 2022 1247 2057 vixit,
1266 2020 1353 2061 bene]
1374 2020 1547 2062 Inscriptio
1563 2032 1618 2053 ve-

877 2071 928 2095 tus
950 2064 1066 2095 Tordae
1092 2063 1126 2094 in
1149 2063 1413 2095 Transsilvania:
1451 2066 1524 2102 visi,
1546 2066 1618 2096 dum

874 2109 946 2144 vixi,
966 2109 1045 2138 bene.
1078 2107 1224 2138 L.——Pro
1239 2109 1363 2148 reliquit
1378 2107 1526 2139 meliores
1541 2107 1618 2140 libri

878 2151 998 2181 habent
1012 2153 1189 2190 relinquont.
1223 2150 1259 2181 B.

925 2195 972 2224 12.
1003 2195 1070 2224 Una
1091 2193 1257 2234 sententia]
1282 2193 1452 2234 Expressit
1474 2193 1618 2226 animum

874 2237 963 2268 avari
986 2237 1082 2267 senis.
1122 2237 1277 2267 D.—Aut
1294 2236 1354 2278 leg.
1377 2248 1438 2267 una
1457 2239 1526 2277 plus
1547 2249 1615 2270 sen-

877 2282 971 2311 tentia
982 2293 993 2315 ,·
1016 2287 1080 2317 aut,
1095 2282 1164 2319 plus
1179 2291 1239 2310 una
1252 2282 1309 2311 hac
1322 2282 1482 2311 sententia.
1515 2281 1552 2312 B.

922 2325 970 2354 13.
998 2325 1149 2363 Quicquid
1169 2329 1214 2354 est
1236 2325 1270 2354 id
1291 2325 1369 2364 quod
1391 2325 1524 2363 reliquit,
1543 2335 1616 2364 pro-

94 2367 210 2398 Utrum
224 2369 383 2407 jactanter
398 2367 521 2398 Laches
537 2367 577 2398 de
592 2366 771 2398 hereditate
786 2366 835 2398 lo·
868 2366 952 2407 suit]
973 2366 1132 2406 Quicquid,
1150 2373 1182 2397 et
1197 2366 1237 2397 ad
1253 2367 1444 2408 parvitatem
1459 2366 1615 2399 refertur:

92 2410 203 2450 quitur
216 2418 375 2452 praesente
390 2421 509 2447 socero,
527 2417 564 2441 ut
582 2410 672 2441 illum
688 2410 831 2451 cupidio-

92 2462 162 2483 rem
186 2453 281 2484 faciat
303 2454 344 2484 ad
364 2453 576 2485 revocandam
593 2453 832 2502 (remittendum)

94 2495 212 2526 filiam.
202 2497 214 2518 ⁹
253 2496 297 2527 Et
312 2497 349 2527 fit
368 2507 452 2539 saepe
471 2497 541 2534 hoc,
556 2503 594 2528 ut
608 2507 649 2528 ex
664 2496 727 2527 alio
742 2496 832 2538 prin-

92 2538 179 2580 cipio
210 2539 379 2580 pervenire
405 2550 584 2581 quaeramus
612 2540 653 2571 ad
684 2550 731 2576 ea,
762 2550 833 2580 quae

93 2582 241 2613 volumus
263 2582 378 2613 dicere.
425 2584 477 2614 An
504 2583 587 2619 ideo,
603 2590 639 2614 ut
662 2594 696 2614 se
719 2585 830 2623 jactet,

91 2625 173 2655 sciat
188 2632 224 2655 ut
238 2635 317 2660 rem,
330 2634 363 2656 et
376 2626 505 2657 divitias
520 2636 610 2657 suas:
633 2626 833 2668 cupidiorem

86 2678 237 2699 -socerum
253 2668 458 2700 redditurus?
498 2669 539 2699 D.

137 2713 165 2742 9.
192 2713 391 2742 Consobrinus
409 2711 525 2752 noster]
542 2711 643 2747 Quasi
658 2711 831 2743 sororinus.

87 2756 222 2791 Sabrina}
236 2761 312 2786 sunt
324 2765 364 2785 ex
380 2754 503 2788 duabus
517 2755 689 2785 sororibus.
724 2756 831 2786 Conso-

93 2800 183 2835 brini,
200 2808 241 2829 ex
257 2797 354 2829 fratre
370 2804 402 2828 et
426 2807 544 2829 sorore.
588 2797 632 2828 Et
645 2797 836 2838 propinqui-

91 2847 158 2873 tate
180 2840 352 2872 Terentius
373 2841 574 2881 frequentata
599 2847 746 2871 movetur
770 2839 833 2880 (Ac

87 2886 327 2926 propinquitatis
340 2882 545 2925 frequentatae
564 2885 722 2915 Terentius
732 2889 833 2915 monet

91 2928 187 2960 codd.
199 2926 294 2969 vett.)
307 2935 343 2958 ut
358 2927 523 2958 heredum.
554 2928 751 2958 Consobrinus
763 2938 829 2957 nos-

91 2970 155 3011 ter]
177 2971 286 3008 Quum
308 2970 349 3002 de
370 2971 468 3002 fratre
491 2977 586 3010 natus
611 2976 660 3001 est
685 2969 775 3007 alter,
799 2976 832 3001 et

878 2417 922 2447 ut,
945 2412 990 2440 At
1012 2412 1089 2441 enirn
1111 2412 1146 2440 id
1166 2412 1240 2440 mihi
1261 2412 1337 2440 satis
1357 2415 1412 2446 est,
1427 2411 1507 2450 quod
1519 2416 1566 2441 est
1579 2413 1617 2443 de

877 2465 922 2484 me
943 2455 1109 2493 opinionis:
1139 2455 1283 2494 quicquid
1301 2458 1355 2484 est.
1400 2451 1552 2494 Quicquid
1571 2460 1618 2486 est

878 2498 913 2527 id
932 2498 1011 2537 quod
1030 2495 1169 2536 reliquit]
1188 2496 1320 2527 Nullum
1339 2495 1372 2526 in
1388 2495 1448 2527 boc
1463 2506 1541 2528 sene
1556 2496 1618 2529 fuit

875 2539 994 2570 doloris
1010 2539 1159 2575 officium,
1176 2546 1250 2570 ante
1266 2549 1360 2579 quam
1378 2539 1475 2570 sciret
1496 2539 1618 2581 aliquid

874 2582 1034 2614 relictum.
1071 2581 1210 2623 Profuit]
1230 2582 1268 2613 Id
1283 2589 1341 2618 est,
1354 2592 1413 2624 pro
1429 2581 1521 2614 nobis
1534 2583 1613 2615 fuit·

876 2636 913 2657 ac
925 2636 984 2667 per
997 2626 1056 2656 hoe
1072 2633 1216 2656 nostrum
1233 2631 1299 2656 est·
1324 2632 1430 2666 potest
1445 2626 1531 2657 enim
1546 2626 1617 2668 ipse

876 2668 1044 2710 profuisse,
1074 2675 1181 2709 potest
1209 2678 1261 2699 res
1291 2670 1368 2709 ejus.
1412 2669 1478 2700 Ino
1501 2668 1614 2712 obfuit]

878 2712 1004 2743 Morem
1021 2722 1130 2742 eorum
1146 2711 1316 2752 expressit,
1331 2711 1447 2752 quibus
1458 2711 1614 2754 relinqui-

876 2762 947 2786 tur:
971 2754 1025 2795 qui
1039 2765 1136 2794 quum
1153 2754 1313 2786 audierint
1328 2754 1389 2786 sibi
1404 2754 1525 2796 aliquid
1544 2766 1615 2788 eme

879 2798 1037 2835 relictum,
1050 2804 1127 2828 tunc
1144 2797 1252 2828 tristes
1267 2807 1301 2829 se
1316 2798 1451 2839 fingunt.
1475 2798 1516 2830 D.
1518 2801 1615 2833 —0b

875 2840 1140 2871 consuetudinem
1153 2840 1298 2872 Terentii
1310 2841 1421 2874 malim
1434 2841 1510 2884 legi,
1521 2844 1615 2876 Immo

874 2895 943 2915 vero
954 2882 1059 2923 olgsuit.
1091 2883 1129 2914 B.

921 2927 969 2958 14.
993 2928 1074 2958 Nam
1093 2928 1179 2958 illum
1193 2929 1301 2964 nivmn,
1317 2933 1348 2959 et
1361 2929 1484 2960 ”lom
1488 2930 1610 2971 vellem]

874 2970 951 3002 Non
978 2969 1074 3002 idem
1085 2973 1192 3009 vivum,
1213 2971 1311 3012 quod
1320 2973 1461 3004 salo-n.
1474 2973 1612 3014 Impune
