1852 3216
107 154 246 183 scam
268 140 318 195 1.]

686 136 1053 181 PHORMIO.

1555 135 1634 176 561

220 230 353 278 Quod
374 228 442 272 ille
462 229 664 272 unciatim
682 229 754 270 vix
775 228 830 270 de
851 228 1056 270 demenso
1077 240 1168 278 suo,

167 303 207 333 10
223 296 358 338 Suum
379 295 614 337 defrudans
634 295 821 350 genium,
841 294 1072 348 comparsit
1095 293 1236 343 miser,

221 361 274 402 ld
295 360 365 402 illa
385 361 629 402 universum
650 360 854 414 abripiet:

886 358 1004 401 haud
1025 360 1287 401 existumans

221 427 398 474 Quanto
420 426 565 468 labore
586 433 781 481 partum:
813 439 944 481 porro
964 432 1106 466 autem
1128 424 1245 466 Geta

220 492 418 534 Ferietur
438 491 521 533 alio
540 506 729 541 munere,
750 491 825 532 ubi
844 490 949 532 hera
969 491 1208 546 pepererit:

221 557 359 599 Porro
380 565 523 599 autem
543 556 641 606 alio,
659 557 733 598 ubi
753 557 835 598 erit
854 571 990 611 puero
1009 555 1159 597 natalis
1180 556 1272 597 dies
1288 571 1297 595 z

105 690 225 722 habent
239 691 408 721 ditioribus.
442 689 611 730 Utrunque
626 688 756 725 scribas,
773 698 846 729 pro-

105 733 271 765 nunciatio
287 740 335 763 est
351 732 471 763 eadem.
505 732 541 762 B.

149 779 178 808 9.
199 779 284 810 Quod
298 775 366 816 ille]
389 776 491 806 Docte
507 775 547 806 ad
569 774 762 815 singularem
786 784 846 805 nu-

104 830 230 851 merum
246 819 362 851 transit
373 829 393 850 a
407 818 533 860 plurali.
570 817 657 852 Quod
667 817 735 858 ille]
751 817 848 848 Redit

104 863 146 895 ad
161 864 287 894 Getam.
339 861 507 902 Unciatim]
531 861 583 892 Sic
604 870 736 897 veteres,
752 862 847 891 multa

104 909 259 938 unciatim.
303 906 386 937 Cum
402 915 543 946 expensa
558 903 696 945 pecunia
710 903 847 934 ferretur

104 959 193 981 more
215 955 377 981 veterum:
402 958 467 979 non
488 954 525 978 ut
547 957 632 978 nunc
653 957 846 978 annumera-

103 1000 203 1030 retur,
233 995 311 1024 assis
340 992 422 1022 libra
448 998 536 1022 erat·
570 991 702 1039 ejusque
728 997 845 1031 partes,

102 1039 209 1067 unciae.
255 1036 380 1066 Rursus
408 1034 512 1066 unciae
536 1033 633 1064 unius
660 1033 849 1064 duodecima

103 1090 188 1121 pars,
205 1080 309 1110 libella
323 1078 497 1109 dicebatur.
543 1076 665 1108 Merito
684 1087 761 1125 ergo
783 1086 848 1107 nou

102 1132 162 1163 per
182 1121 326 1163 singulos
340 1120 514 1156 sestertios,
530 1130 635 1160 neque
656 1130 716 1161 per
736 1119 847 1160 singu-

103 1165 152 1197 los
178 1165 336 1202 denarios,
361 1174 465 1205 neque
489 1174 548 1206 per
571 1163 714 1212 singulos
737 1173 846 1194 asses:

103 1209 161 1240 sed
181 1208 216 1239 id
238 1208 323 1249 quod
345 1209 558 1247 ὑπερβολικῶς
586 1206 756 1239 minimum
777 1206 847 1243 fuit,

103 1251 335 1326 ¹533?ssssss
353 1262 397 1325 ”1¹1¹
399 1251 474 1325 ⁰³3¹?
501 1252 645 1333 Ἒὲξῗέῗ
655 1249 788 1324 ψῗιῖἱῗω
805 1249 850 1323 Ea*

219 1318 227 1331 ,
337 1317 344 1325 .
395 1317 403 1324 .
471 1315 479 1323 .
789 1315 798 1330 ,

100 1349 158 1370 sua
171 1344 274 1378 sponte
288 1340 425 1374 venisset,
441 1339 572 1368 libellam
587 1347 677 1367 unam
690 1337 848 1367 dedisset?

107 1383 261 1413 chiatim
282 1380 350 1421 vix]
374 1380 485 1411 Potuit
502 1386 535 1411 et
555 1379 720 1416 unciatim,
737 1386 769 1410 et
784 1378 848 1409 cito

103 1424 236 1456 conflari
250 1424 423 1472 peculium.
463 1423 508 1454 Ut
517 1422 617 1454 multa
626 1402 846 1464 pauxillatim,

103 1475 137 1499 et
149 1468 214 1499 cito
229 1467 312 1499 fiunt
333 1467 482 1498 maxima„
530 1466 650 1497 Merito
666 1475 742 1506 ergo
756 1465 847 1496 addi-

103 1517 172 1542 tum
195 1518 245 1542 est
265 1514 324 1542 vir.
370 1510 434 1541 Sed
450 1509 526 1550 quid
548 1509 576 1540 si
591 1516 625 1540 et
645 1511 799 1546 unciatim,
816 1514 849 1539 et

102 1557 162 1592 vix,
176 1560 208 1585 et
223 1553 387 1586 tamen.de
400 1553 489 1584 lucro
500 1552 589 1583 dedit
601 1553 613 1582 2
652 1554 700 1582 De
714 1553 850 1582 demenso

102 1609 166 1634 suo,
180 1597 295 1638 inquit.
330 1596 418 1632 Quid
430 1596 456 1628 si
471 1606 512 1627 ex
523 1595 721 1626 abundanti?
757 1597 848 1626 Suum

102 1640 267 1680 defrudans
278 1643 410 1681 genium.
450 1639 587 1676 Deinde,
599 1649 663 1670 non
679 1640 848 1679 acquisivit,

103 1684 171 1721 sed,
187 1686 356 1724 comparsit.
403 1683 447 1714 Et
460 1683 500 1714 ad
515 1690 722 1724 postremum,
739 1683 848 1712 miser.-

103 1734 140 1758 ut
161 1727 314 1767 iniquitas
328 1725 580 1762 consuetudinis,
596 1724 847 1766 comploratione

104 1770 260 1802 finiretur.
306 1771 354 1801 De
369 1772 503 1801 demenso
518 1768 587 1809 suo]
611 1768 702 1799 Servi
719 1775 846 1808 quater-

103 1824 163 1845 nos
178 1813 302 1844 modios
317 1813 517 1854 accipiebant
532 1811 685 1843 frumenti
706 1811 741 1842 iu
757 1821 847 1842 men-

103 1867 172 1888 sem
184 1869 191 1887 :
217 1863 250 1888 et
261 1856 294 1887 id
306 1858 472 1887 demensum
486 1855 660 1886 dicebatur.
685 1854 728 1885 Et
740 1863 848 1885 utrum

103 1911 123 1931 a
138 1911 245 1936 mense,
261 1910 302 1930 an
319 1910 338 1930 a
358 1901 513 1936 metiendo,
536 1899 694 1929 incertum
711 1904 768 1929 est.
806 1898 847 1928 D.

102 1943 236 1978 —Quod
258 1945 310 1974 ille
331 1941 494 1983 unciatim]
521 1942 593 1973 Hoc
609 1949 667 1978 est,
683 1941 847 1983 paulatim,

103 1986 192 2018 velut
217 1997 276 2028 per
297 1985 440 2027 singulas
461 1986 582 2016 uncias.
627 1986 675 2016 De
696 1983 847 2024 demenso]

104 2030 157 2061 De
172 2029 301 2066 cibario,
319 2029 378 2060 hoc
395 2035 453 2066 est,
470 2028 555 2069 quod
576 2027 637 2059 sibi
660 2027 703 2058 sit
717 2027 848 2059 demen-

102 2083 191 2105 sum:
230 2084 250 2104 a
272 2072 444 2104 metiendo.
485 2070 765 2112 R—Desraudam
790 2082 845 2111 ge-

102 2116 200 2158 nium]
234 2116 338 2148 Plaut.
366 2115 476 2146 Aulul.
503 2115 545 2146 iv.
577 2116 606 2146 9.
637 2115 846 2145 13.—tantum

101 2162 174 2191 auri
180 2161 330 2200 perdidi?
360 2161 447 2193 Quod
457 2160 602 2190 custodivi
619 2159 729 2189 sedulo.
764 2159 846 2198 Ego-

101 2209 163 2234 met
177 2214 222 2234 me
237 2202 425 2242 defraudavi,
447 2204 646 2242 Animumque
666 2212 770 2237 meum,
790 2211 846 2241 ge-

102 2249 242 2288 niumque
256 2257 360 2277 meum.
396 2245 542 2276 Pertinet
557 2251 664 2276 autem
679 2244 742 2275 huc
757 2243 846 2275 locus

101 2289 123 2320 J
126 2288 193 2320 unii
210 2289 403 2331 Philargyrii
418 2289 452 2320 in
468 2288 583 2329 virgil.
600 2287 711 2328 Eclog.
729 2288 757 2318 5.
780 2288 844 2318 Sol-

102 2333 213 2364 lemnia
233 2338 311 2365 vota.
358 2334 517 2364 Goenarum
539 2333 602 2363 tria
619 2342 741 2372 genera,
757 2342 847 2361 unum

102 2377 252 2413 sollemne,
282 2378 369 2407 aliud
394 2377 557 2406 viaticum.-
590 2380 634 2412 ut,
659 2376 713 2405 Ad
734 2385 847 2405 coenam

103 2424 220 2456 vocant,
249 2421 408 2450 adventum
441 2420 648 2460 gratulantur.
699 2419 742 2448 Ut
770 2419 848 2448 idem

106 2462 266 2493 Terentius
278 2474 289 2493 .·
316 2463 402 2495 Quod
414 2464 465 2493 vix
479 2464 516 2493 de
538 2463 673 2493 demenso
686 2472 749 2498 suo,
763 2471 849 2491 suum

103 2503 290 2544 defraudem
301 2507 432 2546 genium.
463 2504 601 2536 Vidend.
622 2504 754 2535 Servius
769 2504 848 2535 Geo.

103 2547 125 2578 i.
143 2548 216 2579 302.
234 2547 319 2579 Non.
333 2548 477 2579 Marcell.
493 2548 528 2579 in
540 2558 618 2579 voce
635 2549 781 2578 Genialis.
808 2547 846 2578 L.

152 2592 201 2621 10.
218 2592 309 2622 Simu
324 2590 488 2632 desndmss
499 2590 646 2639 genia-m]
665 2590 711 2621 Ut
725 2596 846 2628 contra,

101 2635 240 2675 genialia
261 2645 369 2665 curare
390 2634 517 2671 dicitur,
540 2634 595 2674 qui
617 2633 699 2664 vivit
718 2633 846 2665 lautius.

106 2678 287 2708 D.-Suum
315 2675 480 2717 defrudans
505 2676 644 2718 genium]
684 2676 846 2708 Fraudare

105 2730 201 2752 suum
224 2719 355 2768 genium
367 2719 495 2757 dicitur,
510 2719 539 2751 si
553 2719 624 2760 quis
646 2719 774 2761 parcius
799 2720 847 2750 bi-

106 2763 164 2799 bit,
187 2763 214 2794 si
237 2763 309 2804 quis
330 2763 458 2812 parcius
480 2762 569 2794 vivit.
602 2763 647 2793 At
668 2772 744 2793 vero
766 2762 847 2793 bene

102 2807 202 2848 genio
226 2805 311 2843 facit,
337 2806 366 2837 si
396 2805 468 2846 quis
490 2805 591 2836 vitam
614 2805 734 2846 largius
760 2805 847 2837 colit.

106 2850 197 2891 Virg.
210 2850 328 2891 Georg.
344 2849 365 2880 i.
383 2850 455 2880 302.
469 2850 586 2880 Invitat
594 2850 725 2889 genialis
737 2850 849 2889 hyems,

102 2904 251 2942 curasque
263 2894 392 2924 resolvit.
416 2893 461 2923 Et
469 2891 533 2923 alio
544 2891 624 2928 loco
634 2891 710 2922 AEn.
722 2891 846 2923 vi.603.

217 2935 390 2978 persuadet
411 2935 482 2968 fieri
496 2934 593 2975 (adde
607 2936 715 2966 lectam
734 2937 846 2966 unben-

53 2991 59 2995 ·
104 2936 238 3020 8ΙιξιήΖ..)
261 2981 360 3012 lucent
378 2980 550 3020 genialibus
571 2979 645 3010 altis
660 2980 764 3012 Aurea
779 2976 846 3019 sal·

891 689 1038 718 cratoris.
1072 689 1239 727 Comparsit
1260 684 1366 726 miser]
1384 684 1550 716 Parcendo
1564 694 1631 716 ser-

891 731 987 761 vavit.
1019 730 1255 761 E.—veterem
1281 728 1472 770 scripturam
1502 738 1633 768 comper—

890 776 941 811 sit,
966 784 1036 814 quae
1056 773 1199 804 exhibita
1219 779 1268 804 est
1291 772 1326 802 in
1350 772 1460 802 Bemb.
1486 778 1520 802 et
1547 771 1634 813 apud

891 817 1045 852 Nonium,
1072 817 1106 847 in
1140 822 1265 847 textum
1294 815 1512 856 recipiendam
1539 821 1634 856 puta-

890 870 971 891 mus.
1003 860 1041 891 B.

937 905 983 934 ll.
1002 904 1041 933 Id
1061 902 1132 942 illa]
1160 903 1273 943 Nupta
1293 901 1425 933 scilicet.
1459 903 1634 932 Universum

889 945 1037 986 abripiet]
1051 947 1172 977 Contra
1187 946 1267 976 illud
1283 945 1366 986 quod
1381 947 1526 976 unciatim
1541 944 1634 975 dixe-

887 995 947 1020 rat.
997 991 1171 1020 Universum
1197 987 1346 1029 abripiet]
1381 988 1504 1029 Magna
1532 987 1635 1018 virtus

891 1042 975 1073 pene
1004 1033 1039 1063 in
1066 1031 1203 1073 singulis
1228 1031 1377 1073 syllabis:
1413 1038 1525 1062 contra
1553 1030 1635 1061 illud

891 1076 976 1116 quod
989 1075 1035 1106 ait
1050 1077 1113 1113 ille,
1130 1077 1185 1106 illa
1197 1075 1327 1107 retulit:
1352 1081 1464 1106 contra
1478 1076 1634 1110 unciatim,

890 1122 941 1150 vix
951 1132 962 1150 .·
985 1125 1018 1150 et
1032 1121 1167 1150 demenso
1180 1130 1242 1156 suo,
1257 1121 1437 1149 universum.
1465 1117 1584 1148 Contra
1600 1116 1635 1148 id

891 1162 976 1203 quod
987 1162 1042 1199 ait,
1052 1173 1158 1193 manus
1169 1164 1351 1199 corraditur,
1364 1163 1516 1201 Abripiet.
1546 1160 1633 1191 Con-

892 1212 952 1242 tra,
967 1207 1060 1237 Suum
1081 1205 1246 1246 defrudans
1264 1207 1395 1246 genium,
1419 1211 1452 1236 et
1474 1206 1635 1244 comparsit

891 1252 992 1287 miser,
1014 1251 1096 1280 haud
1110 1251 1285 1280 existimans
1307 1254 1418 1289 quanto
1440 1249 1542 1279 labore
1557 1258 1634 1287 par-

893 1297 964 1323 tum.
995 1294 1092 1323 Haud
1112 1291 1304 1332 ezistimans]
1328 1293 1425 1322 Haud
1449 1293 1634 1327 existimans,

892 1335 943 1366 vel
954 1335 1148 1376 intelligens,
1158 1335 1210 1366 vel
1220 1335 1412 1376 recogitans,
1425 1345 1461 1366 ac
1470 1340 1636 1376 reputans.

890 1380 987 1410 Haud
1000 1378 1192 1419 eoeistimans]
1210 1379 1283 1415 Pro,
1299 1377 1472 1410 aestimans.
1513 1376 1635 1408 Sallus-

891 1421 964 1459 tius,
981 1424 1018 1459 si,
1038 1424 1182 1458 Quirites,
1199 1433 1308 1461 parum
1323 1423 1545 1453 existimaretis.
1577 1420 1620 1451 D.

936 1465 985 1495 12.
1005 1465 1124 1499 Quanto
1139 1467 1239 1496 labore
1248 1463 1387 1505 partum]
1406 1464 1479 1495 Hoc
1495 1463 1542 1495 sic
1557 1473 1634 1505 pro-

891 1507 1110 1539 nunciandum
1133 1515 1190 1546 est,
1206 1508 1297 1548 quasi
1312 1518 1398 1539 nunc
1413 1507 1444 1538 ei
1459 1507 1586 1538 venerit
1599 1507 1635 1537 in

892 1558 1032 1582 mentem
1056 1551 1174 1593 saepius
1200 1562 1369 1593 passurum
1395 1552 1522 1588 Getam,
1550 1549 1636 1590 quod

891 1595 990 1626 semel
1019 1594 1157 1626 tolerare
1180 1595 1404 1636 gravissimum
1431 1593 1635 1634 judicaverit.

895 1640 1014 1671 Quanto
1029 1637 1146 1679 labore]
1164 1638 1219 1675 Ut,
1233 1638 1308 1669 AEn.
1322 1638 1377 1669 vii.
1389 1639 1461 1668 244.
1477 1639 1635 1677 relliquias

895 1681 988 1721 Trnja
1002 1692 1039 1712 es:
1053 1683 1179 1713 ardente
1199 1687 1343 1722 receptas.
1378 1679 1524 1720 Par-tum]
1553 1680 1632 1711 Pro-

892 1725 962 1766 prie
987 1724 1106 1756 dicitur
1126 1730 1259 1765 partum,
1289 1725 1329 1756 de
1353 1735 1392 1756 eo
1413 1724 1498 1765 quod
1525 1723 1634 1754 labore

891 1767 1060 1809 quaesitum
1088 1775 1153 1799 est:
1187 1768 1262 1809 quia
1289 1768 1396 1799 nullus
1426 1773 1537 1809 partus
1564 1766 1635 1798 sine

892 1811 1002 1842 dolore
1025 1817 1075 1842 est
1100 1822 1137 1843 ac
1162 1811 1280 1842 labore.
1318 1813 1415 1843 Porro
1439 1816 1539 1842 autem
1556 1811 1636 1841 Geta

882 1853 1035 1895 ferietur]
1054 1855 1107 1885 Ad
1122 1860 1345 1896 paupertatem
1364 1854 1476 1885 retulit
1488 1852 1635 1893 ferietur.

894 1898 978 1929 Nam
999 1905 1031 1928 et
1052 1898 1215 1935 damnum,
1234 1900 1351 1938 plaga.-
1374 1904 1407 1929 et
1428 1907 1490 1935 res,
1511 1898 1636 1937 sanguis

891 1948 1001 1972 noster
1015 1940 1143 1972 dicitur.
1172 1941 1213 1972 D.

938 1985 987 2015 13.
1003 1986 1144 2015 Ferietur
1158 1986 1218 2015 alio
1238 1983 1375 2024 munere]
1398 1982 1634 2024 Significanter,

892 2038 958 2058 non
974 2027 1126 2068 fungetur
1140 2037 1284 2064 munere,
1308 2027 1365 2059 sed
1381 2026 1526 2068 ferietur,
1542 2026 1635 2057 dixit.

889 2073 1031 2102 Ferietur
1057 2073 1119 2101 alio
1145 2070 1281 2111 munere]
1314 2071 1367 2101 Ex
1393 2069 1635 2106 consuetudine.

880 2114 1024 2155 firietur.
1063 2114 1149 2145 Nam
1178 2120 1209 2144 et
1234 2116 1368 2154 plagam,
1395 2113 1568 2145 damnum:
1601 2119 1637 2144 et

889 2163 1041 2194 sumtum,
1055 2159 1231 2198 sanguinem
1246 2164 1390 2188 nostrum
1405 2156 1551 2188 dicimus.
1574 2157 1636 2187 Ubi

889 2203 963 2232 hera
982 2199 1150 2241 pepererit]
1175 2201 1256 2236 Quae
1277 2210 1375 2242 supra
1389 2202 1445 2231 illa
1467 2199 1554 2231 dicta
1574 2205 1633 2230 est.

891 2245 1119 2275 D.-—-Ferietur
1139 2246 1201 2275 alio
1214 2243 1351 2284 manere]
1379 2242 1551 2285 Expressit
1571 2242 1633 2274 im—

889 2294 984 2328 petus
998 2286 1117 2324 damni,
1132 2297 1206 2318 cum
1221 2286 1313 2324 dixit,
1336 2297 1436 2318 vacua
1458 2285 1634 2318 remittent.

890 2331 1116 2362 E.—Ferietur
1136 2332 1197 2361 alio
1214 2329 1352 2371 munere]
1375 2330 1499 2361 Seneca
1511 2329 1553 2361 de
1568 2329 1633 2360 Be-

890 2374 983 2405 nefic.
997 2373 1049 2405 vii.
1067 2375 1096 2405 4.
1113 2375 1270 2414 Numquid
1283 2375 1406 2405 dubiam
1418 2379 1474 2410 est,
1487 2375 1559 2414 quin
1569 2383 1634 2404 ser-

891 2429 945 2448 vus
960 2428 1026 2448 eum
1047 2419 1165 2457 peculio
1180 2419 1292 2448 domini
1306 2419 1348 2448 sit
1359 2419 1375 2447 Ρ
1396 2418 1452 2448 dat
1466 2422 1565 2448 tamen
1575 2417 1634 2448 do·

892 2463 972 2492 mino
984 2471 1099 2491 munus.
1132 2460 1169 2491 L.

939 2505 987 2534 14.
1003 2505 1099 2535 Porro
1117 2505 1180 2535 alio
1202 2502 1319 2544 autem]
1342 2503 1389 2534 Et
1410 2505 1471 2534 alio
1494 2502 1581 2542 (Al-'o
1602 2507 1635 2534 ot

889 2546 967 2588 alio)
977 2547 1060 2587 quod
1070 2546 1159 2584 dicit,
1168 2557 1228 2588 pro
1237 2546 1347 2578 multis
1354 2546 1634 2588 pronunciandum

890 2597 948 2621 est.
979 2590 1037 2621 Ubi
1048 2593 1108 2621 erit
1118 2601 1212 2630 puero
1224 2591 1339 2621 natalis
1348 2589 1431 2631 dies]
1447 2589 1531 2621 Cum
1540 2589 1633 2631 (um,

889 2631 972 2674 cum)
987 2632 1165 2673 adjectione
1181 2632 1335 2674 temporis
1355 2632 1535 2673 cujuslibet.
1562 2634 1633 2664 Na-

889 2679 963 2708 talis
977 2679 1042 2708 dies
1058 2676 1173 2707 melius
1188 2675 1324 2707 dicitur:
1349 2681 1383 2707 ut
1403 2678 1517 2708 natalis
1531 2678 1633 2708 locus.-

891 2726 924 2750 et
947 2721 1050 2751 natale
1070 2725 1207 2751 astrum:
1230 2719 1287 2750 sed
1310 2719 1476 2760 Virgilius,
1499 2719 1569 2751 Ed.
1583 2718 1631 2752 iii.

892 2762 943 2795 76.
975 2762 1119 2794 serviens
1148 2772 1294 2804 personae
1318 2762 1456 2800 rusticae,
1484 2774 1567 2795 naeus
1586 2768 1635 2795 est

891 2807 1014 2843 natalis,
1030 2807 1105 2843 1010,
1120 2805 1244 2847 inquit,
1268 2816 1328 2837 nec
1340 2805 1472 2844 addidit,
1487 2808 1560 2838 dies.
1588 2807 1631 2839 D.

890 2850 1033 2880 —Paero
1043 2850 1157 2880 natalis
1170 2848 1253 2890 dies]
1275 2849 1411 2892 Semper
1423 2849 1539 2882 natalis
1553 2849 1633 2888 dies,

890 2902 964 2923 cum
978 2891 1072 2934 pueri
1086 2891 1266 2924 initiantur.
1297 2892 1424 2925 Natalis
1444 2903 1557 2932 annm,
1573 2904 1632 2927 na-

891 2935 965 2966 talis
980 2935 1059 2972 dies,
1080 2935 1198 2967 natalis
1211 2935 1290 2967 hora
1305 2935 1412 2976 (adde.
1427 2937 1543 2986 dicitar
1562 2948 1631 2968 con-

884 2978 1017 3018 junctim
1032 2977 1277 3052 Z.4).cAlioquiu
1297 2989 1357 3022 per
1369 2989 1406 3013 se
1419 2979 1476 3014 vix
1490 2979 1554 3014 dici
1573 2990 1632 3022 po-
