1852 3216
86 176 90 181 ,
111 155 258 185 scssruz
272 142 325 198 1.]

687 143 1048 188 PHORMIO.

1543 147 1628 191 617

221 231 311 274 De.
335 231 435 287 Scio
453 234 514 276 ita
530 247 654 276 esse:
683 241 729 277 et
747 234 866 277 istaec
884 234 988 276 mihi
1005 249 1076 277 res
1096 233 1447 287 sollicitudini'st;

220 297 378 354 Neque
399 299 509 342 adeo
529 299 756 343 defetiscar
771 315 958 356 unquam
976 301 1227 356 experirier‚

218 363 371 432 Donec
392 365 470 407 tibi
489 365 548 416 id,
568 366 685 422 quod
705 365 916 422 pollicitus
938 381 1048 417 sum,
1068 365 1268 410 effecero.

357 549 609 622 ACTUS
654 574 952 629 QUARTI
997 574 1248 624 SCENA
1292 576 1358 624 11.

791 701 929 733 GETA.

214 784 315 825 EGo
333 784 546 827 hominem
565 784 823 827 callidiorem
842 785 929 827 vidi
946 785 1170 836 neminem,

212 849 355 898 Quam
375 850 700 892 Phormionem:
731 850 854 891 venio
874 851 930 892 ad
949 849 1175 902 hominem,
1196 857 1245 893 ut
1264 851 1464 902 dicerem,

210 913 452 971 Argentum
472 931 580 972 opus
600 930 710 966 esse,
732 922 776 957 et
795 915 839 956 id
857 931 944 971 quo
963 924 1091 971 pacto
1110 916 1250 958 fieret.

210 981 298 1023 Vix
319 983 419 1024 dum
440 983 658 1024 dimidium
679 983 885 1032 dixeram,
906 981 1197 1024 intellexerat:

172 1055 193 1084 5
210 1046 466 1090 Gaudebat:
496 1063 563 1090 me
582 1048 811 1090 laudabat:
842 1048 1064 1102 quaerebat
1085 1062 1252 1089 senem:

207 1112 290 1154 Dis
310 1114 469 1168 gratias
491 1115 661 1170 agebat,
683 1121 852 1169 tempus
873 1113 953 1155 sibi
974 1113 1083 1164 dari,

209 1178 298 1220 Ubi
318 1178 533 1222 Phaedriae
554 1195 600 1222 se
621 1179 868 1222 ostenderet
886 1177 1018 1220 nihilo
1034 1179 1171 1220 minus

204 1244 404 1288 Amicum
422 1261 532 1294 esse,
550 1261 678 1302 quam
697 1243 963 1300 Antiphoni:
994 1243 1209 1286 hominem
1229 1245 1285 1286 ad
1304 1244 1444 1288 forum

202 1310 324 1352 «Iussi
343 1312 556 1367 opperiri:
587 1326 640 1354 eo
659 1326 726 1353 me
745 1325 841 1354 esse
862 1309 1149 1352 adducturum
1168 1324 1325 1353 senem.

150 1385 189 1415 10
205 1377 294 1419 Sed
312 1391 458 1419 eccum
476 1378 638 1433 ipsum:
670 1377 767 1434 quis
787 1384 854 1419 est
872 1376 1078 1419 ulterior?
1108 1384 1197 1419 atat
1217 1376 1433 1420 Phaedriae

98 1441 103 1446 ”
205 1442 337 1485 Pater
356 1444 494 1485 venit:
527 1443 605 1485 sed
624 1443 728 1499 quid
748 1443 947 1499 pertimui
966 1449 1111 1484 autem
1129 1442 1303 1486 bellua?

203 1509 277 1550 An
296 1510 411 1564 quia,
428 1525 536 1565 quos
556 1509 713 1561 fallam,
734 1524 814 1565 pro
833 1524 921 1551 uno
940 1509 1028 1551 duo
1048 1516 1148 1551 sunt
1166 1509 1269 1551 mihi
1289 1510 1412 1552 dati?

203 1574 477 1617 Commodius
498 1590 594 1618 esse
614 1575 766 1631 opinor
780 1573 941 1630 duplici
961 1589 1037 1630 spe
1057 1575 1183 1616 utier.

202 1639 352 1682 Petam
373 1640 487 1691 hinc,
509 1641 624 1683 unde
643 1656 668 1682 a
688 1641 824 1696 primo
843 1641 1030 1682 institui:
1061 1641 1098 1682 is
1118 1642 1155 1683 si
1174 1641 1265 1692 dat,
1287 1648 1355 1684 sat
1373 1649 1464 1684 est:

94 1760 97 1761 ⁷
147 1715 184 1744 15
203 1705 249 1748 Si
269 1706 324 1748 ab
344 1705 427 1748 hoc
446 1705 552 1748 nihil
570 1706 662 1757 fiet,
682 1714 774 1748 tum
790 1705 906 1749 hunc
926 1707 1096 1750 adoriar
1112 1706 1341 1764 hospitem.

87 1828 170 1869 fini).
203 1829 427 1860 n—ueormn
451 1830 531 1860 solue
555 1827 637 1870 sum]
669 1828 824 1860 Priscian.

86 1872 311 1956 hb2giiNe14ue
332 1914 510 1956 defetiscar]
535 1915 650 1955 Neque
671 1914 823 1946 lassabor.

85 1961 170 1989 Adeo
199 1958 381 1999 caper-frier]
414 1959 548 2000 Semper
577 1965 710 1989 tentare.

84 2001 273 2043 Desetiscar]
302 2002 388 2033 vett.
413 2001 488 2033 libb.
513 2000 685 2041 desecisear.
720 2001 820 2033 Prisc.

82 2045 137 2076 lib.
154 2055 185 2076 x.
209 2044 404 2086 Eaeperirier]
434 2045 474 2075 V.
491 2045 527 2076 C.
552 2047 697 2085 aper-ier.
740 2045 822 2075 L.—

291 2088 299 2094 ’
322 2088 469 2125 lectione,
492 2099 563 2129 que
586 2094 636 2119 est
661 2088 820 2125 Bembini,

83 2088 155 2120 Prae
177 2089 300 2130 vulgari

82 2132 122 2162 ad
139 2131 304 2163 evitandas
316 2131 466 2163 elisiones
479 2131 586 2168 duras,
601 2131 755 2162 Terentio
770 2131 821 2162 in-

82 2175 205 2216 dignas,
227 2175 333 2217 placet
356 2174 511 2206 Prisciani
533 2185 565 2216 p.
583 2175 654 2206 889.
674 2181 707 2205 et
725 2175 817 2207 1147.

82 2220 188 2260 Neque
203 2218 365 2259 defetiscar
379 2229 471 2259 usque
485 2219 559 2249 adeo
573 2219 747 2259 aper-‘rien
765 2217 818 2249 Sic

82 2273 173 2302 usqne
188 2264 262 2293 adeo
276 2264 368 2293 donee
382 2267 436 2299 est,
452 2261 537 2292 And.
554 2261 596 2292 iv.
616 2263 643 2292 1.
661 2262 710 2292 38.
735 2261 773 2292 B.

87 2322 90 2325 ·
124 2306 175 2335 24.
198 2306 301 2336 Donec
323 2307 380 2336 tibi
401 2307 443 2342 id,
466 2306 546 2345 quod
570 2306 722 2345 pollicitus
742 2315 816 2342 sun,

81 2347 220 2389 effecero]
253 2348 343 2390 Virg.
375 2348 451 2379 AEn.
482 2347 516 2379 ii.
548 2348 620 2380 719.
652 2349 744 2379 donee
772 2359 818 2379 me

74 2392 199 2430 flumine
212 2393 277 2422 vivo
290 2393 432 2422 Abluero.
462 2392 503 2422 D.

87 2451 90 2454 ,
127 2435 153 2464 1.
179 2436 246 2475 Ego
268 2434 427 2476 hominem]
457 2435 539 2465 Haec
565 2444 662 2465 scena
688 2434 816 2476 exposi-

81 2476 200 2508 tionem
213 2484 311 2515 tenet‚
327 2478 403 2519 quid
414 2488 487 2509 cum
505 2477 698 2509 Phormione
710 2485 817 2509 actum

79 2519 136 2551 sit:
157 2530 273 2561 nempe
283 2520 329 2551 uti
338 2529 505 2562 argentum
515 2528 721 2562 quaereretur,
733 2521 818 2561 quod

78 2563 187 2594 lenoni
203 2563 278 2594 ferri
294 2571 403 2605 posset
411 2574 471 2606 pro
485 2564 647 2600 Phaedria;
671 2573 707 2595 ut
723 2564 816 2595 Phae-

79 2606 158 2637 driae
187 2617 221 2637 se
251 2607 399 2638 ostendat
421 2607 523 2639 nihilo
544 2608 651 2639 minus
678 2607 816 2638 amicum

79 2659 158 2687 esse,
174 2659 270 2690 quam
285 2649 474 2691 Antiphoni.
519 2650 637 2682 Aiebat
660 2651 720 2681 Dis
741 2661 815 2692 gra·

78 2692 166 2730 tiam,
196 2692 306 2723 datum
334 2693 397 2724 sibi
423 2703 494 2724 esse
519 2700 656 2735 tempus,
686 2693 720 2724 in
748 2704 812 2734 quo

78 2736 246 2767 ostendere
261 2745 298 2767 se
409 2742 430 2773 t,
446 2735 543 2767 simili
558 2736 654 2767 modo
674 2747 709 2768 se
730 2737 810 2768 ami-

77 2789 150 2810 eum
167 2778 321 2811 Phaedriae
336 2789 416 2818 esse,
427 2779 693 2820 quemadmodum
708 2779 813 2811 fuerat

869 1829 1060 1871 Antiphoni.
1105 1830 1191 1861 Nam
1217 1830 1320 1880 ipsius
1343 1841 1442 1873 opera
1462 1832 1608 1875 Antipho

868 1883 1001 1904 uxorem
1010 1873 1156 1911 duxerat,
1166 1883 1277 1905 rursus
1286 1874 1390 1916 ipmus
1400 1885 1499 1917 opera
1510 1876 1606 1908 Phae-

867 1915 937 1946 dria
949 1915 1122 1947 redimeret
1134 1916 1346 1948 meretricem.
1373 1918 1413 1949 E.

909 1960 939 1990 2.
961 1961 1052 1990 Venio
1072 1961 1116 1990 ad
1134 1959 1295 2001 hominem]
1319 1961 1465 1993 Venuste
1484 1962 1607 2004 repeti-

864 2009 932 2033 tum
948 2004 1100 2034 homnem.
1134 2003 1176 2034 D.

907 2047 936 2076 3.
954 2045 1088 2086 Vulgari
1106 2045 1236 2077 lectioni
1260 2052 1385 2088 argento
1404 2047 1606 2097 praeferenda

864 2088 992 2120 videtur
1015 2089 1164 2120 Bembini
1179 2095 1358 2131 argentnm,·
1380 2090 1456 2132 quia
1477 2098 1605 2124 veteres

864 2131 910 2163 sic
924 2132 1145 2173 loquebantur.
1178 2133 1215 2163 B.

905 2175 934 2207 7.
952 2175 1107 2207 Rescribe
1129 2186 1241 2207 versus
1261 2175 1366 2217 gratia
1380 2178 1550 2216 Phaedriaz,
1564 2183 1604 2210 ut

861 2228 959 2260 supra
982 2220 1106 2256 Οὶοπίαϊ,
1135 2221 1301 2260 Hospitai‘:
1334 2226 1430 2261 atque
1455 2220 1532 2254 tolle
1559 2226 1602 2260 se,

861 2261 945 2302 quod
957 2272 1032 2293 cum
1047 2262 1116 2293 cod.
1133 2262 1215 2304 Reg.
1232 2262 1489 2295 tmnssferendum
1503 2269 1553 2295 est
1563 2263 1601 2296 in

861 2315 942 2336 vers.
959 2315 1024 2346 seq.
1040 2314 1114 2347 post
1127 2308 1263 2337 amictu.
1296 2306 1333 2337 B.

906 2349 954 2379 10.
978 2348 1112 2390 Corrige
1133 2351 1185 2390 qui
1206 2354 1253 2380 est
1273 2351 1426 2381 ulterior?
1454 2349 1507 2382 vel
1532 2349 1599 2382 fob

860 2397 953 2428 tasse,
969 2394 1022 2432 qm·
1037 2394 1094 2423 iere
1108 2394 1259 2424 ulterior?
1281 2392 1319 2423 B.

906 2436 954 2466 11.
973 2435 1025 2466 Ex
1040 2437 1136 2466 Pater
1150 2435 1280 2467 eliditur
1294 2446 1333 2471 r:
1355 2435 1440 2477 quod
1454 2435 1599 2469 solemne

860 2484 910 2509 est
924 2478 959 2508 in
974 2478 1080 2520 primo
1094 2489 1205 2510 versus
1218 2479 1310 2520 pede.
1343 2479 1381 2510 B.

906 2522 955 2552 15.
972 2523 1063 2552 Hunc
1077 2523 1201 2553 adoriar
1214 2521 1374 2563 hospitem]
1390 2522 1507 2554 Astute
1527 2525 1597 2555 ku-

855 2566 960 2604 pt'tem,
976 2565 1017 2596 de
1032 2575 1071 2596 eo
1092 2564 1147 2606 qui
1169 2565 1372 2607 supervenit:
1395 2575 1514 2597 nomen
1534 2576 1595 2609 up-

860 2614 929 2638 tum
952 2608 1151 2650 imprudenti
1171 2618 1289 2646 rerum,
1311 2614 1407 2649 atque
1428 2608 1534 2641 alieno
1553 2609 1597 2642 ab

858 2660 967 2682 earum
993 2651 1136 2682 scientia.
1190 2650 1368 2689 Sallustius,
1384 2651 1478 2683 Catil.
1494 2653 1525 2684 2.
1547 2654 1596 2684 οό-

855 2699 916 2724 tam
930 2696 1022 2725 sicuti
1031 2696 1260 2735 percy-mantes
1270 2700 1452 2736 tranoegerz
1466 2701 1540 2727 ete.
1548 2695 1593 2728 D.

854 2737 963 2768 —Pro
977 2739 1030 2768 1ιοι·
1047 2737 1157 2769 Bemb.
1173 2743 1260 2768 recte
1274 2748 1329 2773 eo,-
1351 2744 1448 2780 atque
1459 2739 1596 2782 profi

855 2790 967 2812 omnes
983 2779 1100 2812 Faerni
1114 2786 1149 2812 et
1161 2780 1336 2821 nostrifiet.
1356 2781 1406 2813 Β.

1019 3017 1174 3055 4ι”’
