<?xml version="1.0" encoding="UTF-8"?>
<!DOCTYPE html PUBLIC "-//W3C//DTD XHTML 1.0 Transitional//EN"
    "http://www.w3.org/TR/xhtml1/DTD/xhtml1-transitional.dtd">
<html xmlns="http://www.w3.org/1999/xhtml" xml:lang="en" lang="en">
 <head>
  <title>
</title>
<meta http-equiv="Content-Type" content="text/html;charset=utf-8" />
  <meta name='ocr-system' content='tesseract 3.04.00' />
  <meta name='ocr-capabilities' content='ocr_page ocr_carea ocr_par ocr_line ocrx_word'/>
</head>
<body>
  <div class='ocr_page' id='page_1' title='image "./comoediaesex00tereuoft_0020.png"; bbox 0 0 1852 3216; ppageno 0'>
   <div class='ocr_carea' id='block_1_1' title="bbox 234 88 1371 135">
    <p class='ocr_par' dir='ltr' id='par_1_1' title="bbox 234 88 1371 135">
     <span class='ocr_line' id='line_1_1' title="bbox 234 88 1371 135; baseline -0.006 0"><span class='ocrx_word' id='word_1_1' title='bbox 234 94 327 135; x_wconf 73' lang='lat' dir='ltr'><strong>⁸xiv</strong></span> <span class='ocrx_word' id='word_1_2' title='bbox 613 91 804 132; x_wconf 79' lang='lat' dir='ltr'>RUFINI</span> <span class='ocrx_word' id='word_1_3' title='bbox 835 91 886 131; x_wconf 90' lang='lat' dir='ltr'><strong>V.</strong></span> <span class='ocrx_word' id='word_1_4' title='bbox 913 90 963 130; x_wconf 89' lang='lat' dir='ltr'><strong>D.</strong></span> <span class='ocrx_word' id='word_1_5' title='bbox 991 88 1371 131; x_wconf 79' lang='lat' dir='ltr'>GRAMMATICI.</span> 
     </span>
    </p>
   </div>
   <div class='ocr_carea' id='block_1_2' title="bbox 240 173 1762 1908">
    <p class='ocr_par' dir='ltr' id='par_1_2' title="bbox 240 173 1753 442">
     <span class='ocr_line' id='line_1_2' title="bbox 240 173 1751 231; baseline -0.006 -10"><span class='ocrx_word' id='word_1_6' title='bbox 240 182 279 221; x_wconf 87' lang='lat' dir='ltr'><strong>in</strong></span> <span class='ocrx_word' id='word_1_7' title='bbox 295 178 538 221; x_wconf 82' lang='lat' dir='ltr'><strong>modulandis</strong></span> <span class='ocrx_word' id='word_1_8' title='bbox 556 178 744 231; x_wconf 83' lang='lat' dir='ltr'><strong>rhythmis</strong></span> <span class='ocrx_word' id='word_1_9' title='bbox 763 191 832 218; x_wconf 89' lang='lat' dir='ltr'><strong>seu</strong></span> <span class='ocrx_word' id='word_1_10' title='bbox 847 178 995 224; x_wconf 87' lang='lat' dir='ltr'><strong>metris,</strong></span> <span class='ocrx_word' id='word_1_11' title='bbox 1013 177 1157 217; x_wconf 85' lang='lat' dir='ltr'><strong>veteris</strong></span> <span class='ocrx_word' id='word_1_12' title='bbox 1174 175 1379 215; x_wconf 80' lang='lat' dir='ltr'><strong>comoediae</strong></span> <span class='ocrx_word' id='word_1_13' title='bbox 1396 173 1604 226; x_wconf 81' lang='lat' dir='ltr'><strong>scriptores</strong></span> <span class='ocrx_word' id='word_1_14' title='bbox 1621 186 1664 213; x_wconf 89' lang='lat' dir='ltr'><strong>se</strong></span> <span class='ocrx_word' id='word_1_15' title='bbox 1682 173 1751 226; x_wconf 70' lang='lat' dir='ltr'><strong>qm·</strong></span> 
     </span>
     <span class='ocr_line' id='line_1_3' title="bbox 240 226 1752 286; baseline -0.006 -12"><span class='ocrx_word' id='word_1_16' title='bbox 240 234 472 280; x_wconf 84' lang='lat' dir='ltr'><strong>maluerunt,</strong></span> <span class='ocrx_word' id='word_1_17' title='bbox 489 233 514 272; x_wconf 87' lang='lat' dir='ltr'><strong>i.</strong></span> <span class='ocrx_word' id='word_1_18' title='bbox 536 231 731 286; x_wconf 83' lang='lat' dir='ltr'><strong>Eupolim,</strong></span> <span class='ocrx_word' id='word_1_19' title='bbox 753 230 965 276; x_wconf 77' lang='lat' dir='ltr'><strong>Cratinum,</strong></span> <span class='ocrx_word' id='word_1_20' title='bbox 985 230 1307 283; x_wconf 72' lang='lat' dir='ltr'>Aristophanem:</span> <span class='ocrx_word' id='word_1_21' title='bbox 1337 226 1448 280; x_wconf 85' lang='lat' dir='ltr'><strong>prolo</strong></span> <span class='ocrx_word' id='word_1_22' title='bbox 1475 241 1520 266; x_wconf 89' lang='lat' dir='ltr'><strong>os</strong></span> <span class='ocrx_word' id='word_1_23' title='bbox 1544 227 1557 266; x_wconf 92' lang='lat' dir='ltr'><strong>i</strong></span> <span class='ocrx_word' id='word_1_24' title='bbox 1626 241 1687 273; x_wconf 85' lang='lat' dir='ltr'><strong>ue,</strong></span> <span class='ocrx_word' id='word_1_25' title='bbox 1711 236 1752 267; x_wconf 90' lang='lat' dir='ltr'><strong>et</strong></span> 
     </span>
     <span class='ocr_line' id='line_1_4' title="bbox 240 281 1751 342; baseline -0.006 -14"><span class='ocrx_word' id='word_1_26' title='bbox 240 289 451 342; x_wconf 88' lang='lat' dir='ltr'><strong>primarum</strong></span> <span class='ocrx_word' id='word_1_27' title='bbox 468 300 668 326; x_wconf 87' lang='lat' dir='ltr'><strong>scenarum</strong></span> <span class='ocrx_word' id='word_1_28' title='bbox 686 295 795 325; x_wconf 90' lang='lat' dir='ltr'><strong>actus</strong></span> <span class='ocrx_word' id='word_1_29' title='bbox 819 285 1000 325; x_wconf 88' lang='lat' dir='ltr'><strong>trimetris</strong></span> <span class='ocrx_word' id='word_1_30' title='bbox 1025 282 1422 335; x_wconf 82' lang='lat' dir='ltr'><strong>comprehenderunt:</strong></span> <span class='ocrx_word' id='word_1_31' title='bbox 1477 281 1590 321; x_wconf 87' lang='lat' dir='ltr'><strong>einde</strong></span> <span class='ocrx_word' id='word_1_32' title='bbox 1621 282 1751 334; x_wconf 79' lang='lat' dir='ltr'><strong>ongis-</strong></span> 
     </span>
     <span class='ocr_line' id='line_1_5' title="bbox 241 334 1752 390; baseline -0.005 -9"><span class='ocrx_word' id='word_1_33' title='bbox 241 342 378 382; x_wconf 87' lang='lat' dir='ltr'><strong>simos:</strong></span> <span class='ocrx_word' id='word_1_34' title='bbox 405 342 430 380; x_wconf 90' lang='lat' dir='ltr'><strong>i.</strong></span> <span class='ocrx_word' id='word_1_35' title='bbox 452 349 695 380; x_wconf 85' lang='lat' dir='ltr'><strong>tetrametros</strong></span> <span class='ocrx_word' id='word_1_36' title='bbox 714 339 967 379; x_wconf 85' lang='lat' dir='ltr'><strong>subdiderunt</strong></span> <span class='ocrx_word' id='word_1_37' title='bbox 986 339 1051 390; x_wconf 90' lang='lat' dir='ltr'><strong>qui</strong></span> <span class='ocrx_word' id='word_1_38' title='bbox 1070 337 1312 389; x_wconf 78' lang='lat' dir='ltr'><strong>appellantur</strong></span> <span class='ocrx_word' id='word_1_39' title='bbox 1331 334 1531 387; x_wconf 87' lang='lat' dir='ltr'><strong>quadrati:</strong></span> <span class='ocrx_word' id='word_1_40' title='bbox 1559 344 1694 388; x_wconf 85' lang='lat' dir='ltr'><strong>postea</strong></span> <span class='ocrx_word' id='word_1_41' title='bbox 1713 335 1752 374; x_wconf 88' lang='lat' dir='ltr'><strong>in</strong></span> 
     </span>
     <span class='ocr_line' id='line_1_6' title="bbox 313 389 1753 442; baseline -0.005 -7"><span class='ocrx_word' id='word_1_42' title='bbox 313 395 491 436; x_wconf 89' lang='lat' dir='ltr'><strong>uentibus</strong></span> <span class='ocrx_word' id='word_1_43' title='bbox 511 394 778 434; x_wconf 80' lang='lat' dir='ltr'><strong>variaverunt:</strong></span> <span class='ocrx_word' id='word_1_44' title='bbox 807 393 934 432; x_wconf 91' lang='lat' dir='ltr'><strong>modo.</strong></span> <span class='ocrx_word' id='word_1_45' title='bbox 953 406 991 431; x_wconf 93' lang='lat' dir='ltr'><strong>n.</strong></span> <span class='ocrx_word' id='word_1_46' title='bbox 1009 392 1215 437; x_wconf 77' lang='lat' dir='ltr'>trimetros,</span> <span class='ocrx_word' id='word_1_47' title='bbox 1239 389 1357 429; x_wconf 88' lang='lat' dir='ltr'><strong>modo</strong></span> <span class='ocrx_word' id='word_1_48' title='bbox 1382 389 1516 429; x_wconf 87' lang='lat' dir='ltr'><strong>addito</strong></span> <span class='ocrx_word' id='word_1_49' title='bbox 1539 389 1753 442; x_wconf 77' lang='lat' dir='ltr'><strong>quadrante</strong></span> 
     </span>
    </p>

    <p class='ocr_par' dir='ltr' id='par_1_3' title="bbox 243 443 1762 1908">
     <span class='ocr_line' id='line_1_7' title="bbox 243 443 1753 498; baseline -0.005 -9"><span class='ocrx_word' id='word_1_50' title='bbox 243 463 291 490; x_wconf 81' lang='lat' dir='ltr'><strong>ve</strong></span> <span class='ocrx_word' id='word_1_51' title='bbox 332 450 491 489; x_wconf 90' lang='lat' dir='ltr'><strong>semisse</strong></span> <span class='ocrx_word' id='word_1_52' title='bbox 566 455 737 494; x_wconf 89' lang='lat' dir='ltr'><strong>suerunt,</strong></span> <span class='ocrx_word' id='word_1_53' title='bbox 763 447 787 486; x_wconf 92' lang='lat' dir='ltr'><strong>i.</strong></span> <span class='ocrx_word' id='word_1_54' title='bbox 817 446 1010 498; x_wconf 89' lang='lat' dir='ltr'><strong>semipede</strong></span> <span class='ocrx_word' id='word_1_55' title='bbox 1035 444 1198 497; x_wconf 89' lang='lat' dir='ltr'><strong>adjecto,</strong></span> <span class='ocrx_word' id='word_1_56' title='bbox 1224 443 1287 483; x_wconf 86' lang='lat' dir='ltr'><strong>vel</strong></span> <span class='ocrx_word' id='word_1_57' title='bbox 1314 444 1467 496; x_wconf 81' lang='lat' dir='ltr'><strong>integro</strong></span> <span class='ocrx_word' id='word_1_58' title='bbox 1494 443 1593 496; x_wconf 82' lang='lat' dir='ltr'><strong>pede</strong></span> <span class='ocrx_word' id='word_1_59' title='bbox 1625 443 1753 483; x_wconf 90' lang='lat' dir='ltr'><strong>iambo</strong></span> 
     </span>
     <span class='ocr_line' id='line_1_8' title="bbox 244 497 1753 555; baseline -0.005 -12"><span class='ocrx_word' id='word_1_60' title='bbox 244 503 307 543; x_wconf 85' lang='lat' dir='ltr'><strong>vel</strong></span> <span class='ocrx_word' id='word_1_61' title='bbox 325 503 452 555; x_wconf 81' lang='lat' dir='ltr'><strong>sesqui</strong></span> <span class='ocrx_word' id='word_1_62' title='bbox 532 516 553 541; x_wconf 91' lang='lat' dir='ltr'><strong>e</strong></span> <span class='ocrx_word' id='word_1_63' title='bbox 570 502 654 541; x_wconf 77' lang='lat' dir='ltr'><strong>haec</strong></span> <span class='ocrx_word' id='word_1_64' title='bbox 673 515 743 553; x_wconf 86' lang='lat' dir='ltr'><strong>per</strong></span> <span class='ocrx_word' id='word_1_65' title='bbox 761 501 908 540; x_wconf 88' lang='lat' dir='ltr'><strong>medios</strong></span> <span class='ocrx_word' id='word_1_66' title='bbox 928 509 1047 545; x_wconf 89' lang='lat' dir='ltr'><strong>actus,</strong></span> <span class='ocrx_word' id='word_1_67' title='bbox 1066 499 1171 537; x_wconf 87' lang='lat' dir='ltr'><strong>varie</strong></span> <span class='ocrx_word' id='word_1_68' title='bbox 1190 511 1323 536; x_wconf 83' lang='lat' dir='ltr'><strong>rursus</strong></span> <span class='ocrx_word' id='word_1_69' title='bbox 1341 497 1380 536; x_wconf 87' lang='lat' dir='ltr'><strong>in</strong></span> <span class='ocrx_word' id='word_1_70' title='bbox 1401 497 1511 536; x_wconf 81' lang='lat' dir='ltr'><strong>exitu</strong></span> <span class='ocrx_word' id='word_1_71' title='bbox 1535 497 1753 537; x_wconf 81' lang='lat' dir='ltr'><strong>fabularum</strong></span> 
     </span>
     <span class='ocr_line' id='line_1_9' title="bbox 245 550 1753 610; baseline -0.005 -13"><span class='ocrx_word' id='word_1_72' title='bbox 245 557 467 610; x_wconf 82' lang='lat' dir='ltr'><strong>quadratos,</strong></span> <span class='ocrx_word' id='word_1_73' title='bbox 492 554 626 608; x_wconf 85' lang='lat' dir='ltr'><strong>quales</strong></span> <span class='ocrx_word' id='word_1_74' title='bbox 652 555 821 594; x_wconf 77' lang='lat' dir='ltr'><strong>diximus</strong></span> <span class='ocrx_word' id='word_1_75' title='bbox 850 554 887 592; x_wconf 89' lang='lat' dir='ltr'><strong>in</strong></span> <span class='ocrx_word' id='word_1_76' title='bbox 916 552 1083 592; x_wconf 90' lang='lat' dir='ltr'><strong>secunda</strong></span> <span class='ocrx_word' id='word_1_77' title='bbox 1110 565 1225 591; x_wconf 87' lang='lat' dir='ltr'><strong>scena</strong></span> <span class='ocrx_word' id='word_1_78' title='bbox 1251 551 1488 591; x_wconf 84' lang='lat' dir='ltr'><strong>locaverunt.</strong></span> <span class='ocrx_word' id='word_1_79' title='bbox 1543 551 1622 591; x_wconf 85' lang='lat' dir='ltr'><strong>Sed</strong></span> <span class='ocrx_word' id='word_1_80' title='bbox 1650 550 1753 590; x_wconf 86' lang='lat' dir='ltr'><strong>idem</strong></span> 
     </span>
     <span class='ocr_line' id='line_1_10' title="bbox 274 604 1754 662; baseline -0.005 -11"><span class='ocrx_word' id='word_1_81' title='bbox 274 610 422 651; x_wconf 85' lang='lat' dir='ltr'><strong>uadrati</strong></span> <span class='ocrx_word' id='word_1_82' title='bbox 453 609 615 662; x_wconf 81' lang='lat' dir='ltr'><strong>legitimi</strong></span> <span class='ocrx_word' id='word_1_83' title='bbox 646 622 732 648; x_wconf 90' lang='lat' dir='ltr'><strong>cum</strong></span> <span class='ocrx_word' id='word_1_84' title='bbox 767 607 878 646; x_wconf 84' lang='lat' dir='ltr'><strong>xvl.</strong></span> <span class='ocrx_word' id='word_1_85' title='bbox 913 606 1070 659; x_wconf 76' lang='lat' dir='ltr'><strong>syllabis</strong></span> <span class='ocrx_word' id='word_1_86' title='bbox 1100 605 1218 657; x_wconf 87' lang='lat' dir='ltr'><strong>juxta</strong></span> <span class='ocrx_word' id='word_1_87' title='bbox 1248 604 1315 657; x_wconf 91' lang='lat' dir='ltr'><strong>jus</strong></span> <span class='ocrx_word' id='word_1_88' title='bbox 1345 618 1417 658; x_wconf 87' lang='lat' dir='ltr'><strong>pro</strong></span> <span class='ocrx_word' id='word_1_89' title='bbox 1446 605 1545 644; x_wconf 89' lang='lat' dir='ltr'><strong>rium</strong></span> <span class='ocrx_word' id='word_1_90' title='bbox 1576 614 1754 644; x_wconf 85' lang='lat' dir='ltr'><strong>constare</strong></span> 
     </span>
     <span class='ocr_line' id='line_1_11' title="bbox 246 625 1753 716; baseline -0.004 -11"><span class='ocrx_word' id='word_1_91' title='bbox 246 625 424 711; x_wconf 62' lang='lat' dir='ltr'><strong>debeant,</strong></span> <span class='ocrx_word' id='word_1_92' title='bbox 451 662 676 716; x_wconf 83' lang='lat' dir='ltr'><strong>plerumque</strong></span> <span class='ocrx_word' id='word_1_93' title='bbox 704 662 947 701; x_wconf 86' lang='lat' dir='ltr'><strong>inveniuntur</strong></span> <span class='ocrx_word' id='word_1_94' title='bbox 972 659 1062 699; x_wconf 90' lang='lat' dir='ltr'><strong>XX.</strong></span> <span class='ocrx_word' id='word_1_95' title='bbox 1090 667 1158 699; x_wconf 87' lang='lat' dir='ltr'><strong>aut</strong></span> <span class='ocrx_word' id='word_1_96' title='bbox 1182 658 1347 711; x_wconf 89' lang='lat' dir='ltr'><strong>amplius</strong></span> <span class='ocrx_word' id='word_1_97' title='bbox 1374 673 1418 712; x_wconf 86' lang='lat' dir='ltr'><strong>sy</strong></span> <span class='ocrx_word' id='word_1_98' title='bbox 1472 660 1635 698; x_wconf 87' lang='lat' dir='ltr'><strong>barum:</strong></span> <span class='ocrx_word' id='word_1_99' title='bbox 1662 659 1753 699; x_wconf 78' lang='lat' dir='ltr'><strong>binc</strong></span> 
     </span>
     <span class='ocr_line' id='line_1_12' title="bbox 247 712 1755 766; baseline -0.004 -8"><span class='ocrx_word' id='word_1_100' title='bbox 247 718 515 758; x_wconf 71' lang='lat' dir='ltr'><strong>existimantur</strong></span> <span class='ocrx_word' id='word_1_101' title='bbox 534 725 698 755; x_wconf 88' lang='lat' dir='ltr'><strong>metrum</strong></span> <span class='ocrx_word' id='word_1_102' title='bbox 717 728 792 754; x_wconf 84' lang='lat' dir='ltr'><strong>non</strong></span> <span class='ocrx_word' id='word_1_103' title='bbox 816 715 994 760; x_wconf 87' lang='lat' dir='ltr'><strong>tenuisse,</strong></span> <span class='ocrx_word' id='word_1_104' title='bbox 1014 727 1085 752; x_wconf 89' lang='lat' dir='ltr'><strong>nec</strong></span> <span class='ocrx_word' id='word_1_105' title='bbox 1109 727 1180 752; x_wconf 89' lang='lat' dir='ltr'><strong>sua</strong></span> <span class='ocrx_word' id='word_1_106' title='bbox 1203 713 1289 765; x_wconf 83' lang='lat' dir='ltr'><strong>lege</strong></span> <span class='ocrx_word' id='word_1_107' title='bbox 1312 713 1587 766; x_wconf 85' lang='lat' dir='ltr'><strong>composuisse.</strong></span> <span class='ocrx_word' id='word_1_108' title='bbox 1634 712 1755 757; x_wconf 79' lang='lat' dir='ltr'><strong>Quod</strong></span> 
     </span>
     <span class='ocr_line' id='line_1_13' title="bbox 247 767 1755 820; baseline -0.004 -8"><span class='ocrx_word' id='word_1_109' title='bbox 247 786 340 812; x_wconf 84' lang='lat' dir='ltr'><strong>vero</strong></span> <span class='ocrx_word' id='word_1_110' title='bbox 369 771 418 811; x_wconf 91' lang='lat' dir='ltr'><strong>ad</strong></span> <span class='ocrx_word' id='word_1_111' title='bbox 443 769 632 810; x_wconf 73' lang='lat' dir='ltr'><strong>clausulas</strong></span> <span class='ocrx_word' id='word_1_112' title='bbox 661 770 686 807; x_wconf 93' lang='lat' dir='ltr'><strong>i.</strong></span> <span class='ocrx_word' id='word_1_113' title='bbox 719 768 931 807; x_wconf 89' lang='lat' dir='ltr'><strong>minuscula</strong></span> <span class='ocrx_word' id='word_1_114' title='bbox 957 767 1042 807; x_wconf 88' lang='lat' dir='ltr'><strong>cola</strong></span> <span class='ocrx_word' id='word_1_115' title='bbox 1069 767 1248 819; x_wconf 85' lang='lat' dir='ltr'><strong>pertinet,</strong></span> <span class='ocrx_word' id='word_1_116' title='bbox 1277 776 1374 819; x_wconf 83' lang='lat' dir='ltr'><strong>quot</strong></span> <span class='ocrx_word' id='word_1_117' title='bbox 1403 780 1548 820; x_wconf 83' lang='lat' dir='ltr'><strong>genera</strong></span> <span class='ocrx_word' id='word_1_118' title='bbox 1572 780 1755 806; x_wconf 83' lang='lat' dir='ltr'><strong>versuum</strong></span> 
     </span>
     <span class='ocr_line' id='line_1_14' title="bbox 247 820 1755 874; baseline -0.003 -9"><span class='ocrx_word' id='word_1_119' title='bbox 247 834 348 871; x_wconf 89' lang='lat' dir='ltr'><strong>sunt,</strong></span> <span class='ocrx_word' id='word_1_120' title='bbox 369 824 528 864; x_wconf 89' lang='lat' dir='ltr'><strong>totidem</strong></span> <span class='ocrx_word' id='word_1_121' title='bbox 547 824 719 862; x_wconf 88' lang='lat' dir='ltr'><strong>membra</strong></span> <span class='ocrx_word' id='word_1_122' title='bbox 736 836 807 874; x_wconf 87' lang='lat' dir='ltr'><strong>pro</strong></span> <span class='ocrx_word' id='word_1_123' title='bbox 826 821 1006 861; x_wconf 75' lang='lat' dir='ltr'><strong>clausulis</strong></span> <span class='ocrx_word' id='word_1_124' title='bbox 1032 821 1121 873; x_wconf 89' lang='lat' dir='ltr'><strong>poni</strong></span> <span class='ocrx_word' id='word_1_125' title='bbox 1148 830 1322 874; x_wconf 84' lang='lat' dir='ltr'><strong>possunt,</strong></span> <span class='ocrx_word' id='word_1_126' title='bbox 1339 829 1379 860; x_wconf 87' lang='lat' dir='ltr'><strong>et</strong></span> <span class='ocrx_word' id='word_1_127' title='bbox 1396 820 1519 860; x_wconf 82' lang='lat' dir='ltr'><strong>solent</strong></span> <span class='ocrx_word' id='word_1_128' title='bbox 1537 821 1576 860; x_wconf 88' lang='lat' dir='ltr'><strong>in</strong></span> <span class='ocrx_word' id='word_1_129' title='bbox 1596 821 1755 861; x_wconf 85' lang='lat' dir='ltr'><strong>canticis</strong></span> 
     </span>
     <span class='ocr_line' id='line_1_15' title="bbox 246 874 1757 937; baseline -0.003 -18"><span class='ocrx_word' id='word_1_130' title='bbox 246 879 369 931; x_wconf 82' lang='lat' dir='ltr'><strong>magis</strong></span> <span class='ocrx_word' id='word_1_131' title='bbox 388 892 503 930; x_wconf 86' lang='lat' dir='ltr'><strong>quam</strong></span> <span class='ocrx_word' id='word_1_132' title='bbox 520 876 703 915; x_wconf 87' lang='lat' dir='ltr'><strong>diverbiis</strong></span> <span class='ocrx_word' id='word_1_133' title='bbox 723 890 811 928; x_wconf 81' lang='lat' dir='ltr'><strong>quae</strong></span> <span class='ocrx_word' id='word_1_134' title='bbox 835 890 886 914; x_wconf 86' lang='lat' dir='ltr'><strong>ex</strong></span> <span class='ocrx_word' id='word_1_135' title='bbox 910 876 1084 914; x_wconf 86' lang='lat' dir='ltr'><strong>trimetro</strong></span> <span class='ocrx_word' id='word_1_136' title='bbox 1110 875 1233 937; x_wconf 73' lang='lat' dir='ltr'><strong>magis</strong></span> <span class='ocrx_word' id='word_1_137' title='bbox 1258 874 1697 937; x_wconf 30' lang='lat' dir='ltr'><strong>subsistuntncollocari,</strong></span> <span class='ocrx_word' id='word_1_138' title='bbox 1716 882 1757 914; x_wconf 87' lang='lat' dir='ltr'><strong>et</strong></span> 
     </span>
     <span class='ocr_line' id='line_1_16' title="bbox 245 929 1759 1035; baseline -0.003 -8"><span class='ocrx_word' id='word_1_139' title='bbox 245 929 1759 1035; x_wconf 42' lang='lat' dir='ltr'><strong>Efnssiffi‘*gssssffiffissffiss‘„3⁸31?sssshssf‘ssssssffiiiff‘iissssssffl&#39;sspss</strong></span> 
     </span>
     <span class='ocr_line' id='line_1_17' title="bbox 246 1036 1756 1080; baseline -0.003 0"><span class='ocrx_word' id='word_1_140' title='bbox 246 1041 397 1080; x_wconf 87' lang='lat' dir='ltr'><strong>riuntur</strong></span> <span class='ocrx_word' id='word_1_141' title='bbox 416 1040 454 1079; x_wconf 87' lang='lat' dir='ltr'><strong>in</strong></span> <span class='ocrx_word' id='word_1_142' title='bbox 474 1037 667 1078; x_wconf 78' lang='lat' dir='ltr'><strong>clausulis.</strong></span> <span class='ocrx_word' id='word_1_143' title='bbox 714 1037 822 1077; x_wconf 84' lang='lat' dir='ltr'><strong>Idem</strong></span> <span class='ocrx_word' id='word_1_144' title='bbox 841 1036 1063 1076; x_wconf 82' lang='lat' dir='ltr'><strong>Victorinus</strong></span> <span class='ocrx_word' id='word_1_145' title='bbox 1088 1037 1127 1075; x_wconf 88' lang='lat' dir='ltr'><strong>in</strong></span> <span class='ocrx_word' id='word_1_146' title='bbox 1148 1036 1225 1076; x_wconf 89' lang='lat' dir='ltr'><strong>alio</strong></span> <span class='ocrx_word' id='word_1_147' title='bbox 1245 1036 1332 1077; x_wconf 89' lang='lat' dir='ltr'><strong>loco</strong></span> <span class='ocrx_word' id='word_1_148' title='bbox 1350 1036 1399 1076; x_wconf 90' lang='lat' dir='ltr'><strong>de</strong></span> <span class='ocrx_word' id='word_1_149' title='bbox 1415 1037 1544 1077; x_wconf 88' lang='lat' dir='ltr'><strong>iambo</strong></span> <span class='ocrx_word' id='word_1_150' title='bbox 1563 1037 1618 1076; x_wconf 87' lang='lat' dir='ltr'><strong>sic</strong></span> <span class='ocrx_word' id='word_1_151' title='bbox 1636 1036 1731 1076; x_wconf 91' lang='lat' dir='ltr'><strong>dicit</strong></span> <span class='ocrx_word' id='word_1_152' title='bbox 1744 1051 1756 1075; x_wconf 73' lang='grc' dir='ltr'><strong>ε</strong></span> 
     </span>
     <span class='ocr_line' id='line_1_18' title="bbox 247 1091 1757 1147; baseline -0.003 -13"><span class='ocrx_word' id='word_1_153' title='bbox 247 1094 485 1147; x_wconf 85' lang='lat' dir='ltr'><strong>improbatur</strong></span> <span class='ocrx_word' id='word_1_154' title='bbox 504 1102 571 1132; x_wconf 84' lang='lat' dir='ltr'><strong>aut</strong></span> <span class='ocrx_word' id='word_1_155' title='bbox 587 1091 691 1144; x_wconf 91' lang='lat' dir='ltr'><strong>apud</strong></span> <span class='ocrx_word' id='word_1_156' title='bbox 709 1092 886 1144; x_wconf 83' lang='lat' dir='ltr'><strong>tragicos,</strong></span> <span class='ocrx_word' id='word_1_157' title='bbox 908 1105 1043 1130; x_wconf 88' lang='lat' dir='ltr'><strong>versus</strong></span> <span class='ocrx_word' id='word_1_158' title='bbox 1060 1104 1111 1129; x_wconf 82' lang='lat' dir='ltr'><strong>ex</strong></span> <span class='ocrx_word' id='word_1_159' title='bbox 1131 1091 1310 1131; x_wconf 89' lang='lat' dir='ltr'><strong>omnibus</strong></span> <span class='ocrx_word' id='word_1_160' title='bbox 1336 1091 1472 1131; x_wconf 83' lang='lat' dir='ltr'><strong>iambis</strong></span> <span class='ocrx_word' id='word_1_161' title='bbox 1496 1091 1757 1143; x_wconf 88' lang='lat' dir='ltr'><strong>compositus:</strong></span> 
     </span>
     <span class='ocr_line' id='line_1_19' title="bbox 245 1144 1759 1252; baseline -0.002 -11"><span class='ocrx_word' id='word_1_162' title='bbox 245 1162 342 1241; x_wconf 63' lang='lat'><strong>{¹3:¹12</strong></span> <span class='ocrx_word' id='word_1_163' title='bbox 352 1144 1502 1252; x_wconf 50' lang='lat' dir='ltr'><strong>‘¹3:322ss‘33:325ssffpz‘sffssffaea‘ffg‘iiz‘jffiffiffi</strong></span> <span class='ocrx_word' id='word_1_164' title='bbox 1519 1145 1759 1251; x_wconf 55' lang='lat'><strong>‘53:332&#39;</strong></span> 
     </span>
     <span class='ocr_line' id='line_1_20' title="bbox 248 1253 1759 1307; baseline -0.001 -13"><span class='ocrx_word' id='word_1_165' title='bbox 248 1255 431 1294; x_wconf 86' lang='lat' dir='ltr'><strong>Similiter</strong></span> <span class='ocrx_word' id='word_1_166' title='bbox 446 1253 548 1307; x_wconf 87' lang='lat' dir='ltr'><strong>apud</strong></span> <span class='ocrx_word' id='word_1_167' title='bbox 566 1254 733 1293; x_wconf 88' lang='lat' dir='ltr'><strong>comicos</strong></span> <span class='ocrx_word' id='word_1_168' title='bbox 751 1253 878 1292; x_wconf 86' lang='lat' dir='ltr'><strong>laxius</strong></span> <span class='ocrx_word' id='word_1_169' title='bbox 897 1253 1067 1305; x_wconf 86' lang='lat' dir='ltr'><strong>spacium</strong></span> <span class='ocrx_word' id='word_1_170' title='bbox 1086 1253 1219 1292; x_wconf 88' lang='lat' dir='ltr'><strong>datum</strong></span> <span class='ocrx_word' id='word_1_171' title='bbox 1237 1261 1319 1293; x_wconf 85' lang='lat' dir='ltr'><strong>est:</strong></span> <span class='ocrx_word' id='word_1_172' title='bbox 1338 1267 1425 1292; x_wconf 88' lang='lat' dir='ltr'><strong>nam</strong></span> <span class='ocrx_word' id='word_1_173' title='bbox 1440 1262 1480 1293; x_wconf 92' lang='lat' dir='ltr'><strong>et</strong></span> <span class='ocrx_word' id='word_1_174' title='bbox 1498 1253 1552 1292; x_wconf 89' lang='lat' dir='ltr'><strong>illi</strong></span> <span class='ocrx_word' id='word_1_175' title='bbox 1570 1253 1655 1292; x_wconf 77' lang='lat' dir='ltr'><strong>loca</strong></span> <span class='ocrx_word' id='word_1_176' title='bbox 1668 1267 1759 1305; x_wconf 73' lang='lat' dir='ltr'><strong>quae</strong></span> 
     </span>
     <span class='ocr_line' id='line_1_21' title="bbox 275 1307 1760 1361; baseline -0.001 -13"><span class='ocrx_word' id='word_1_177' title='bbox 275 1309 403 1361; x_wconf 88' lang='lat' dir='ltr'><strong>roprie</strong></span> <span class='ocrx_word' id='word_1_178' title='bbox 432 1308 619 1347; x_wconf 87' lang='lat' dir='ltr'><strong>debentur</strong></span> <span class='ocrx_word' id='word_1_179' title='bbox 644 1307 792 1354; x_wconf 83' lang='lat' dir='ltr'><strong>iambis,</strong></span> <span class='ocrx_word' id='word_1_180' title='bbox 812 1307 991 1359; x_wconf 88' lang='lat' dir='ltr'><strong>spondeis</strong></span> <span class='ocrx_word' id='word_1_181' title='bbox 1014 1315 1217 1359; x_wconf 85' lang='lat' dir='ltr'><strong>occupant,</strong></span> <span class='ocrx_word' id='word_1_182' title='bbox 1236 1307 1470 1360; x_wconf 86' lang='lat' dir='ltr'><strong>dactyloque</strong></span> <span class='ocrx_word' id='word_1_183' title='bbox 1498 1315 1539 1347; x_wconf 91' lang='lat' dir='ltr'><strong>et</strong></span> <span class='ocrx_word' id='word_1_184' title='bbox 1563 1316 1760 1359; x_wconf 79' lang='lat' dir='ltr'><strong>anapaesto</strong></span> 
     </span>
     <span class='ocr_line' id='line_1_22' title="bbox 246 1323 1760 1414; baseline -0.001 -12"><span class='ocrx_word' id='word_1_185' title='bbox 246 1323 341 1403; x_wconf 63' lang='lat' dir='ltr'><strong>focis</strong></span> <span class='ocrx_word' id='word_1_186' title='bbox 372 1362 532 1414; x_wconf 82' lang='lat' dir='ltr'><strong>adaeque</strong></span> <span class='ocrx_word' id='word_1_187' title='bbox 563 1361 794 1413; x_wconf 86' lang='lat' dir='ltr'><strong>disparibus.</strong></span> <span class='ocrx_word' id='word_1_188' title='bbox 851 1361 911 1400; x_wconf 90' lang='lat' dir='ltr'><strong>Ita</strong></span> <span class='ocrx_word' id='word_1_189' title='bbox 941 1361 1034 1400; x_wconf 89' lang='lat' dir='ltr'><strong>dum</strong></span> <span class='ocrx_word' id='word_1_190' title='bbox 1062 1360 1330 1413; x_wconf 87' lang='lat' dir='ltr'><strong>quotidianum</strong></span> <span class='ocrx_word' id='word_1_191' title='bbox 1365 1374 1582 1401; x_wconf 84' lang='lat' dir='ltr'><strong>sermonem</strong></span> <span class='ocrx_word' id='word_1_192' title='bbox 1617 1361 1760 1400; x_wconf 81' lang='lat' dir='ltr'><strong>imitari</strong></span> 
     </span>
     <span class='ocr_line' id='line_1_23' title="bbox 247 1414 1761 1468; baseline -0.001 -12"><span class='ocrx_word' id='word_1_193' title='bbox 247 1417 432 1462; x_wconf 88' lang='lat' dir='ltr'><strong>nituntur,</strong></span> <span class='ocrx_word' id='word_1_194' title='bbox 451 1425 574 1455; x_wconf 88' lang='lat' dir='ltr'><strong>metra</strong></span> <span class='ocrx_word' id='word_1_195' title='bbox 591 1415 728 1454; x_wconf 83' lang='lat' dir='ltr'><strong>vitiant</strong></span> <span class='ocrx_word' id='word_1_196' title='bbox 746 1415 888 1462; x_wconf 88' lang='lat' dir='ltr'><strong>studio,</strong></span> <span class='ocrx_word' id='word_1_197' title='bbox 911 1428 987 1454; x_wconf 88' lang='lat' dir='ltr'><strong>non</strong></span> <span class='ocrx_word' id='word_1_198' title='bbox 1011 1415 1228 1468; x_wconf 85' lang='lat' dir='ltr'><strong>imperitia:</strong></span> <span class='ocrx_word' id='word_1_199' title='bbox 1256 1415 1363 1467; x_wconf 90' lang='lat' dir='ltr'><strong>quod</strong></span> <span class='ocrx_word' id='word_1_200' title='bbox 1391 1415 1631 1468; x_wconf 79' lang='lat' dir='ltr'><strong>frequentius</strong></span> <span class='ocrx_word' id='word_1_201' title='bbox 1655 1414 1761 1467; x_wconf 83' lang='lat' dir='ltr'><strong>apud</strong></span> 
     </span>
     <span class='ocr_line' id='line_1_24' title="bbox 246 1467 1761 1522; baseline -0.002 -12"><span class='ocrx_word' id='word_1_202' title='bbox 246 1479 400 1510; x_wconf 88' lang='lat' dir='ltr'><strong>nostros</strong></span> <span class='ocrx_word' id='word_1_203' title='bbox 428 1482 542 1521; x_wconf 88' lang='lat' dir='ltr'><strong>quam</strong></span> <span class='ocrx_word' id='word_1_204' title='bbox 569 1469 674 1522; x_wconf 91' lang='lat' dir='ltr'><strong>apud</strong></span> <span class='ocrx_word' id='word_1_205' title='bbox 700 1469 862 1508; x_wconf 87' lang='lat' dir='ltr'><strong>Graecos</strong></span> <span class='ocrx_word' id='word_1_206' title='bbox 889 1469 1073 1508; x_wconf 88' lang='lat' dir='ltr'><strong>invenies.</strong></span> <span class='ocrx_word' id='word_1_207' title='bbox 1128 1467 1284 1509; x_wconf 87' lang='lat' dir='ltr'><strong>Genera</strong></span> <span class='ocrx_word' id='word_1_208' title='bbox 1306 1478 1436 1509; x_wconf 87' lang='lat' dir='ltr'><strong>autem</strong></span> <span class='ocrx_word' id='word_1_209' title='bbox 1463 1470 1617 1509; x_wconf 83' lang='lat' dir='ltr'><strong>iambici</strong></span> <span class='ocrx_word' id='word_1_210' title='bbox 1645 1468 1761 1508; x_wconf 86' lang='lat' dir='ltr'><strong>metri</strong></span> 
     </span>
     <span class='ocr_line' id='line_1_25' title="bbox 247 1522 1760 1575; baseline -0.001 -11"><span class='ocrx_word' id='word_1_211' title='bbox 247 1533 338 1564; x_wconf 88' lang='lat' dir='ltr'><strong>sunt</strong></span> <span class='ocrx_word' id='word_1_212' title='bbox 365 1524 469 1565; x_wconf 81' lang='lat' dir='ltr'><strong>duo:</strong></span> <span class='ocrx_word' id='word_1_213' title='bbox 506 1537 594 1562; x_wconf 88' lang='lat' dir='ltr'><strong>nam</strong></span> <span class='ocrx_word' id='word_1_214' title='bbox 625 1537 676 1562; x_wconf 85' lang='lat' dir='ltr'><strong>ex</strong></span> <span class='ocrx_word' id='word_1_215' title='bbox 705 1523 751 1562; x_wconf 90' lang='lat' dir='ltr'><strong>iis</strong></span> <span class='ocrx_word' id='word_1_216' title='bbox 779 1523 854 1562; x_wconf 89' lang='lat' dir='ltr'><strong>alia</strong></span> <span class='ocrx_word' id='word_1_217' title='bbox 882 1523 1044 1575; x_wconf 81' lang='lat' dir='ltr'><strong>integra,</strong></span> <span class='ocrx_word' id='word_1_218' title='bbox 1074 1522 1150 1562; x_wconf 88' lang='lat' dir='ltr'><strong>alia</strong></span> <span class='ocrx_word' id='word_1_219' title='bbox 1176 1523 1326 1570; x_wconf 88' lang='lat' dir='ltr'><strong>clauda,</strong></span> <span class='ocrx_word' id='word_1_220' title='bbox 1357 1537 1448 1575; x_wconf 78' lang='lat' dir='ltr'><strong>quae</strong></span> <span class='ocrx_word' id='word_1_221' title='bbox 1477 1531 1659 1563; x_wconf 76' lang='lat' dir='ltr'><strong>scamma</strong></span> <span class='ocrx_word' id='word_1_222' title='bbox 1690 1536 1760 1562; x_wconf 85' lang='lat' dir='ltr'><strong>seu</strong></span> 
     </span>
     <span class='ocr_line' id='line_1_26' title="bbox 247 1576 1760 1630; baseline -0.001 -12"><span class='ocrx_word' id='word_1_223' title='bbox 247 1578 463 1618; x_wconf 86' lang='lat' dir='ltr'><strong>choliamba</strong></span> <span class='ocrx_word' id='word_1_224' title='bbox 488 1586 639 1624; x_wconf 85' lang='lat' dir='ltr'><strong>vocant,</strong></span> <span class='ocrx_word' id='word_1_225' title='bbox 665 1585 776 1616; x_wconf 89' lang='lat' dir='ltr'><strong>sunt:</strong></span> <span class='ocrx_word' id='word_1_226' title='bbox 812 1591 977 1629; x_wconf 90' lang='lat' dir='ltr'><strong>quorum</strong></span> <span class='ocrx_word' id='word_1_227' title='bbox 1001 1576 1257 1617; x_wconf 81' lang='lat' dir='ltr'><strong>differentiam</strong></span> <span class='ocrx_word' id='word_1_228' title='bbox 1281 1577 1496 1630; x_wconf 84' lang='lat' dir='ltr'><strong>penultima</strong></span> <span class='ocrx_word' id='word_1_229' title='bbox 1518 1590 1654 1617; x_wconf 81' lang='lat' dir='ltr'><strong>versus</strong></span> <span class='ocrx_word' id='word_1_230' title='bbox 1681 1576 1760 1629; x_wconf 82' lang='lat' dir='ltr'><strong>syl-</strong></span> 
     </span>
     <span class='ocr_line' id='line_1_27' title="bbox 247 1631 1762 1684; baseline 0 -13"><span class='ocrx_word' id='word_1_231' title='bbox 247 1631 335 1672; x_wconf 87' lang='lat' dir='ltr'><strong>laba</strong></span> <span class='ocrx_word' id='word_1_232' title='bbox 352 1631 642 1671; x_wconf 85' lang='lat' dir='ltr'><strong>demonstrabit.</strong></span> <span class='ocrx_word' id='word_1_233' title='bbox 694 1631 795 1670; x_wconf 88' lang='lat' dir='ltr'><strong>Nam</strong></span> <span class='ocrx_word' id='word_1_234' title='bbox 814 1631 846 1670; x_wconf 88' lang='lat' dir='ltr'><strong>si</strong></span> <span class='ocrx_word' id='word_1_235' title='bbox 865 1632 993 1670; x_wconf 88' lang='lat' dir='ltr'><strong>brevis</strong></span> <span class='ocrx_word' id='word_1_236' title='bbox 1012 1631 1227 1683; x_wconf 79' lang='lat' dir='ltr'><strong>contigerit,</strong></span> <span class='ocrx_word' id='word_1_237' title='bbox 1248 1631 1322 1671; x_wconf 91' lang='lat' dir='ltr'><strong>erit</strong></span> <span class='ocrx_word' id='word_1_238' title='bbox 1340 1640 1490 1671; x_wconf 85' lang='lat' dir='ltr'><strong>rectum</strong></span> <span class='ocrx_word' id='word_1_239' title='bbox 1507 1639 1549 1671; x_wconf 81' lang='lat' dir='ltr'><strong>et</strong></span> <span class='ocrx_word' id='word_1_240' title='bbox 1567 1631 1762 1684; x_wconf 80' lang='lat' dir='ltr'><strong>integrum</strong></span> 
     </span>
     <span class='ocr_line' id='line_1_28' title="bbox 247 1685 1762 1738; baseline -0.001 -13"><span class='ocrx_word' id='word_1_241' title='bbox 247 1685 466 1731; x_wconf 83' lang='lat' dir='ltr'><strong>iambicum,</strong></span> <span class='ocrx_word' id='word_1_242' title='bbox 494 1685 559 1730; x_wconf 88' lang='lat' dir='ltr'><strong>ita,</strong></span> <span class='ocrx_word' id='word_1_243' title='bbox 593 1688 617 1707; x_wconf 83' lang='lat'><strong>‘⁴</strong></span> <span class='ocrx_word' id='word_1_244' title='bbox 633 1686 774 1737; x_wconf 62' lang='lat' dir='ltr'><strong>vigoris</strong></span> <span class='ocrx_word' id='word_1_245' title='bbox 802 1685 902 1725; x_wconf 62' lang='lat' dir='ltr'><strong>adds</strong></span> <span class='ocrx_word' id='word_1_246' title='bbox 932 1687 1123 1725; x_wconf 68' lang='lat' dir='ltr'><strong>concitum</strong></span> <span class='ocrx_word' id='word_1_247' title='bbox 1150 1685 1314 1726; x_wconf 64' lang='lat' dir='ltr'><strong>celerem</strong></span> <span class='ocrx_word' id='word_1_248' title='bbox 1341 1685 1519 1738; x_wconf 54' lang='lat' dir='ltr'><strong>pedem!</strong></span> <span class='ocrx_word' id='word_1_249' title='bbox 1572 1685 1640 1724; x_wconf 86' lang='lat' dir='ltr'><strong>Sin</strong></span> <span class='ocrx_word' id='word_1_250' title='bbox 1668 1685 1762 1724; x_wconf 75' lang='lat' dir='ltr'><strong>&#39;vero</strong></span> 
     </span>
     <span class='ocr_line' id='line_1_29' title="bbox 246 1738 1761 1792; baseline 0 -14"><span class='ocrx_word' id='word_1_251' title='bbox 246 1739 373 1792; x_wconf 80' lang='lat' dir='ltr'><strong>longa,</strong></span> <span class='ocrx_word' id='word_1_252' title='bbox 403 1738 583 1779; x_wconf 83' lang='lat' dir='ltr'><strong>delumbe</strong></span> <span class='ocrx_word' id='word_1_253' title='bbox 612 1747 652 1778; x_wconf 89' lang='lat' dir='ltr'><strong>et</strong></span> <span class='ocrx_word' id='word_1_254' title='bbox 680 1738 872 1786; x_wconf 88' lang='lat' dir='ltr'><strong>claudum,</strong></span> <span class='ocrx_word' id='word_1_255' title='bbox 903 1748 946 1779; x_wconf 90' lang='lat' dir='ltr'><strong>ut</strong></span> <span class='ocrx_word' id='word_1_256' title='bbox 976 1747 1059 1779; x_wconf 89' lang='lat' dir='ltr'><strong>est:</strong></span> <span class='ocrx_word' id='word_1_257' title='bbox 1099 1741 1312 1779; x_wconf 71' lang='lat' dir='ltr'><strong>“novxtite</strong></span> <span class='ocrx_word' id='word_1_258' title='bbox 1342 1739 1484 1780; x_wconf 68' lang='lat' dir='ltr'><strong>ductas</strong></span> <span class='ocrx_word' id='word_1_259' title='bbox 1509 1743 1584 1779; x_wconf 70' lang='lat' dir='ltr'><strong>nfin</strong></span> <span class='ocrx_word' id='word_1_260' title='bbox 1613 1744 1673 1779; x_wconf 71' lang='lat' dir='ltr'><strong>est</strong></span> <span class='ocrx_word' id='word_1_261' title='bbox 1698 1743 1761 1778; x_wconf 83' lang='lat' dir='ltr'><strong>in·</strong></span> 
     </span>
     <span class='ocr_line' id='line_1_30' title="bbox 247 1792 1762 1846; baseline 0.001 -15"><span class='ocrx_word' id='word_1_262' title='bbox 247 1795 350 1832; x_wconf 75' lang='lat' dir='ltr'><strong>sc&#39;ffis</strong></span> <span class='ocrx_word' id='word_1_263' title='bbox 379 1792 514 1845; x_wconf 71' lang='lat' dir='ltr'><strong>legis.”</strong></span> <span class='ocrx_word' id='word_1_264' title='bbox 577 1792 700 1831; x_wconf 72' lang='lat' dir='ltr'><strong>“Le”</strong></span> <span class='ocrx_word' id='word_1_265' title='bbox 736 1792 851 1844; x_wconf 84' lang='lat' dir='ltr'><strong>longa</strong></span> <span class='ocrx_word' id='word_1_266' title='bbox 880 1807 968 1845; x_wconf 84' lang='lat' dir='ltr'><strong>quae</strong></span> <span class='ocrx_word' id='word_1_267' title='bbox 997 1792 1209 1846; x_wconf 88' lang='lat' dir='ltr'><strong>penultima</strong></span> <span class='ocrx_word' id='word_1_268' title='bbox 1237 1794 1440 1846; x_wconf 87' lang='lat' dir='ltr'><strong>reperitur,</strong></span> <span class='ocrx_word' id='word_1_269' title='bbox 1471 1802 1639 1834; x_wconf 84' lang='lat' dir='ltr'><strong>metrum</strong></span> <span class='ocrx_word' id='word_1_270' title='bbox 1675 1806 1762 1833; x_wconf 90' lang='lat' dir='ltr'><strong>cor·</strong></span> 
     </span>
     <span class='ocr_line' id='line_1_31' title="bbox 246 1846 1762 1908; baseline 0.001 -23"><span class='ocrx_word' id='word_1_271' title='bbox 246 1847 414 1899; x_wconf 88' lang='lat' dir='ltr'><strong>rumpit:</strong></span> <span class='ocrx_word' id='word_1_272' title='bbox 446 1846 559 1899; x_wconf 85' lang='lat' dir='ltr'><strong>hujus</strong></span> <span class='ocrx_word' id='word_1_273' title='bbox 578 1854 752 1908; x_wconf 78' lang='lat' dir='ltr'><strong>repertor</strong></span> <span class='ocrx_word' id='word_1_274' title='bbox 774 1847 1014 1899; x_wconf 83' lang='lat' dir='ltr'><strong>Hipponax3</strong></span> <span class='ocrx_word' id='word_1_275' title='bbox 1047 1861 1135 1887; x_wconf 88' lang='lat' dir='ltr'><strong>nam</strong></span> <span class='ocrx_word' id='word_1_276' title='bbox 1154 1861 1226 1899; x_wconf 88' lang='lat' dir='ltr'><strong>pro</strong></span> <span class='ocrx_word' id='word_1_277' title='bbox 1243 1848 1372 1888; x_wconf 89' lang='lat' dir='ltr'><strong>iambo</strong></span> <span class='ocrx_word' id='word_1_278' title='bbox 1394 1848 1563 1888; x_wconf 89' lang='lat' dir='ltr'><strong>inductis</strong></span> <span class='ocrx_word' id='word_1_279' title='bbox 1581 1847 1762 1887; x_wconf 79' lang='lat' dir='ltr'><strong>trocbaeis</strong></span> 
     </span>
    </p>
   </div>
   <div class='ocr_carea' id='block_1_3' title="bbox 247 1900 1839 1954">
    <p class='ocr_par' dir='ltr' id='par_1_4' title="bbox 247 1900 1839 1954">
     <span class='ocr_line' id='line_1_32' title="bbox 247 1900 1839 1954; baseline 0 -15"><span class='ocrx_word' id='word_1_280' title='bbox 247 1909 380 1940; x_wconf 88' lang='lat' dir='ltr'><strong>contra</strong></span> <span class='ocrx_word' id='word_1_281' title='bbox 410 1900 534 1953; x_wconf 83' lang='lat' dir='ltr'><strong>legem</strong></span> <span class='ocrx_word' id='word_1_282' title='bbox 563 1901 725 1939; x_wconf 80' lang='lat' dir='ltr'><strong>trimetri</strong></span> <span class='ocrx_word' id='word_1_283' title='bbox 755 1901 920 1948; x_wconf 86' lang='lat' dir='ltr'><strong>iambici,</strong></span> <span class='ocrx_word' id='word_1_284' title='bbox 950 1909 1118 1941; x_wconf 88' lang='lat' dir='ltr'><strong>metrum</strong></span> <span class='ocrx_word' id='word_1_285' title='bbox 1146 1901 1357 1948; x_wconf 84' lang='lat' dir='ltr'><strong>innovavit,</strong></span> <span class='ocrx_word' id='word_1_286' title='bbox 1383 1901 1489 1953; x_wconf 90' lang='lat' dir='ltr'><strong>quod</strong></span> <span class='ocrx_word' id='word_1_287' title='bbox 1519 1901 1684 1954; x_wconf 75' lang='lat' dir='ltr'><strong>adeque</strong></span> <span class='ocrx_word' id='word_1_288' title='bbox 1711 1914 1763 1940; x_wconf 87' lang='lat' dir='ltr'><strong>ex</strong></span> <span class='ocrx_word' id='word_1_289' title='bbox 1830 1920 1839 1935; x_wconf 72' lang='grc' dir='ltr'>ι</span> 
     </span>
    </p>
   </div>
   <div class='ocr_carea' id='block_1_4' title="bbox 249 1954 641 2006">
    <p class='ocr_par' dir='ltr' id='par_1_5' title="bbox 249 1954 641 2006">
     <span class='ocr_line' id='line_1_33' title="bbox 249 1954 641 2006; baseline -0.003 -12"><span class='ocrx_word' id='word_1_290' title='bbox 249 1954 420 2006; x_wconf 86' lang='lat' dir='ltr'><strong>spondeo</strong></span> <span class='ocrx_word' id='word_1_291' title='bbox 439 1954 641 2006; x_wconf 83' lang='lat' dir='ltr'><strong>contingit.</strong></span> 
     </span>
    </p>
   </div>
   <div class='ocr_carea' id='block_1_5' title="bbox 456 2068 1558 2115">
    <p class='ocr_par' dir='ltr' id='par_1_6' title="bbox 456 2068 1558 2115">
     <span class='ocr_line' id='line_1_34' title="bbox 456 2068 1558 2115; baseline 0.004 -4"><span class='ocrx_word' id='word_1_292' title='bbox 456 2068 735 2112; x_wconf 85' lang='lat' dir='ltr'><strong>VERSUS</strong></span> <span class='ocrx_word' id='word_1_293' title='bbox 779 2070 1036 2114; x_wconf 85' lang='lat' dir='ltr'>RUFINI</span> <span class='ocrx_word' id='word_1_294' title='bbox 1078 2070 1558 2115; x_wconf 86' lang='lat' dir='ltr'><strong>GRAMMATICI</strong></span> 
     </span>
    </p>
   </div>
   <div class='ocr_carea' id='block_1_6' title="bbox 551 2159 1461 2187">
    <p class='ocr_par' dir='ltr' id='par_1_7' title="bbox 551 2159 1461 2187">
     <span class='ocr_line' id='line_1_35' title="bbox 551 2159 1461 2187; baseline 0.004 -4"><span class='ocrx_word' id='word_1_295' title='bbox 551 2159 600 2183; x_wconf 71' lang='lat' dir='ltr'><strong>D}</strong></span> <span class='ocrx_word' id='word_1_296' title='bbox 618 2159 761 2184; x_wconf 54' lang='lat' dir='ltr'><strong>8812!ss</strong></span> <span class='ocrx_word' id='word_1_297' title='bbox 778 2160 962 2185; x_wconf 66' lang='lat' dir='ltr'><strong>uanum!</strong></span> <span class='ocrx_word' id='word_1_298' title='bbox 982 2161 1029 2185; x_wconf 67' lang='lat'><strong>8⁸1·</strong></span> <span class='ocrx_word' id='word_1_299' title='bbox 1047 2161 1186 2187; x_wconf 56' lang='lat' dir='ltr'><strong>Phaon</strong></span> <span class='ocrx_word' id='word_1_300' title='bbox 1206 2162 1253 2187; x_wconf 74' lang='lat'><strong>1¹1·</strong></span> <span class='ocrx_word' id='word_1_301' title='bbox 1268 2162 1461 2187; x_wconf 68' lang='lat' dir='ltr'><strong>amount.</strong></span> 
     </span>
    </p>
   </div>
   <div class='ocr_carea' id='block_1_7' title="bbox 502 2238 1404 2412">
    <p class='ocr_par' dir='ltr' id='par_1_8' title="bbox 502 2238 1404 2412">
     <span class='ocr_line' id='line_1_36' title="bbox 544 2238 1392 2282; baseline 0.006 -12"><span class='ocrx_word' id='word_1_302' title='bbox 544 2238 701 2281; x_wconf 76' lang='lat' dir='ltr'><strong>Agnoscit</strong></span> <span class='ocrx_word' id='word_1_303' title='bbox 721 2246 870 2278; x_wconf 82' lang='lat' dir='ltr'><strong>metrum,</strong></span> <span class='ocrx_word' id='word_1_304' title='bbox 893 2247 1063 2282; x_wconf 80' lang='lat' dir='ltr'><strong>servatque</strong></span> <span class='ocrx_word' id='word_1_305' title='bbox 1085 2241 1258 2274; x_wconf 81' lang='lat' dir='ltr'><strong>Terentius</strong></span> <span class='ocrx_word' id='word_1_306' title='bbox 1279 2248 1392 2280; x_wconf 72' lang='lat' dir='ltr'><strong>artem.</strong></span> 
     </span>
     <span class='ocr_line' id='line_1_37' title="bbox 502 2281 1404 2329; baseline 0.007 -16"><span class='ocrx_word' id='word_1_307' title='bbox 502 2281 587 2314; x_wconf 71' lang='lat' dir='ltr'><strong>Nam</strong></span> <span class='ocrx_word' id='word_1_308' title='bbox 602 2281 759 2329; x_wconf 65' lang='lat' dir='ltr'><strong>prologos</strong></span> <span class='ocrx_word' id='word_1_309' title='bbox 779 2283 925 2316; x_wconf 84' lang='lat' dir='ltr'><strong>trimetro</strong></span> <span class='ocrx_word' id='word_1_310' title='bbox 947 2283 1060 2316; x_wconf 84' lang='lat' dir='ltr'><strong>didicit</strong></span> <span class='ocrx_word' id='word_1_311' title='bbox 1081 2295 1275 2328; x_wconf 83' lang='lat' dir='ltr'><strong>componere</strong></span> <span class='ocrx_word' id='word_1_312' title='bbox 1298 2295 1404 2325; x_wconf 78' lang='lat' dir='ltr'><strong>versu,</strong></span> 
     </span>
     <span class='ocr_line' id='line_1_38' title="bbox 503 2325 1385 2376; baseline 0.006 -19"><span class='ocrx_word' id='word_1_313' title='bbox 503 2325 741 2376; x_wconf 76' lang='lat' dir='ltr'><strong>Scenarumque</strong></span> <span class='ocrx_word' id='word_1_314' title='bbox 762 2333 852 2358; x_wconf 77' lang='lat' dir='ltr'><strong>setus</strong></span> <span class='ocrx_word' id='word_1_315' title='bbox 875 2326 996 2369; x_wconf 87' lang='lat' dir='ltr'><strong>primos</strong></span> <span class='ocrx_word' id='word_1_316' title='bbox 1016 2327 1099 2370; x_wconf 83' lang='lat' dir='ltr'><strong>pede</strong></span> <span class='ocrx_word' id='word_1_317' title='bbox 1120 2328 1241 2361; x_wconf 85' lang='lat' dir='ltr'><strong>claudit</strong></span> <span class='ocrx_word' id='word_1_318' title='bbox 1262 2329 1385 2362; x_wconf 84' lang='lat' dir='ltr'><strong>eodem.</strong></span> 
     </span>
     <span class='ocr_line' id='line_1_39' title="bbox 503 2367 1001 2412; baseline 0.006 -13"><span class='ocrx_word' id='word_1_319' title='bbox 503 2367 550 2399; x_wconf 88' lang='lat' dir='ltr'><strong>Ut</strong></span> <span class='ocrx_word' id='word_1_320' title='bbox 571 2375 647 2399; x_wconf 89' lang='lat' dir='ltr'><strong>sunt</strong></span> <span class='ocrx_word' id='word_1_321' title='bbox 669 2368 701 2400; x_wconf 81' lang='lat' dir='ltr'><strong>ln</strong></span> <span class='ocrx_word' id='word_1_322' title='bbox 725 2378 835 2401; x_wconf 82' lang='lat' dir='ltr'><strong>versus</strong></span> <span class='ocrx_word' id='word_1_323' title='bbox 857 2370 1001 2412; x_wconf 73' lang='lat' dir='ltr'><strong>prologi:</strong></span> 
     </span>
    </p>
   </div>
   <div class='ocr_carea' id='block_1_8' title="bbox 328 2411 1676 2978">
    <p class='ocr_par' dir='ltr' id='par_1_9' title="bbox 328 2411 1676 2933">
     <span class='ocr_line' id='line_1_40' title="bbox 501 2411 1477 2459; baseline 0.007 -17"><span class='ocrx_word' id='word_1_324' title='bbox 501 2411 602 2443; x_wconf 67' lang='lat' dir='ltr'><strong>Poeta</strong></span> <span class='ocrx_word' id='word_1_325' title='bbox 624 2412 700 2443; x_wconf 81' lang='lat' dir='ltr'><strong>cum</strong></span> <span class='ocrx_word' id='word_1_326' title='bbox 720 2414 859 2454; x_wconf 82' lang='lat' dir='ltr'><strong>primum</strong></span> <span class='ocrx_word' id='word_1_327' title='bbox 884 2416 1025 2446; x_wconf 67' lang='lat' dir='ltr'><strong>annuum</strong></span> <span class='ocrx_word' id='word_1_328' title='bbox 1048 2414 1089 2446; x_wconf 70' lang='lat' dir='ltr'><strong>id</strong></span> <span class='ocrx_word' id='word_1_329' title='bbox 1111 2415 1318 2448; x_wconf 59' lang='lat' dir='ltr'><strong>sci-Modum</strong></span> <span class='ocrx_word' id='word_1_330' title='bbox 1342 2414 1477 2459; x_wconf 64' lang='lat' dir='ltr'><strong>appulit.</strong></span> 
     </span>
     <span class='ocr_line' id='line_1_41' title="bbox 501 2454 1127 2496; baseline 0.01 -12"><span class='ocrx_word' id='word_1_331' title='bbox 501 2454 535 2485; x_wconf 80' lang='lat' dir='ltr'><strong>id</strong></span> <span class='ocrx_word' id='word_1_332' title='bbox 556 2454 618 2486; x_wconf 70' lang='lat' dir='ltr'><strong>sibl</strong></span> <span class='ocrx_word' id='word_1_333' title='bbox 644 2456 752 2496; x_wconf 64' lang='lat' dir='ltr'><strong>negoti</strong></span> <span class='ocrx_word' id='word_1_334' title='bbox 774 2455 911 2488; x_wconf 71' lang='lat' dir='ltr'><strong>credldit</strong></span> <span class='ocrx_word' id='word_1_335' title='bbox 932 2457 1033 2489; x_wconf 77' lang='lat' dir='ltr'><strong>solum</strong></span> <span class='ocrx_word' id='word_1_336' title='bbox 1056 2458 1127 2491; x_wconf 63' lang='lat' dir='ltr'><strong>dari</strong></span> 
     </span>
     <span class='ocr_line' id='line_1_42' title="bbox 502 2496 1284 2541; baseline 0.006 -11"><span class='ocrx_word' id='word_1_337' title='bbox 502 2496 627 2540; x_wconf 71' lang='lat' dir='ltr'><strong>Populo</strong></span> <span class='ocrx_word' id='word_1_338' title='bbox 649 2499 684 2529; x_wconf 82' lang='lat' dir='ltr'><strong>ut</strong></span> <span class='ocrx_word' id='word_1_339' title='bbox 706 2498 872 2540; x_wconf 65' lang='lat' dir='ltr'><strong>placerent</strong></span> <span class='ocrx_word' id='word_1_340' title='bbox 894 2504 974 2541; x_wconf 72' lang='lat' dir='ltr'><strong>quas</strong></span> <span class='ocrx_word' id='word_1_341' title='bbox 995 2500 1126 2534; x_wconf 67' lang='lat' dir='ltr'><strong>fecisset</strong></span> <span class='ocrx_word' id='word_1_342' title='bbox 1147 2501 1284 2535; x_wconf 66' lang='lat' dir='ltr'><strong>fabulas.</strong></span> 
     </span>
     <span class='ocr_line' id='line_1_43' title="bbox 502 2540 1196 2582; baseline 0.012 -12"><span class='ocrx_word' id='word_1_343' title='bbox 502 2540 567 2573; x_wconf 76' lang='lat' dir='ltr'><strong>vo·</strong></span> <span class='ocrx_word' id='word_1_344' title='bbox 589 2541 676 2572; x_wconf 72' lang='lat' dir='ltr'><strong>istaec</strong></span> <span class='ocrx_word' id='word_1_345' title='bbox 698 2542 783 2574; x_wconf 87' lang='lat' dir='ltr'><strong>intro</strong></span> <span class='ocrx_word' id='word_1_346' title='bbox 806 2542 940 2582; x_wconf 67' lang='lat' dir='ltr'><strong>auferte,</strong></span> <span class='ocrx_word' id='word_1_347' title='bbox 963 2545 1048 2577; x_wconf 68' lang='lat' dir='ltr'><strong>abite</strong></span> <span class='ocrx_word' id='word_1_348' title='bbox 1062 2556 1072 2576; x_wconf 69' lang='grc' dir='ltr'><strong>ε</strong></span> <span class='ocrx_word' id='word_1_349' title='bbox 1104 2546 1196 2578; x_wconf 65' lang='lat' dir='ltr'><strong>sanis</strong></span> 
     </span>
     <span class='ocr_line' id='line_1_44' title="bbox 500 2582 1320 2639; baseline 0.01 -25"><span class='ocrx_word' id='word_1_350' title='bbox 500 2582 674 2621; x_wconf 75' lang='lat' dir='ltr'><strong>adesdum:</strong></span> <span class='ocrx_word' id='word_1_351' title='bbox 705 2586 871 2635; x_wconf 43' lang='lat' dir='ltr'><strong>paucis-te</strong></span> <span class='ocrx_word' id='word_1_352' title='bbox 894 2586 974 2619; x_wconf 79' lang='lat' dir='ltr'><strong>volo.</strong></span> <span class='ocrx_word' id='word_1_353' title='bbox 1029 2588 1160 2621; x_wconf 82' lang='lat' dir='ltr'><strong>Dictum</strong></span> <span class='ocrx_word' id='word_1_354' title='bbox 1182 2590 1271 2639; x_wconf 70' lang='lat' dir='ltr'><strong>puta.</strong></span> <span class='ocrx_word' id='word_1_355' title='bbox 1312 2630 1320 2639; x_wconf 86' lang='lat'><strong>.</strong></span> 
     </span>
     <span class='ocr_line' id='line_1_45' title="bbox 498 2626 1405 2672; baseline 0.008 -14"><span class='ocrx_word' id='word_1_356' title='bbox 498 2626 716 2659; x_wconf 67' lang='lat' dir='ltr'><strong>&#39;retr-metm·</strong></span> <span class='ocrx_word' id='word_1_357' title='bbox 738 2635 884 2670; x_wconf 81' lang='lat' dir='ltr'><strong>sequitur</strong></span> <span class='ocrx_word' id='word_1_358' title='bbox 905 2640 1000 2672; x_wconf 84' lang='lat' dir='ltr'><strong>quem</strong></span> <span class='ocrx_word' id='word_1_359' title='bbox 1022 2631 1162 2664; x_wconf 80' lang='lat' dir='ltr'><strong>fluxerat</strong></span> <span class='ocrx_word' id='word_1_360' title='bbox 1184 2631 1239 2665; x_wconf 77' lang='lat' dir='ltr'><strong>ille</strong></span> <span class='ocrx_word' id='word_1_361' title='bbox 1262 2631 1405 2664; x_wconf 72' lang='lat' dir='ltr'><strong>nomn.</strong></span> 
     </span>
     <span class='ocr_line' id='line_1_46' title="bbox 753 2680 1251 2725; baseline 0.008 -8"><span class='ocrx_word' id='word_1_362' title='bbox 753 2680 888 2725; x_wconf 85' lang='lat' dir='ltr'><strong>Quales</strong></span> <span class='ocrx_word' id='word_1_363' title='bbox 912 2689 996 2720; x_wconf 83' lang='lat' dir='ltr'><strong>sunt</strong></span> <span class='ocrx_word' id='word_1_364' title='bbox 1019 2684 1080 2721; x_wconf 88' lang='lat' dir='ltr'><strong>isti</strong></span> <span class='ocrx_word' id='word_1_365' title='bbox 1104 2696 1251 2721; x_wconf 77' lang='lat' dir='ltr'><strong>versus:</strong></span> 
     </span>
     <span class='ocr_line' id='line_1_47' title="bbox 392 2736 1423 2787; baseline 0.009 -20"><span class='ocrx_word' id='word_1_366' title='bbox 392 2778 398 2786; x_wconf 48' lang='grc'><em>.</em></span> <span class='ocrx_word' id='word_1_367' title='bbox 500 2736 645 2786; x_wconf 56' lang='lat' dir='ltr'><strong>biii-ibai·</strong></span> <span class='ocrx_word' id='word_1_368' title='bbox 667 2738 725 2771; x_wconf 75' lang='lat' dir='ltr'><strong>hoc</strong></span> <span class='ocrx_word' id='word_1_369' title='bbox 747 2742 774 2771; x_wconf 86' lang='lat' dir='ltr'><strong>si</strong></span> <span class='ocrx_word' id='word_1_370' title='bbox 797 2742 843 2772; x_wconf 83' lang='lat' dir='ltr'><strong>sie</strong></span> <span class='ocrx_word' id='word_1_371' title='bbox 866 2742 978 2780; x_wconf 66' lang='lat' dir='ltr'><strong>abiret,</strong></span> <span class='ocrx_word' id='word_1_372' title='bbox 1001 2746 1035 2775; x_wconf 66' lang='lat' dir='ltr'><strong>et</strong></span> <span class='ocrx_word' id='word_1_373' title='bbox 1055 2743 1126 2776; x_wconf 65' lang='lat' dir='ltr'><strong>beri</strong></span> <span class='ocrx_word' id='word_1_374' title='bbox 1146 2745 1276 2787; x_wconf 67' lang='lat' dir='ltr'><strong>semper</strong></span> <span class='ocrx_word' id='word_1_375' title='bbox 1296 2742 1423 2776; x_wconf 68' lang='lat' dir='ltr'><strong>lentus.</strong></span> 
     </span>
     <span class='ocr_line' id='line_1_48' title="bbox 328 2778 1676 2834; baseline 0.007 -21"><span class='ocrx_word' id='word_1_376' title='bbox 328 2778 402 2823; x_wconf 76' lang='lat' dir='ltr'><strong>Qui</strong></span> <span class='ocrx_word' id='word_1_377' title='bbox 424 2786 582 2827; x_wconf 76' lang='lat' dir='ltr'><strong>sequitur</strong></span> <span class='ocrx_word' id='word_1_378' title='bbox 606 2779 777 2818; x_wconf 78' lang='lat' dir='ltr'><strong>dimetrus</strong></span> <span class='ocrx_word' id='word_1_379' title='bbox 801 2788 867 2825; x_wconf 84' lang='lat' dir='ltr'><strong>est,</strong></span> <span class='ocrx_word' id='word_1_380' title='bbox 894 2783 930 2820; x_wconf 88' lang='lat' dir='ltr'><strong>id</strong></span> <span class='ocrx_word' id='word_1_381' title='bbox 954 2790 1021 2829; x_wconf 80' lang='lat' dir='ltr'><strong>est,</strong></span> <span class='ocrx_word' id='word_1_382' title='bbox 1048 2791 1203 2834; x_wconf 82' lang='lat' dir='ltr'><strong>quatuor</strong></span> <span class='ocrx_word' id='word_1_383' title='bbox 1225 2785 1403 2833; x_wconf 77' lang='lat' dir='ltr'><strong>simplices</strong></span> <span class='ocrx_word' id='word_1_384' title='bbox 1427 2785 1534 2833; x_wconf 79' lang='lat' dir='ltr'><strong>pedes</strong></span> <span class='ocrx_word' id='word_1_385' title='bbox 1557 2786 1676 2824; x_wconf 85' lang='lat' dir='ltr'><strong>babet.</strong></span> 
     </span>
     <span class='ocr_line' id='line_1_49' title="bbox 502 2827 1004 2870; baseline 0.014 -12"><span class='ocrx_word' id='word_1_386' title='bbox 502 2827 647 2860; x_wconf 69' lang='lat' dir='ltr'><strong>Verebar</strong></span> <span class='ocrx_word' id='word_1_387' title='bbox 667 2840 818 2870; x_wconf 80' lang='lat' dir='ltr'><strong>quorsum</strong></span> <span class='ocrx_word' id='word_1_388' title='bbox 842 2832 1004 2865; x_wconf 68' lang='lat' dir='ltr'><strong>evaderet.</strong></span> 
     </span>
     <span class='ocr_line' id='line_1_50' title="bbox 543 2879 1379 2933; baseline 0.01 -17"><span class='ocrx_word' id='word_1_389' title='bbox 543 2929 548 2933; x_wconf 20' lang='grc' dir='ltr'>ι</span> <span class='ocrx_word' id='word_1_390' title='bbox 620 2879 709 2918; x_wconf 80' lang='lat' dir='ltr'><strong>Item</strong></span> <span class='ocrx_word' id='word_1_391' title='bbox 734 2885 927 2921; x_wconf 78' lang='lat' dir='ltr'><strong>tetrametri</strong></span> <span class='ocrx_word' id='word_1_392' title='bbox 951 2886 1085 2923; x_wconf 81' lang='lat' dir='ltr'><strong>similes</strong></span> <span class='ocrx_word' id='word_1_393' title='bbox 1107 2885 1144 2923; x_wconf 86' lang='lat' dir='ltr'><strong>bi</strong></span> <span class='ocrx_word' id='word_1_394' title='bbox 1169 2885 1213 2923; x_wconf 80' lang='lat' dir='ltr'><strong>de</strong></span> <span class='ocrx_word' id='word_1_395' title='bbox 1237 2886 1379 2923; x_wconf 85' lang='lat' dir='ltr'><strong>iambo:</strong></span> 
     </span>
    </p>

    <p class='ocr_par' dir='ltr' id='par_1_10' title="bbox 498 2929 1525 2978">
     <span class='ocr_line' id='line_1_51' title="bbox 498 2929 1525 2978; baseline 0.008 -19"><span class='ocrx_word' id='word_1_396' title='bbox 498 2929 662 2961; x_wconf 66' lang='lat' dir='ltr'><strong>enimvero</strong></span> <span class='ocrx_word' id='word_1_397' title='bbox 686 2929 778 2963; x_wconf 67' lang='lat' dir='ltr'><strong>Dave</strong></span> <span class='ocrx_word' id='word_1_398' title='bbox 800 2932 880 2965; x_wconf 71' lang='lat' dir='ltr'><strong>nihil</strong></span> <span class='ocrx_word' id='word_1_399' title='bbox 902 2933 963 2966; x_wconf 78' lang='lat' dir='ltr'><strong>loci</strong></span> <span class='ocrx_word' id='word_1_400' title='bbox 986 2938 1036 2968; x_wconf 68' lang='lat' dir='ltr'><strong>est</strong></span> <span class='ocrx_word' id='word_1_401' title='bbox 1057 2937 1214 2978; x_wconf 57' lang='lat' dir='ltr'><strong>segnium</strong></span> <span class='ocrx_word' id='word_1_402' title='bbox 1237 2939 1342 2978; x_wconf 69' lang='lat' dir='ltr'><strong>neque</strong></span> <span class='ocrx_word' id='word_1_403' title='bbox 1364 2935 1525 2969; x_wconf 63' lang='lat' dir='ltr'><strong>socordia.</strong></span> 
     </span>
    </p>
   </div>
  </div>
 </body>
</html>
