1852 3216
73 143 210 172 semu
232 129 302 185 ιι]

660 125 1007 170 ADELPHI.

1514 126 1594 168 391

343 260 596 310 ACTUS
641 259 918 309 TERTII
966 258 1222 307 SCENA
1257 257 1324 306 ΙΙ.

464 378 603 410 GETA.
639 375 889 409 SOSTRATA.
926 358 1016 407 &AN
1022 374 1200 406 THARA.

128 451 266 493 NUNC
285 450 389 493 illud
410 457 495 501 est,
513 449 632 505 quod
654 449 690 491 si
711 463 856 491 omnes
878 447 1018 490 omnia
1039 462 1118 488 sua
1138 444 1312 489 consilia
1328 445 1564 497 conferant,

126 515 274 572 Atque
294 516 394 559 huic
414 515 525 558 malo
546 514 725 557 salutem
745 520 954 570 quaerant,
976 511 1120 554 auxilii
1141 510 1247 553 nihil
1268 510 1466 562 afferant,

129 582 261 630 Quod
279 581 480 637 mihique,
502 580 720 636 heraeque,
741 579 926 634 filiaeque
947 577 1070 620 herili
1090 585 1184 619 est:
1215 592 1279 619 vae
1299 577 1455 620 misero
1474 577 1600 620 mihi!

127 647 217 690 Tot
238 662 306 690 res
327 654 505 703 repente
525 645 857 696 circumvallant,
879 644 994 686 unde
1015 644 1176 699 emergi
1196 658 1282 685 non
1302 649 1471 699 potest:

92 723 112 752 5
129 714 224 765 Vis,
247 722 433 770 egestas,
456 713 677 769 injustitia,
700 711 900 761 solitudo,
920 709 1104 752 infamia.

128 780 297 822 Hocine
324 779 545 822 seculum?
577 793 602 819 o
624 777 809 820 scelera!
843 791 869 818 o
888 791 1048 832 genera
1073 774 1304 830 sacrilega!
1338 790 1364 816 ο
1389 774 1604 817 hominem

213 845 387 901 impium
402 847 411 886 !

131 942 158 972 1.
197 943 289 972 Nunc
323 941 402 971 illud
436 938 497 980 est]
538 938 603 970 Hic
630 938 728 974 locus,
759 947 810 968 se·-

71 984 211 1015 cundum
233 990 335 1015 artem
357 983 519 1019 comicam,
536 992 663 1013 servum
678 991 810 1012 curren-

71 1035 136 1058 tem
181 1026 343 1069 exprimit,
391 1033 423 1057 et
466 1025 673 1057 nunciantem
718 1023 810 1055 mala.

72 1071 219 1102 Maxima
261 1070 369 1110 itaque
411 1079 486 1111 pars
529 1078 635 1099 scenae
677 1067 813 1098 motoria

70 1120 127 1145 est.
166 1113 334 1154 Significat
348 1120 456 1144 autem
472 1111 627 1152 (Videtur
645 1110 811 1148 excidisse,

69 1158 161 1188 Nunc
181 1158 261 1187 illud
285 1162 331 1187 est
361 1156 415 1196 Z.)
446 1165 532 1186 nunc
559 1154 622 1186 tale
647 1154 812 1195 negotium

70 1206 128 1238 est,
173 1210 259 1231 nunc
302 1199 366 1231 tale
409 1198 588 1241 periculum
633 1204 706 1229 est:
757 1203 814 1228 aut

70 1243 140 1283 (an)
179 1253 255 1275 vero
291 1242 623 1284 consignificationem
659 1240 813 1281 temporis

69 1287 174 1323 habet,
196 1294 233 1318 ut
258 1286 285 1318 si
306 1286 427 1317 diceret
451 1286 503 1325 (ut
524 1284 624 1325 siquis
647 1286 675 1315 ei
699 1285 814 1315 diceret

71 1329 136 1370 Z.),
149 1330 276 1370 quando
285 1336 341 1360 aut
354 1339 416 1369 quo
429 1328 596 1370 tempore?
628 1328 720 1358 Nunc
735 1328 815 1357 illud

69 1372 131 1413 est]
152 1373 268 1404 Utrum
290 1371 480 1414 periculum,
496 1381 538 1402 an
561 1371 713 1412 tempus?
753 1370 814 1400 Est

70 1416 156 1447 enim
173 1415 322 1455 ἔλλειψις.
370 1415 458 1449 Quod
478 1417 506 1445 εἰ
527 1424 625 1444 omnes
645 1415 743 1444 omnia
758 1424 814 1444 sua

69 1461 195 1490 consilia
210 1457 381 1500 conserant]
395 1457 573 1498 ’Τπερβολὴ
585 1466 658 1487 cum
674 1468 811 1495 παρωνο-

69 1502 176 1543 μασίᾳ,
192 1513 289 1533 omnes
304 1504 411 1532 omnia.
458 1500 546 1531 Hinc
562 1500 686 1536 Cicero,
706 1501 813 1530 Omnes

69 1549 102 1577 in
123 1548 176 1576 hoc
183 1545 304 1585 judicio
319 1543 473 1585 conferant
487 1546 594 1574 omnia.
634 1543 813 1573 D.—Nunc

68 1590 148 1619 illud
161 1588 223 1629 est]
250 1588 331 1619 Haec
346 1597 443 1619 scena
458 1592 668 1626 conquestum
683 1595 811 1616 omnem

70 1639 168 1668 tenet,
184 1631 260 1673 quia
281 1641 392 1663 servus
408 1630 489 1661 vidit
504 1629 696 1661 AEschinum
718 1639 813 1670 rape-

70 1686 106 1707 re
129 1674 340 1711 meretricem,
357 1674 412 1715 qui
434 1684 501 1705 suae
522 1673 661 1704 dominae
682 1671 814 1704 vitiator

70 1725 129 1756 est,
161 1725 195 1749 et
218 1718 273 1759 qui
299 1717 492 1759 promiserat
517 1727 551 1748 se
582 1726 653 1747 eam
679 1725 813 1747 uxorem

70 1762 251 1793 ducturum.
292 1761 426 1802 Ignorat
435 1760 522 1791 enim
536 1769 647 1791 servus
658 1759 734 1800 quia
748 1769 813 1789 non

70 1805 142 1842 sibi,
164 1805 222 1836 sed
243 1804 334 1835 Fran-i
357 1803 532 1834 AEschinus
553 1802 670 1844 rapuit.
715 1802 813 1833 Arbi-

71 1855 174 1879 tratus
198 1847 298 1889 igitur
322 1847 484 1878 dominam
510 1845 695 1877 derelictam
721 1845 812 1886 inge-

70 1891 186 1929 miscit,
203 1899 235 1923 et
254 1890 463 1931 conqueritur
477 1889 563 1931 apud
578 1888 813 1919 adolescentem

70 1941 225 1966 mutatam
238 1944 308 1966 esse
322 1933 428 1965 fidem.
468 1933 648 1963 Praesentes
662 1931 814 1962 mulieres

71 1985 167 2014 sunt3
192 1988 263 2019 quae
278 1987 352 2009 cum
364 1976 529 2007 audissent
539 1985 678 2012 servum,
689 1981 723 2006 et
737 1974 816 2016 ipsae

71 2021 202 2053 dolent:
237 2027 270 2052 et
295 2027 368 2062 post
392 2019 530 2051 efficitur
554 2017 751 2055 deliberatio,
774 2028 815 2049 an

70 2064 298 2106 perferendum
310 2064 362 2101 sit,
378 2063 463 2104 quod
472 2062 585 2093 vitiata
595 2061 702 2104 puella
714 2068 814 2095 esset:

73 2114 109 2139 ut
128 2114 258 2139 coactus
279 2107 404 2149 legibus
419 2105 605 2137 adolescens
626 2115 696 2135 eam
719 2104 817 2135 ducat

71 2161 215 2183 uxorem.
252 2151 297 2182 Et
307 2151 335 2182 si
345 2150 396 2181 hic
406 2156 514 2191 partes
526 2148 627 2179 ambae
636 2147 815 2179 indicandae

72 2201 157 2232 sunt,
174 2201 210 2225 ut
233 2194 300 2225 suis
321 2194 400 2225 locis
423 2191 648 2224 tractabimus:
673 2201 759 2222 nunc
774 2191 814 2222 de

73 2238 247 2278 quastione
269 2237 414 2268 dicemus
429 2235 606 2267 exordium.
655 2235 727 2265 Tale
749 2245 813 2265 ma-

74 2282 133 2311 lum
156 2286 210 2317 eet,
223 2286 259 2312 ut
280 2283 307 2312 ri
328 2291 426 2312 omnes
447 2282 547 2310 omnia
567 2289 633 2314 sua,
656 2283 711 2308 etc.
737 2277 815 2308 Post

74 2324 257 2365 subjungitz
279 2326 398 2355 hoccine
415 2324 571 2354 seculum!
595 2320 740 2352 Primum
762 2331 813 2352 se-

74 2366 155 2397 culis
166 2366 316 2404 detraxit,
332 2366 448 2397 deinde
463 2365 656 2396 hominibus.
692 2364 813 2399 Quem-

75 2409 245 2440 admodum
279 2409 449 2446 laudative,
481 2409 556 2440 AEn.
581 2407 602 2439 i.
630 2407 815 2448 609.—quae

76 2457 105 2483 te
121 2457 182 2483 tam
197 2454 268 2483 laela
282 2454 415 2484 tulerunt
428 2454 546 2489 Secula,
562 2454 614 2492 qui
630 2453 710 2482 tanti
725 2452 814 2482 talem

72 2505 201 2535 genuere
207 2501 348 2534 parentes
354 2498 370 2526 ?
386 2495 583 2527 E.-Lectio
591 2495 817 2536 plerorumque

75 2537 166 2568 codd.
185 2539 272 2571 Quod
283 2541 311 2568 n·
326 2541 424 2569 omnia
444 2550 551 2576 munes,
571 2537 735 2569 venustior
757 2544 816 2574 est,

76 2588 109 2612 et
123 2580 331 2612 collocatione
346 2588 379 2612 et
393 2581 544 2612 numeris.
577 2581 615 2613 Β.

120 2625 149 2654 2.
169 2625 302 2655 Salutem
317 2623 469 2664 querant]
494 2624 570 2655 Non
591 2626 763 2661 remedium,
780 2629 817 2654 ut

76 2677 162 2707 aegro
175 2679 182 2698 ε
206 2667 272 2703 sed,
287 2673 325 2697 ut
337 2667 494 2708 pereunti,
506 2669 641 2699 salutem.
678 2667 722 2698 Et
734 2677 817 2698 nove

75 2710 169 2747 dixit,
198 2712 275 2740 malo
303 2711 439 2747 edacem,
474 2720 533 2751 pro
562 2715 666 2741 contra
696 2712 815 2741 malum.

75 2755 197 2785 Auxilii
222 2754 300 2784 nihil
321 2752 470 2793 afferant]
496 2752 583 2784 Mire
606 2753 647 2783 de
669 2752 817 2795 proximo

75 2797 250 2839 repetitum
267 2802 317 2827 est
330 2794 516 2836 παρόμοιονς
539 2795 572 2826 id
589 2803 648 2833 est,
663 2794 818 2835 conserant

75 2847 108 2871 et
122 2841 261 2880 afferant.
301 2839 374 2870 Hoc
389 2838 540 2870 convenit
553 2838 732 2880 praesertim
747 2844 813 2870 sto-

74 2884 189 2914 macho
224 2883 332 2914 minus
369 2882 464 2914 verba
494 2882 636 2913 curantis
667 2881 815 2921 (Melius,

75 2929 271 2958 stomachanti
293 2928 390 2956 minus
404 2927 495 2956 verba
509 2927 638 2956 curanti.
656 2924 720 2965 Z.).
759 2924 814 2956 Sic

75 2979 181 3011 supra,
197 2981 295 3003 omnes
310 2971 417 3000 omnia.
450 2969 490 3000 D.

899 937 927 966 3.
948 935 1035 970 Quod
1048 937 1187 975 mihique,
1199 934 1500 977 heraeque,filiaeque]
1516 935 1604 967 Mira

854 979 889 1010 in
906 989 998 1010 servo
1014 978 1104 1015 fides,
1121 989 1218 1018 quum
1234 978 1375 1019 primum
1393 989 1428 1010 se
1446 986 1546 1020 ponat
1567 979 1603 1011 in

854 1022 950 1053 herili
962 1021 1060 1053 malo:
1082 1028 1114 1052 et
1126 1028 1199 1062 post
1210 1031 1255 1059 se,
1267 1028 1421 1052 matrem:
1440 1022 1474 1053 in
1489 1022 1603 1053 ultimo

854 1065 1004 1108 puellam.
1053 1064 1140 1098 Quod
1160 1066 1300 1105 mihique,
1313 1067 1459 1105 heraeque,
1467 1067 1603 1106 filiaeque

856 1111 946 1140 herili
967 1107 1030 1149 est]
1056 1106 1297 1139 Πολυσύνδετον
1317 1108 1519 1140 secundumz
1553 1114 1601 1145 ut,

856 1153 973 1193 Georg.
996 1151 1042 1182 iii.
1066 1152 1297 1182 343.—0mm·a
1317 1162 1416 1182 secum
1437 1153 1601 1183 Armenta-

856 1198 921 1226 rius
935 1194 1014 1236 Afer
1028 1197 1104 1235 agit,
1121 1199 1296 1235 tectumque,
1315 1196 1476 1235 laremque,
1489 1197 1601 1226 Arma—

856 1250 922 1280 que,
934 1240 1175 1279 Amyclaeumque
1190 1249 1302 1274 canem,
1317 1239 1510 1278 Cressamque
1521 1240 1602 1278 pha-

857 1288 979 1313 retram.
1007 1283 1037 1312 V
1033 1292 1059 1312 ιε
1074 1283 1181 1312 misero
1195 1283 1269 1311 mihi
1279 1280 1310 1321 l]
1326 1281 1488 1320 Ἐμπαθῶς
1498 1293 1600 1323 σχετ-

856 1323 934 1364 λιάζ
932 1337 966 1355 ει.
1000 1324 1041 1355 D.

899 1369 929 1398 4.
949 1366 1202 1408 circumvallant]
1219 1368 1455 1398 circumvallant
1465 1377 1500 1398 se
1515 1366 1611 1401 circa.

857 1421 925 1447 nos,
943 1417 974 1442 et
992 1410 1115 1452 stipant
1129 1420 1164 1441 se
1179 1409 1327 1441 invicem.
1367 1410 1454 1441 Nam
1471 1412 1600 1442 circum-

855 1456 1001 1485 vallamus
1016 1464 1074 1484 nos
1089 1460 1122 1485 et
1137 1453 1217 1484 alios
1230 1465 1237 1484 ε
1265 1462 1371 1484 tamen
1391 1463 1464 1484 rara
1481 1453 1602 1485 locutio

856 1504 913 1534 est,
934 1497 1097 1528 Victorius
1120 1497 1159 1528 V.
1184 1497 1221 1528 L.
1244 1496 1346 1527 xxxii.
1371 1496 1399 1527 6.
1424 1496 1598 1535 existimat,

857 1541 1075 1572 Menandrum
1096 1540 1179 1571 forte
1202 1550 1297 1571 usum
1313 1549 1383 1571 esse
1399 1541 1498 1571 verbo
1512 1552 1598 1581 περι-

855 1582 1082 1624 στοιχίζεσθαι,
1090 1583 1175 1624 quod
1186 1582 1239 1614 hic
1245 1582 1419 1614 Terentius
1431 1593 1601 1625 expresse-

856 1627 925 1667 rit).
960 1627 1006 1658 Et
1020 1628 1249 1658 circumvallant
1262 1626 1356 1663 dixit,
1369 1626 1459 1657 velut
1470 1626 1604 1658 inimica

856 1670 941 1702 acies
961 1677 1074 1701 contra
1094 1680 1174 1701 nos:
1207 1676 1239 1700 et
1261 1669 1335 1700 ideo
1356 1669 1490 1707 addidit,
1517 1671 1603 1702 Unde

856 1716 969 1755 emergi
994 1725 1051 1745 non
1074 1712 1191 1754 potest]
1220 1713 1329 1748 Quum
1356 1712 1527 1754 impressio
1553 1719 1604 1745 est

857 1757 1008 1794 hostium,
1024 1756 1070 1788 sic
1089 1756 1225 1787 dicitur:
1248 1762 1286 1787 ut
1302 1755 1483 1793 Sallustius,
1502 1759 1603 1796 pressi

857 1801 987 1841 undique
1009 1802 1211 1831 multitudine.
1256 1799 1381 1836 Cicero,
1413 1802 1466 1840 qui
1487 1810 1603 1839 semper

852 1848 1041 1883 premuntur,
1080 1848 1111 1874 et
1151 1853 1302 1883 nunquam
1340 1847 1504 1883 emergant.
1558 1843 1603 1874 Et

856 1889 977 1927 emergi,
1001 1896 1092 1917 nove.
1139 1886 1224 1916 Nam
1247 1896 1363 1925 emergo
1385 1885 1513 1923 dicitur,
1536 1895 1603 1917 nou

855 1940 989 1970 emergor
1004 1941 1015 1959 .·
1051 1929 1109 1960 sed
1134 1928 1207 1959 ideo
1233 1934 1284 1959 est
1303 1938 1391 1965 usu8‚
1414 1928 1490 1969 quia
1510 1935 1604 1960 extra

858 1971 1124 2014 compositionem
1147 1978 1180 2002 et
1201 1982 1301 2012 mergo
1323 1978 1356 2002 et
1376 1982 1495 2012 mergor
1515 1972 1602 2003 facit.

865 2018 950 2047 Unde
965 2017 1076 2056 emergi
1094 2026 1153 2046 non
1170 2013 1286 2055 potest]
1317 2015 1411 2052 Unde,
1433 2014 1601 2046 absolute:

859 2069 900 2090 an
913 2059 1003 2090 deest
1017 2060 1095 2089 illud
1103 2061 1119 2088 ?
1139 2068 1180 2089 an
1192 2059 1280 2095 unde,
1290 2067 1350 2099 pro
1361 2068 1398 2088 ex
1408 2060 1517 2099 quibus
1525 2061 1542 2089 ?
1558 2059 1602 2090 D.

903 2103 931 2133 5.
961 2104 1023 2139 Vis,
1041 2107 1167 2142 egenas,
1187 2100 1351 2141 injustitia,
1366 2103 1505 2139 mutando,
1520 2100 1602 2143 irfin-

858 2145 936 2186 mia]
953 2145 1015 2176 Hae
1028 2155 1080 2176 res
1095 2152 1171 2176 sunt
1185 2154 1256 2185 quae
1271 2143 1533 2175 circumvallant:
1556 2147 1603 2176 vis

858 2188 964 2220 illata:
1001 2190 1132 2229 Egestas
1156 2187 1259 2229 ipsius
1280 2186 1416 2229 puellae:
1446 2187 1603 2228 injustitia

852 2231 999 2272 judicum
1015 2231 1102 2262 illius
1118 2230 1291 2273 temporis:
1314 2231 1443 2261 solitudo
1456 2241 1475 2261 a
1490 2230 1602 2262 defen-

857 2275 1001 2306 soribus:
1025 2273 1152 2315 insania
1164 2275 1204 2305 ab
1214 2273 1265 2311 iis,
1278 2273 1333 2314 qui
1344 2273 1481 2305 credunt
1496 2274 1603 2315 pretio

858 2318 1012 2350 vitiatam.
1059 2318 1143 2348 Nam
1166 2323 1199 2348 et
1220 2316 1254 2348 in
1270 2316 1408 2348 subditis
1422 2316 1469 2348 sic
1483 2317 1602 2349 habes:

857 2363 976 2403 quando
989 2373 1043 2402 ego
1057 2363 1175 2392 conscia
1186 2362 1260 2391 mihi
1270 2371 1344 2397 sum,
1355 2371 1449 2401 neque
1457 2363 1601 2401 pretium,

856 2416 949 2445 neque
964 2416 1026 2436 rem
1040 2406 1133 2435 ullam
1148 2405 1361 2435 intercessisse.
1394 2403 1435 2434 D.

893 2449 922 2479 6.
937 2450 1053 2479 Hocine
1067 2450 1196 2479 seculum
1204 2446 1238 2489 2]
1252 2446 1307 2478 Ἐν
1321 2446 1397 2483 ἤθει.
1420 2447 1603 2482 Questurus

860 2491 901 2523 de
922 2492 1063 2529 homine,
1082 2491 1225 2522 seculum
1247 2495 1375 2521 accusat
1388 2490 1500 2531 prius:
1523 2496 1571 2528 ut,
1585 2502 1604 2523 ο

861 2539 1016 2575 tempora!
1037 2546 1055 2566 ο
1069 2536 1186 2565 mores!
1210 2533 1253 2564 Et
1270 2543 1288 2564 e
1308 2533 1479 2571 contrario,
1495 2533 1604 2566 secula

859 2578 894 2609 in
916 2578 1066 2609 omnibus
1087 2578 1182 2608 rebus
1203 2576 1396 2607 laudantur-2
1423 2582 1469 2614 ut,
1486 2576 1563 2608 AEu.
1578 2576 1602 2608 i.

860 2622 1045 2662 605.—quae
1061 2626 1090 2652 te
1105 2625 1167 2651 iam
1183 2622 1256 2651 laeta
1269 2621 1402 2650 tulerunt
1414 2621 1523 2651 Secula
1533 2623 1551 2651 t
1575 2622 1602 2652 0

859 2667 1000 2696 scelera!
1035 2675 1052 2694 ο
1075 2674 1189 2704 genera
1209 2659 1385 2703 sacrilega‘!
1420 2674 1438 2694 o
1458 2664 1602 2695 hominen

860 2710 1008 2748 impurum
1018 2706 1047 2747 J]
1081 2706 1184 2737 Moris
1214 2712 1264 2737 est
1293 2705 1391 2737 nimis
1419 2705 1601 2739 dolentibus

859 2751 1007 2782 incusare
1019 2749 1080 2780 alia
1096 2760 1137 2780 ex
1152 2748 1233 2780 aliis.
1266 2748 1355 2790 Virg-
1374 2748 1443 2780 Ecl.
1459 2759 1488 2780 v.
1505 2751 1602 2781 22.—

862 2793 961 2829 Quum
975 2794 1129 2832 comple-ra
1141 2794 1190 2823 eui
1205 2803 1314 2832 corpus
1333 2792 1503 2824 macram«
1521 2795 1600 2833 nati,

857 2840 958 2877 Atque
971 2838 1039 2867 deos
1051 2841 1141 2876 atque
1153 2840 1239 2866 astra
1251 2840 1335 2866 vocat
1345 2837 1481 2867 crudelia
1491 2842 1599 2868 mater.

858 2881 912 2917 Et,
929 2879 1005 2910 AEn.
1025 2879 1057 2910 ii.
1075 2878 1148 2911 745.
1171 2880 1264 2912 Quem
1279 2889 1337 2910 non
1350 2881 1486 2911 incusavi
1499 2890 1601 2912 amem

855 2924 1060 2963 hominumque
1074 2923 1250 2962 deorumque
1261 2924 1278 2952 ?
1302 2923 1329 2953 0
1341 2923 1485 2954 hominem
1500 2925 1599 2963 impu-

856 2977 921 2997 rum
932 2964 963 3007 l]
981 2965 1171 2997 AEschinum
1186 2964 1318 2997 scilicet.
1342 2965 1386 2997 Et
1401 2965 1462 2998 hoc
1476 2966 1597 3005 ἠθικῶς.
