1852 3216
319 548 752 605 PRAEFATIO
802 539 1449 604 LINDENBROGII.

125 759 249 817 Pus.
272 773 556 817 Tnmmmm
576 774 746 827 Afrum,
772 776 1007 819 Comoediae
1037 775 1206 818 Latinae
1236 775 1487 831 scriptorem
1516 774 1652 816 unde-

124 858 293 899 cunque
322 842 699 899 elegantissimum,
730 852 860 900 atque
889 845 1047 900 ingenii
1077 843 1230 894 festivi,
1261 843 1475 885 curatiore
1508 843 1652 885 studio

125 912 383 954 recensitum
401 912 518 954 bono
538 911 711 968 publico
728 912 934 955 exhibere
949 913 1087 954 visum
1102 911 1197 954 fuit.
1245 911 1387 959 Quem
1402 911 1514 953 enim
1528 910 1654 966 pueri

125 981 371 1030 amavimus,
392 981 588 1036 ejusdem
611 981 855 1023 amoenitate
881 995 930 1023 ac
951 980 1123 1022 Venere
1143 978 1210 1021 vel
1228 979 1310 1021 hac
1331 994 1502 1034 quoque
1526 986 1654 1020 aetate

126 1063 205 1091 nos
226 1049 336 1104 capi,
357 1063 443 1090 non
461 1049 777 1091 erubescimus:
809 1064 835 1090 a
855 1049 978 1104 cujus
993 1048 1174 1090 lectione
1190 1048 1317 1089 etiam
1333 1047 1450 1103 ipsos
1468 1046 1655 1088 Romani

126 1116 285 1173 eloquii
321 1117 554 1173 principes,
583 1131 745 1173 eosque
784 1118 1056 1172 gravissimos
1092 1116 1221 1166 viros,
1257 1131 1343 1157 non
1377 1115 1654 1157 abhorruisse

128 1192 318 1228 constat:
356 1200 539 1241 quorum
559 1201 661 1228 sane
688 1184 827 1242 elogia
857 1200 935 1228 suo
963 1185 1059 1228 loco
1088 1185 1360 1240 digessimus,
1390 1191 1440 1226 ut
1468 1184 1657 1226 omnium

127 1252 276 1304 oculis,
307 1252 532 1308 qualenam
561 1254 786 1296 aestimium
814 1261 1006 1296 veterum
1042 1253 1276 1295 doctissimi
1315 1253 1475 1308 quique
1512 1252 1567 1294 de
1603 1266 1656 1294 eo

130 1336 298 1377 semper
313 1321 508 1372 fecerint,
521 1321 637 1363 velut
651 1322 697 1363 in
712 1321 858 1364 tabula
874 1336 1202 1377 exponeremus.
1241 1320 1357 1362 Nam
1372 1321 1657 1363 recentiorum

129 1391 321 1432 encomia
340 1389 555 1445 colligere,
572 1397 647 1432 aut
667 1390 1049 1433 commendatitiam
1069 1389 1180 1431 illius
1202 1404 1352 1431 novam
1367 1389 1656 1440 conscribere,

129 1459 307 1514 insuper
334 1457 582 1500 habendum
606 1459 830 1510 duximus;
861 1473 916 1500 ne
935 1457 1157 1500 laudatum
1175 1458 1231 1499 ab
1250 1458 1446 1499 omnibus
1466 1456 1659 1500 concele-

129 1527 256 1569 brare
279 1526 314 1567 si
333 1525 552 1577 vellemus,
580 1533 717 1568 actam
747 1541 838 1568 rem
866 1541 995 1582 agere
1024 1526 1183 1582 potius,
1214 1540 1342 1581 quam
1370 1526 1470 1567 novi
1497 1525 1659 1581 aliquid

131 1594 273 1637 dicere
293 1595 548 1636 videremur.
601 1594 777 1650 Quippe
798 1595 922 1650 cujus
943 1610 995 1637 ea
1013 1594 1148 1650 gloria
1167 1601 1249 1644 est,
1270 1601 1320 1636 ut
1343 1593 1500 1636 nullius
1523 1594 1660 1636 laudi-

129 1662 213 1705 bus
242 1677 451 1713 crescere,
481 1661 638 1704 nullius
667 1663 799 1705 minui
827 1663 979 1718 possit.
1039 1662 1161 1717 Ergo
1179 1662 1311 1718 igitur
1330 1662 1375 1704 id
1394 1661 1497 1704 mihi
1514 1662 1559 1704 in
1577 1662 1660 1705 hac

132 1730 319 1772 editione
338 1731 606 1786 potissimum
625 1745 741 1773 curae
760 1730 856 1781 fuit,
874 1746 927 1772 ne
948 1731 1003 1772 ad
1023 1730 1196 1773 nitelam
1212 1731 1306 1786 ejus
1325 1738 1369 1772 et
1390 1730 1662 1787 splendorem

134 1798 251 1854 quod
278 1797 454 1848 faceret,
474 1799 703 1854 quicquam
727 1799 910 1841 scienter
933 1800 1214 1841 omitteretur.
1264 1798 1371 1841 Non
1390 1799 1662 1855 denegarunt

134 1867 257 1908 nobis
286 1866 368 1908 hac
397 1866 442 1908 in
465 1881 512 1908 re
540 1881 716 1922 operam
736 1882 856 1908 suam
875 1867 997 1909 amici
1015 1867 1166 1917 nostri,
1186 1867 1264 1908 viri
1283 1866 1473 1908 litterati.
1522 1866 1663 1923 Inpri-

134 1936 213 1977 mis
233 1949 336 1977 vero
362 1934 542 1977 multum
569 1935 707 1991 adjuti
732 1950 877 1977 sumus
909 1935 1054 1978 favore
1083 1935 1346 1978 celeberrimi
1366 1935 1663 1990 jurisconsulti

135 2003 289 2045 Franc.
308 2003 471 2046 Pithoei
486 2003 838 2055 Tricassinensis,
855 2004 930 2059 qui
948 2004 1037 2046 duo
1052 2004 1176 2045 nobis
1192 2002 1388 2045 Terentii
1402 2003 1663 2060 exemplaria

136 2072 451 2128 suppeditavit3
483 2071 663 2114 alterum
683 2071 826 2114 fratris
848 2071 902 2114 B.
924 2071 990 2114 Μ.
1012 2070 1194 2114 alterum
1215 2087 1344 2114 manu
1365 2087 1444 2114 sua
1463 2073 1664 2115 emenda-

134 2147 255 2182 tum:
306 2140 535 2196 adscriptis
571 2140 785 2182 interdum
818 2139 1065 2191 Menandri,
1096 2138 1368 2195 Apollodori,
1399 2140 1662 2197 aliorumque

134 2208 357 2258 versibus;
403 2223 512 2263 quos
543 2207 799 2250 Terentium
828 2208 1068 2263 exprimere
1099 2207 1284 2250 voluisse
1311 2215 1528 2264 putamus.
1578 2209 1663 2252 His

136 2277 316 2320 accessit
335 2276 424 2318 Ms.
446 2276 586 2319 codex
605 2276 680 2332 qui
699 2276 743 2318 in
769 2275 1031 2319 bibliotheca
1059 2276 1173 2331 regis
1203 2275 1358 2318 Galliae
1388 2277 1664 2320 adservatur:

137 2345 261 2401 cujus
279 2359 333 2387 ea
350 2345 442 2387 visa
460 2352 529 2387 est
547 2344 794 2400 antiquitas,
815 2359 895 2387 nec
914 2345 1051 2387 minor
1070 2344 1255 2395 bonitas,
1274 2351 1325 2386 ut
1342 2343 1410 2387 vel
1433 2344 1550 2388 solus
1578 2345 1666 2388 suf-

137 2412 302 2464 ficeret,
323 2413 447 2469 cujus
466 2412 598 2455 fidem
622 2427 923 2468 sequeremur:
955 2413 999 2455 in
1019 2428 1106 2469 quo
1131 2413 1259 2455 etiam
1285 2412 1481 2455 Terentii
1508 2414 1665 2469 imago,

138 2480 265 2536 plane
293 2488 343 2524 ut
370 2496 465 2524 eam
493 2496 550 2524 ex
572 2481 785 2524 Vaticana
812 2480 1075 2524 bibliotheca
1104 2480 1280 2524 Fulvius
1311 2481 1498 2524 Ursinus
1524 2482 1584 2525 V.
1612 2482 1664 2526 C.

138 2548 290 2601 edidit,
320 2550 496 2606 antiqua
524 2565 653 2592 manu
681 2550 854 2605 depicta
882 2556 990 2592 erat.
1048 2549 1131 2592 Usi
1151 2565 1297 2591 sumus
1317 2557 1362 2591 et
1381 2549 1473 2592 aliis
1494 2552 1666 2608 scriptis

139 2615 274 2667 libris,
295 2617 372 2660 sed
398 2618 473 2673 qui
495 2632 727 2674 perparum
744 2617 1024 2673 profuerunt:
1054 2633 1152 2660 nam
1172 2624 1217 2660 et
1236 2618 1496 2661 recentiores
1515 2628 1665 2663 erant:

139 2691 185 2726 et
200 2684 236 2726 si
249 2685 353 2740 quid
372 2687 599 2737 variarent,
611 2685 657 2728 id
668 2685 886 2729 levidense
902 2686 1133 2729 admodum
1147 2693 1277 2742 atque
1293 2686 1440 2743 exigui
1451 2690 1665 2732 momenti.

217 2751 381 2795 Donati
399 2753 487 2797 duo
504 2753 767 2810 exemplaria
794 2754 1040 2805 habuimus,
1068 2761 1114 2796 et
1144 2753 1217 2795 illa
1246 2753 1516 2799 Pithoeorum
1543 2772 1668 2800 accu-

141 2826 235 2862 rata
257 2819 479 2877 diligentia
503 2822 561 2865 ad
589 2821 701 2865 Mss.
723 2822 851 2865 codd.
873 2821 1054 2865 Antonii
1082 2822 1226 2864 Contii
1251 2830 1298 2865 et
1322 2822 1477 2867 Jacobi
1504 2825 1670 2882 Cujacii

141 2888 481 2932 Antecessorum
514 2890 847 2935 Bituricensium
883 2890 1062 2942 collata3
1097 2905 1279 2947 quorum
1315 2892 1474 2936 auxilio
1506 2895 1551 2936 in
1583 2895 1669 2938 hoc

145 2958 446 3002 commentario
475 2956 668 3014 plurimae
697 2958 860 3004 lacunoe
893 2959 1119 3016 suppletae,
1144 2958 1310 3017 aliaque
1335 2960 1500 3006 infinita
1526 2972 1669 3008 errata
