1852 3216
91 158 239 187 scaNA
261 144 346 199 v1.]

711 139 1018 185 ANDRIA.

1579 144 1638 186 59

149 234 270 276 DAv.
291 232 430 281 Quasi
446 232 501 275 de
522 231 753 287 improviso
774 229 943 285 respice
962 229 1018 271 ad
1037 243 1151 271 eum.
1184 228 1303 270 ΡΛΜ.
1323 228 1480 280 Ehem,
1494 237 1633 285 pater.

149 298 272 340 DAv.
293 297 454 340 Probe.
489 297 553 338 Sr.
576 296 724 339 Hodie
744 309 926 337 uxorem
945 294 1095 345 ducas,
1117 300 1166 334 ut
1186 293 1293 340 dixi,
1309 292 1419 334 volo.

148 361 236 403 ΒΥ.
255 361 387 404 Nunc
408 369 568 403 nostrae
588 362 718 403 timeo
737 359 867 415 parti,
887 358 992 413 quid
1013 357 1084 400 hic
1104 358 1382 412 respondeat.

147 425 267 468 Pin.
287 426 445 482 Neque
472 427 584 476 istic,
612 440 754 480 neque
785 423 886 466 alibi
914 437 1098 477 usquam
1125 422 1204 464 tibi
1229 422 1311 464 erit
1331 422 1376 462 in
1403 436 1470 463 me
1499 437 1631 464 mora.

235 490 321 532 BY.
344 490 459 532 Hem
473 493 483 532 !

95 563 134 593 ιο
150 554 270 596 DAv.
295 555 541 597 Obmutuit.
593 554 681 596 ΒΥ.
704 554 826 602 Quid
846 552 986 594 dixit?
1036 551 1101 593 S1.
1124 551 1250 594 Facis
1271 559 1321 593 ut
1341 558 1384 593 te
1405 551 1547 602 decet,

151 619 300 666 Quum
320 620 447 669 istuc,
470 619 589 674 quod
610 618 801 674 postulo,
823 619 1007 674 impetro
1027 634 1123 661 cum
1144 619 1296 674 gratia.

147 683 267 725 DAv.
291 683 396 725 Sum
418 699 571 725 verus.
558 686 574 713 ⁹
619 683 705 724 ΒΥ.
728 682 893 734 Herus,
915 691 1122 739 quantum
1143 684 1288 733 audio,
1306 697 1442 725 uxore
1456 683 1632 726 excidit.

148 747 212 789 SI.
236 747 256 789 I
278 763 390 789 nunc
405 749 495 803 jam
515 748 643 797 intro,
662 762 717 789 ne
736 748 781 788 in
799 762 932 798 mora,
956 763 1053 790 cum
1074 763 1183 803 opus
1206 748 1275 798 sit,
1298 748 1396 790 sies.

148 811 268 854 ΡΑΜ.
290 812 373 854 Eo.

429 812 517 853 ΒΥ.
538 811 760 853 Nullane'
748 826 791 852 m
815 826 862 853 re
883 826 980 854 esse
1000 812 1162 854 homini
1182 813 1382 868 cuiquam
1400 812 1555 855 fidem!

91 885 131 915 15
147 875 314 918 Verum
333 875 440 918 illud
460 877 649 918 verbum’
652 883 707 926 st,
728 875 858 931 vulgo
878 877 998 931 quod
1018 877 1104 919 dici
1125 876 1247 925 solet,

147 940 312 982 Omnes
334 941 414 982 sibi
434 939 558 982 malle
578 939 729 982 melius
749 955 861 990 esse,
883 955 1011 995 quam
1032 940 1170 982 alteri.

147 1005 247 1061 Ego
266 1005 379 1047 illam
401 1006 511 1047 vidi:
543 1006 751 1061 virginem
772 1004 908 1046 forma
927 1006 1042 1047 bona

132 1116 162 1147 6.
189 1117 286 1149 Quasi
308 1118 346 1147 de
369 1119 527 1156 improviso
543 1116 674 1158 respice]
699 1117 841 1148 Interest

89 1169 173 1232 ‘'¹1²1'ss
171 1159 374 1232 q‘iiiilrepepte
385 1159 566 1221 aspexerit:
593 1169 667 1232 ἕω
678 1159 841 1232 videbgtqr

89 1212 229 1285 2¹03„ss
241 1209 573 1284 23233531232’
600 1212 671 1275 122L
664 1202 840 1284 ..ῗρῒωεῖοῇ

90 1286 231 1324 Scilicet,
254 1297 295 1318 ne
325 1287 480 1318 meditata
501 1287 663 1328 intelligat
684 1297 758 1319 eum
781 1287 839 1318 ha-

90 1329 199 1361 buisse
213 1329 357 1361 consilia.
389 1330 431 1361 D.

884 1122 942 1153 est,
956 1115 1164 1147 matrimonio
1179 1126 1216 1147 ac
1230 1115 1363 1157 nuptiis.
1394 1117 1492 1147 Uxore
1504 1117 1635 1158 excidit]

884 1159 980 1194 Quod
992 1158 1099 1190 Graeci
1114 1159 1228 1189 dicunt
1240 1158 1389 1198 ἐξέπεσεν
1400 1158 1451 1190 καὶ
1464 1158 1636 1200 ἀπέτυχεν.

885 1202 1047 1232 D.—Sum
1058 1201 1163 1242 verus]
1183 1201 1222 1232 Id
1237 1207 1296 1237 est,
1314 1211 1391 1232 vera
1405 1201 1487 1233 dico.
1523 1203 1637 1234 Davus

884 1244 945 1275 hoc
961 1244 1113 1284 loquitur,
1137 1244 1223 1284 quod
1245 1244 1424 1275 secundum
1445 1245 1634 1286 promissio-

883 1297 959 1318 nem
975 1287 1100 1318 nullum
1116 1288 1250 1318 verbum
1266 1286 1379 1317 fecerit
1394 1297 1504 1318 senex.
1537 1288 1576 1319 E.

930 1331 979 1360 14.
1008 1331 1142 1360 Nullane
1173 1332 1205 1360 in
1227 1340 1260 1359 re
1281 1340 1344 1360 esee
1365 1331 1477 1359 homini
1497 1333 1637 1371 cuiquam

140 1372 171 1405 7.
203 1374 305 1403 Hodie
334 1383 454 1403 uxorem
483 1374 587 1408 ducas,
603 1377 639 1402 ut
661 1374 737 1408 dixi,
759 1370 840 1412 volo]
876 1371 1014 1420 fidem?]
1039 1372 1141 1408 Non,-
1151 1371 1187 1402 in
1207 1371 1306 1402 nullis
1325 1371 1431 1408 terris,
1451 1371 1510 1403 sed
1531 1382 1637 1413 neque

91 1416 171 1445 Nolo
193 1420 224 1445 et
248 1416 320 1451 volo,
336 1414 434 1445 nimis
455 1414 629 1465 imperiosa
651 1421 685 1445 et
703 1415 843 1456 superba

91 1456 192 1488 dictio
207 1463 273 1492 εεις
305 1463 342 1487 ιιι
362 1456 448 1493 alibi,
473 1460 572 1496 pisces
590 1462 713 1488 caeteros
729 1468 841 1497 purga,

91 1501 213 1535 Dromo,
238 1501 388 1539 Congrum
411 1502 500 1530 istum
524 1502 686 1530 maximum
707 1502 740 1530 in
761 1511 843 1539 aqua

89 1543 182 1572 sinito
196 1543 300 1572 ludere
318 1541 502 1582 Paulisper,-

90 1585 261 1614 oesabitur:
292 1585 388 1614 Prius
406 1586 482 1615 nolo.

90 1624 201 1666 ducas]
218 1626 323 1667 Supra
338 1626 425 1657 enim
450 1626 640 1667 Pamphilus
660 1626 731 1668 ipse
746 1626 840 1662 dixit,

89 1669 276 1699 betericus
290 1671 373 1699 modo
385 1671 459 1699 mihi
474 1668 677 1709 apudsorum
693 1681 768 1700 uxor
783 1671 842 1700 tibi

91 1712 178 1742 hodie
193 1713 331 1742 due-enda
345 1717 400 1747 est,
420 1711 586 1751 Pamphile.
627 1711 749 1743 Merito
764 1721 842 1752 ergo

91 1763 188 1790 nunc,
204 1760 242 1784 ut
255 1753 334 1784 dixi.
366 1754 405 1784 E.

140 1797 169 1826 8.
201 1797 292 1827 Nm
321 1802 430 1827 nostre
461 1798 549 1827 timeo
569 1796 672 1837 porti]
702 1797 778 1827 Hoc
800 1807 841 1827 ex

90 1848 230 1879 persona
257 1838 404 1879 Byrrhiae
426 1839 684 1880 intelligendum,
708 1845 842 1880 propter

90 1881 240 1912 timorem
256 1881 390 1917 domini,
410 1891 506 1921 quem
527 1882 632 1913 habet.
665 1881 842 1912 E.——Ordo

90 1924 273 1960 verborum,
283 1929 392 1955 nosnae
408 1927 497 1955 timeo
509 1927 604 1964 parti,
617 1924 703 1955 idem
716 1924 840 1965 reperi-

91 1972 145 1997 tur
158 1965 195 1997 in
210 1965 360 1997 omnibus
375 1967 467 1998 codd.
482 1967 610 2004 Faerni‚
626 1973 660 1998 et
674 1966 756 1998 meis
769 1966 840 2007 ple—

90 2008 208 2049 risque.
239 2009 277 2039 B.

134 2052 166 2083 9.
194 2053 326 2092 Usquam
341 2054 401 2083 erit
416 2054 447 2082 in
462 2063 507 2083 me
528 2051 628 2092 mora]
646 2051 841 2083 Recusantis

92 2099 142 2126 est
163 2094 276 2135 magis,
301 2104 397 2134 qnam
423 2104 490 2125 non
513 2094 651 2125 volentis
668 2095 841 2134 (Boeclero

91 2137 260 2174 mentior,
290 2137 346 2177 qui
377 2137 467 2177 legit,
489 2139 569 2168 'Non
598 2140 767 2168 recusantis
796 2143 842 2168 est

89 2182 187 2220 nagia
201 2191 291 2220 quam
310 2180 461 2219 volentis),
477 2180 657 2217 consensio,
673 2190 713 2211 ea
731 2179 841 2220 segnis

90 2221 267 2295 2⁰30?ssss
269 2222 334 2295 ’1232
350 2221 839 2306 αἳίῗῗῗπῖᾟῗῗξῖἕὲωἶίἵέ

90 2307 839 2398 ᾜὲξέᾙῖηἷῗέἰξέἶὲέᾞῖᾍζηῗξῖἕέῐ

90 2398 235 2422 mentius
249 2391 372 2432 legunt,
389 2394 447 2423 tibi
462 2395 523 2423 erit
537 2404 671 2433 usquam.
704 2393 742 2424 B.

142 2435 192 2465 10.
227 2436 310 2468 Quid
339 2436 421 2466 dixit
429 2434 463 2475 ?]
495 2435 584 2466 Nota
610 2435 664 2466 hic
694 2434 842 2475 Byrrhiae

90 2485 261 2517 personam
274 2483 431 2517 quartam,
441 2477 498 2508 sed
509 2487 575 2508 non
586 2477 772 2508 admixtam.
797 2478 839 2508 D.

137 2519 187 2549 11.
218 2520 315 2551 Qum
336 2522 425 2557 istuc,
446 2522 528 2560 quod
542 2522 671 2560 postulo,
695 2519 838 2560 impetro]

91 2559 202 2591 Nimis
221 2568 456 2602 comequenter
476 2562 699 2603 (obsequenter)
715 2562 842 2594 locutus

91 2609 142 2634 est
162 2608 264 2644 pater.
302 2603 349 2635 Et
367 2606 496 2644 postulo,
516 2615 577 2646 pro
594 2606 713 2644 jubeo.
736 2611 770 2636 et
783 2607 840 2635 in·

86 2650 186 2685 petro,
202 2655 262 2686 pro
281 2654 467 2686 extorqueo.
503 2649 638 2684 Postulo,
651 2649 740 2687 juste
755 2647 840 2678 volo.

91 2687 239 2719 Petimus
260 2687 347 2718 enim
492 2699 523 2727 o,
546 2689 713 2721 Poscimus
736 2690 841 2731 impe-

90 2730 188 2767 riose,
206 2729 435 2762 Postulamus
421 2741 506 2771 Jure.
536 2733 678 2772 Inopem»,
693 2742 754 2774 pro
768 2743 843 2764 cum

95 2772 277 2813 impetrem.
311 2773 343 2803 D

524 1544 578 1572 ubi
591 1553 646 1582 ego
659 1553 775 1579 venero,
790 1552 841 1572 ea·-

514 1584 703 1615 D.—Hodie
722 1595 841 1615 uxorem

143 2816 192 2846 12.
216 2817 288 2846 Sum
310 2815 440 2856 νει-κεί]
467 2815 506 2847 Id
521 2822 580 2853 est,
596 2816 775 2848 veridicus:
806 2823 844 2849 ιιι

84 2855 198 2896 falsu,
213 2867 274 2899 pro
294 2857 468 2889 falsidicus.
511 2860 610 2891 Uxore
628 2858 758 2900 excidit]
781 2861 841 2891 Ca-

93 2901 165 2931 dere
190 2911 243 2940 spe
270 2900 433 2938 dicuntur,
462 2900 519 2941 qui
548 2900 647 2932 levati
675 2901 794 2938 animo,
824 2913 844 2933 a

94 2951 220 2975 summo
235 2943 277 2974 ad
290 2941 443 2976 inferiora
458 2943 619 2975 labuntur.
660 2946 767 2982 Uxor-e,
783 2945 843 2976 hoc

886 1414 920 1444 in
934 1414 1038 1450 terris,
1052 1424 1157 1454 neque
1172 1414 1205 1444 in
1222 1424 1379 1455 persona;
1404 1420 1439 1444 ut
1452 1414 1543 1455 Virg.
1558 1415 1635 1446 AEn.

885 1456 927 1487 iv.
942 1456 1015 1489 373.
1032 1458 1191 1497 Nusquam
1207 1458 1377 1495 tutafides‚-
1393 1466 1467 1487 cum
1479 1457 1514 1488 in
1526 1467 1636 1488 amore

886 1499 988 1530 fracta
1000 1506 1086 1530 esset
1101 1500 1142 1530 ab
1153 1509 1201 1535 eo,
1213 1498 1289 1529 AEn.
1300 1498 1343 1530 iv.
1361 1499 1434 1530 599.
1461 1501 1554 1533 Quem
1563 1502 1636 1531 sub-

884 1543 958 1572 iisse
992 1544 1124 1572 humeris
1159 1540 1324 1580 confectum
1362 1546 1454 1571 atate
1478 1547 1637 1581 parentem

886 1583 1042 1615 audierat.
1070 1583 1160 1614 Alibi
1181 1583 1366 1620 Terentius,
1385 1583 1481 1623 Cujus
1501 1589 1534 1614 tu
1542 1586 1637 1623 fidem

884 1628 917 1656 in
937 1628 1066 1665 pecunia
1082 1628 1281 1666 perspexeris,
1299 1627 1409 1656 Verere
1424 1628 1453 1656 ei
1464 1628 1556 1657 verba
1572 1638 1637 1658 cre-

884 1670 977 1699 dere?
991 1671 1045 1699 ubi
1059 1671 1135 1709 quid
1145 1671 1219 1699 mihi
1228 1670 1307 1698 lucri
1318 1671 1387 1699 est?
1411 1668 1637 1700 D.—Veteres

884 1711 1030 1751 quaedam
1060 1711 1162 1742 Editt.
1189 1713 1329 1751 cuiquam
1358 1713 1530 1742 hominumt
1563 1712 1634 1743 cod.

885 1754 1053 1785 Petrensis
1068 1756 1175 1793 cuique
1191 1755 1313 1789 homini,
1335 1753 1422 1793 quod
1441 1753 1558 1785 melius
1575 1762 1635 1792 est,

884 1806 926 1827 ne
941 1796 1026 1827 ictus
1039 1796 1075 1827 in
1090 1796 1238 1827 ultimam
1257 1796 1316 1826 τοῦ
1338 1798 1451 1826 homini
1464 1806 1636 1837 perperam

884 1838 1015 1869 incidat.
1048 1839 1086 1869 B.

931 1882 980 1911 15.
1012 1882 1099 1912 Illud
1119 1879 1258 1920 verbum]
1283 1880 1324 1911 ld
1348 1886 1407 1917 est,
1428 1880 1637 1921 proverbium

885 1929 918 1954 et
939 1923 1120 1958 sementim
1150 1929 1184 1954 et
1205 1923 1252 1954 sic
1274 1928 1401 1954 veteres
1425 1925 1547 1954 verbum
1575 1934 1636 1966 pro

884 1965 1055 1996 sententia.
1088 1966 1130 1997 D.

930 2009 979 2039 16.
1005 2010 1113 2039 Omnes
1127 2010 1188 2039 sibi
1208 2007 1331 2048 mum]
1354 2007 1409 2039 Sic
1431 2007 1519 2046 alibi,
1535 2010 1634 2040 Prox-

883 2053 961 2082 imus
988 2062 1054 2082 sum
1080 2056 1194 2091 egomet
1222 2052 1305 2081 milti.
1349 2051 1548 2082 D.—Omneae
1575 2054 1637 2083 sibi

883 2093 990 2134 malle]
1008 2093 1149 2124 Salvian.
1168 2093 1293 2124 Massil.
1310 2093 1352 2124 ad
1368 2093 1492 2125 Eccles.
1508 2094 1635 2126 cathol.

885 2136 939 2167 lib.
957 2136 1002 2167 iii.
1019 2138 1124 2167 Etiam
1147 2137 1236 2176 vulgo
1249 2138 1364 2167 dictum
1385 2141 1440 2172 est,
1463 2147 1561 2167 onnes
1574 2139 1637 2168 eibi

884 2181 990 2210 melita
1004 2181 1088 2216 velle,
1105 2190 1194 2220 quam
1209 2180 1310 2209 aeteri.
1351 2179 1470 2209 Novum
1484 2180 1539 2209 hoc
1551 2178 1635 2210 nonss

883 2224 943 2252 stri
950 2233 1046 2262 gemis
1060 2227 1115 2259 est,
1128 2222 1254 2252 cuilibet
1401 2232 1430 2251 m
1441 2222 1516 2252 velle
1528 2231 1634 2253 eonsu-

883 2265 954 2301 Iere,
977 2270 1095 2295 tantum
1115 2275 1153 2295 ne
1173 2265 1243 2294 sibi.
1290 2262 1414 2303 Hegias
1443 2273 1461 2293 a
1486 2263 1529 2294 ud
1560 2263 1635 2295 Sui-

883 2307 978 2337 dam:
1011 2305 1138 2345 ἑκάστῳ
1158 2305 1221 2346 ·γὰρ
1242 2304 1320 2336 εἶναι
1363 2304 1425 2342 τὴν
1462 2311 1558 2344 «psov
1576 2307 1636 2338 τοῦ

884 2348 1006 2388 ἀγαθοῦ
1018 2348 1095 2389 πρὸς
1110 2347 1223 2380 ἑαυτὸν
1235 2348 1373 2386 μᾶλλον,
1389 2347 1410 2384 ἦ
1424 2346 1501 2386 πρὸς
1516 2346 1634 2388 ἕτερον,

887 2391 1087 2423 Menander.
1134 2391 1227 2431 φιλεῖ
1253 2391 1367 2421 ἑαυτοῦ
1394 2390 1508 2421 waeran
1535 2390 1637 2423 οὐδεὶς

886 2433 1006 2465 οὐδένα.
1045 2434 1083 2465 L.
1085 2433 1282 2473 —Plerique
1319 2432 1394 2463 libri
1420 2442 1495 2463 cum
1535 2432 1635 2464 Editt.

884 2476 1001 2518 priscis
1015 2476 1176 2507 collocant
1190 2485 1338 2506 versum·
1366 2477 1474 2506 Omnes
1494 2476 1555 2505 sibi
1572 2486 1637 2507 em

884 2521 991 2550 melius
1020 2521 1110 2549 malle
1140 2529 1229 2559 quam
1258 2519 1360 2548 alteri.
1398 2516 1576 2548 Vaticanus
1602 2524 1637 2549 et

885 2561 1090 2592 Basilicanus
1112 2561 1169 2598 ita,
1199 2562 1307 2591 Omnes
1329 2561 1390 2590 eibi
1415 2561 1504 2589 malle
1530 2561 1638 2591 nelina

885 2615 959 2641 esse,
984 2609 1041 2635 etc.
1078 2604 1149 2644 Ego
1170 2612 1293 2643 repono
1322 2601 1494 2632 sententiae
1520 2602 1636 2643 gratia,

888 2648 997 2677 Omnes
1022 2648 1083 2677 sibi
1103 2657 1167 2677 esse
1190 2647 1261 2676 bene
1283 2645 1416 2681 mavelle,
1441 2655 1531 2684 quan
1556 2646 1635 2677 alto-

885 2691 924 2720 ri.
957 2689 995 2720 B.

932 2732 982 2764 17.
1005 2733 1073 2772 Ego
1098 2732 1184 2761 illam
1208 2728 1290 2770 vidi]
1326 2728 1395 2760 Hic
1420 2728 1594 2770 corrigitur
1617 2739 1638 2761 a

885 2781 991 2816 poeta,
1017 2773 1104 2813 quod
1126 2782 1187 2814 per
1208 2770 1409 2803 iracundiam
1431 2770 1517 2802 dixit
1538 2772 1635 2803 Pam-

885 2816 1005 2858 philus,
1022 2817 1154 2856 Aliquid

885 2858 944 2900 na]
963 2858 1195 2898 Distinguitur.
1223 2857 1267 2888 D.
1268 2856 1411 2898 -Ῑιθςε,
1426 2857 1579 2897 Εςᾳοιει
1595 2859 1634 2887 it-

887 2904 948 2932 iam
967 2903 1041 2937 vidi,
1056 2902 1205 2941 virginea
1215 2898 1321 2940 forna
1342 2901 1419 2931 bona
1438 2900 1568 2930 Memini
1589 2901 1634 2931 υί-

887 2946 967 2975 dere.
986 2943 1023 2974 Β.

1176 2815 1411 2846 maneriolum.
1445 2815 1558 2845 For-na
1584 2816 1635 2846 bo—
1700 2845 1703 2849 ⁴
