1852 3216
132 158 271 188 semu
294 143 381 199 ιιι.]
431 142 1366 188 HEAUTONTIMORUMENOS.

1569 145 1656 188 323

186 234 267 277 Cr..
291 234 460 285 Metuo,
481 233 585 289 quid
606 248 743 290 agam.
804 235 883 278 SY.
907 234 1102 277 Metuis!
1132 234 1256 291 quasi
1282 248 1371 276 non
1389 248 1442 277 ea
1461 241 1656 290 potestas

272 301 328 343 sit
346 308 436 352 tua,

188 367 290 414 Quo
311 366 446 409 velis
435 382 477 408 m
502 374 694 422 tempore
715 374 764 408 ut
783 373 826 408 te
844 365 1056 416 exsolvas,
1077 380 1165 407 rem
1186 364 1318 407 facias
1338 364 1492 421 palam.

188 432 267 474 Cr..
290 432 402 487 Age,
424 447 520 503 age,
551 431 804 474 traducatur
833 430 1032 473 Bacchis.

272 497 401 540 foras.

1094 430 1172 472 SY.
1194 430 1412 486 Optume:
1441 430 1539 486 ipsa
1566 431 1657 473 exit

375 676 631 725 ACTUS
675 674 974 731 QUARTI
1021 674 1276 722 SCENA
1318 673 1406 723 IV.

295 803 504 835 BACCHIS.
564 802 739 834 CLINIA.

799 801 959 833 SYRUS.

1019 800 1203 833 DROMO.
1262 800 1490 832 PHRYGIA.

185 887 317 929 SArls
337 886 410 942 pol
430 894 630 942 proterve
651 900 718 927 me
740 884 838 940 Syri
858 883 1067 939 promissa
1087 883 1172 925 huc
1192 883 1480 927 induxerunt:

185 953 350 995 Decem
368 953 518 1002 minas,
540 966 647 1006 quas
667 950 771 992 mihi
790 949 896 991 dare
916 947 1130 1003 pollicitus
1151 956 1241 989 est:
1273 949 1391 1003 quod
1412 949 1449 990 si
1469 949 1505 991 is
1527 964 1640 993 nunc

182 1018 261 1060 Me
283 1017 515 1073 deceperit,
545 1031 660 1071 saepe
681 1016 912 1057 obsecrans
932 1028 1015 1063 me,
1036 1021 1085 1055 ut
1104 1014 1283 1064 veniam,
1305 1014 1467 1056 frustra
1486 1017 1654 1059 veniet:

181 1084 276 1126 Aut
294 1098 426 1139 quum
444 1090 667 1125 venturam
689 1081 842 1123 dixero
862 1087 907 1122 et
925 1079 1204 1129 constituero,
1225 1094 1358 1134 quum
1377 1080 1414 1122 is
1435 1089 1553 1123 certe

145 1157 165 1187 5
182 1149 478 1194 Renunciarit.
500 1146 691 1203 Clitipho
710 1161 843 1202 quum
862 1146 907 1186 in
928 1160 1005 1200 spe
1025 1145 1232 1200 pendebit
1252 1146 1402 1188 animi:

182 1214 425 1270 Decipiam,
445 1228 495 1256 ac
515 1228 601 1255 non
621 1213 812 1254 veniam:
846 1211 982 1267 Syrus
1002 1210 1106 1253 mihi
1124 1218 1248 1266 tergo
1267 1226 1420 1267 poenas
1441 1213 1617 1268 pendet.

182 1280 262 1322 CL.
297 1279 411 1321 Satis
445 1279 549 1321 scite
585 1278 795 1334 promittit
830 1277 921 1319 tibi.

267 1345 407 1387 credis
421 1346 438 1385 ’ξ

124 1478 240 1514 potest.
281 1471 326 1502 Ut
345 1470 389 1502 sit
409 1475 635 1512 argumentum
657 1469 698 1501 ab
719 1469 869 1511 impossi-

127 1515 195 1546 bili.
228 1515 266 1546 E.

167 1559 221 1589 42.
247 1559 343 1591 Quasi
364 1569 401 1589 ea
419 1562 553 1597 potestas
574 1567 630 1587 non
651 1555 710 1597 eit]
730 1555 870 1587 Pulchre

124 1601 307 1650 persuadet,
331 1607 369 1631 ut
392 1600 487 1631 faciat
509 1600 570 1631 hoc
598 1599 683 1640 quod
710 1606 869 1637 monetur,

124 1655 198 1676 cum
213 1644 316 1676 dicit'
308 1655 342 1675 ιιι
362 1650 521 1685 potestate
543 1644 613 1683 ejus
634 1642 789 1680 futurum,
804 1653 868 1684 quo

124 1687 204 1719 velit
220 1695 373 1729 tempore,
390 1694 426 1718 ut
441 1697 476 1718 se
491 1686 646 1717 exsolvat.
677 1686 716 1717 E.

167 1732 220 1762 43.
243 1729 501 1771 Remsacias]v.
518 1729 555 1760 C.
570 1734 601 1760 et
615 1728 798 1769 νηπία-ἔω.
829 1729 867 1760 L.

166 1775 219 1805 44.
242 1776 320 1814 Age,
336 1772 410 1814 oge]
425 1773 499 1804 Vox
513 1772 754 1810 consentientis,
767 1779 800 1803 et
813 1772 867 1812 qui

124 1817 230 1849 victus
253 1823 301 1848 est
321 1816 500 1847 rationibus
523 1815 631 1847 callidi
657 1816 752 1847 servi.
805 1817 866 1855 Op-

124 1866 204 1892 tume
233 1859 313 1901 etit]
342 1858 529 1900 Παρασκευὴ
557 1865 606 1890 est
636 1858 769 1890 alterius
798 1869 867 1890 sce·

123 1914 184 1935 nae.
215 1904 252 1934 C.

170 1948 196 1978 1.
220 1949 314 1983 Satis,
327 1947 388 1986 pol,
406 1944 561 1986 proterve]
579 1945 693 1976 Restat
714 1944 756 1975 ad
777 1943 868 1975 fana-

122 1990 205 2021 ciam
230 1997 263 2021 et
283 1990 324 2021 ad
346 1988 603 2029 extorquendum
627 1994 807 2029 argentum,
833 1994 870 2019 ut

125 2033 261 2065 Bacchis
282 2033 365 2064 irata
380 2043 399 2063 a
415 2032 495 2073 Syro
517 2031 672 2072 placetur,
690 2038 723 2062 et
737 2031 778 2062 ad
795 2031 868 2062 Me-

122 2077 295 2108 nedemum
311 2083 462 2107 transeat.
501 2077 585 2106 Sall-5
597 2074 666 2125 pol]
684 2074 869 2105 Meretricis

122 2120 311 2161 conquestio
333 2118 535 2160 exprimitur,
558 2120 650 2158 quus
673 2124 740 2149 tota
761 2117 818 2148 ind
819 2117 868 2158 ig-

122 2163 212 2194 natio
234 2163 397 2205 dependet
418 2172 460 2193 ex
483 2172 549 2193 non
577 2161 695 2192 tradita
719 2160 866 2210 pecunia.

123 2205 296 2247 Promisso]
327 2206 453 2242 Cicero,
483 2204 518 2236 in
550 2205 764 2246 Fragmentis,
789 2205 867 2235 Pro-

123 2252 214 2281 nicea
236 2255 290 2281 tua
310 2251 451 2280 memoria
474 2254 585 2280 teneas.
624 2247 730 2279 Aliter
746 2247 867 2288 accipi·

123 2298 186 2330 tur,
206 2303 280 2324 cum
302 2292 439 2324 dicimus
458 2294 607 2332 promissa
630 2293 734 2322 barba.
782 2291 867 2322 Nam

120 2338 297 2375 promittere
318 2342 367 2366 est
388 2335 553 2377 polliceri:
584 2341 617 2366 et
637 2334 679 2365 ad
703 2333 864 2374 magnitu-

123 2377 232 2409 dinem
252 2378 387 2410 nurtire.
433 2378 577 2414 Plautus,
600 2378 685 2409 Rud.
704 2377 737 2408 ii.
762 2378 791 2408 3.
813 2377 864 2408 46.

123 2423 265 2460 capium
291 2425 475 2462 promittam.
528 2420 699 2462 Promissa]
739 2420 869 2452 Dicitur

121 2466 296 2503 pronism
310 2471 343 2496 et
361 2467 527 2505 promissio.
564 2466 728 2496 Promissio
749 2471 782 2495 et
801 2465 867 2503 pol-

124 2508 255 2538 licitatio
268 2507 403 2539 eandem
418 2507 483 2539 vim
506 2507 645 2539 habent:
670 2507 725 2539 sed
745 2509 865 2547 pollici-

125 2552 210 2586 tatio,
227 2550 356 2589 majoris
370 2550 617 2582 asseverationis
628 2557 687 2582 est.
724 2551 797 2581 Huc
818 2552 866 2581 in-

124 2592 291 2633 dta-terunt]
306 2594 466 2624 traducitur
475 2593 600 2634 aliquis,
614 2604 687 2625 cum
701 2593 808 2625 verbis
820 2593 867 2624 al-

125 2636 226 2666 terius
242 2635 410 2677 decipitur.
451 2636 491 2667 In
507 2636 641 2673 Andria,
662 2638 738 2667 Vide
752 2648 810 2677 quo
823 2647 868 2668 nee

123 2681 259 2710 inducas.
290 2679 467 2716 c.—Sau·s‚
479 2681 540 2719 pol,
549 2678 704 2720 proterve]
717 2679 803 2710 Satis
815 2690 866 2710 as-

123 2732 212 2763 pere.
251 2721 416 2753 E.—Noli
439 2730 514 2763 post
536 2724 718 2753 induxerunt
740 2722 867 2764 plenio-

123 2775 194 2797 rem
210 2775 331 2807 ponere
346 2764 596 2796 distinctionem.

169 2810 198 2840 2.
215 2810 326 2840 Decem
341 2810 437 2838 minas
451 2819 536 2848 quas,
559 2808 591 2838 h.
607 2817 636 2838 e.
660 2809 760 2839 decen
780 2810 869 2839 mina

124 2863 209 2892 quas.
233 2851 287 2882 Sic
302 2851 387 2882 And.
403 2850 487 2882 Prol.
506 2852 534 2881 3.
551 2858 583 2881 et
599 2860 696 2892 supra
711 2850 753 2882 iv
774 2852 800 2882 1.
815 2853 867 2883 41.

126 2893 389 2935 R—Pdlicitus]
411 2895 592 2925 pollicemur
606 2893 710 2934 magis
730 2901 866 2935 sponte.

122 2941 325 2977 promittimus
347 2937 460 2978 rogati.
499 2937 718 2979 C.—-Repone
740 2938 781 2969 ob
795 2948 867 2970 ver·

127 2991 209 3019 sum,
224 2984 298 3014 dare
312 2987 357 3013 est
372 2982 531 3021 pollicitus.
564 2981 601 3011 B.

990 1277 1069 1318 SY.
1111 1275 1250 1332 Atqui
1287 1285 1337 1320 tu
1374 1277 1487 1321 hanc
1520 1279 1660 1335 jocari

957 1470 987 1500 3.
1028 1471 1070 1501 Ut
1090 1471 1217 1505 veniam,
1232 1468 1359 1510 frustra
1381 1470 1497 1512 veniet]
1520 1470 1661 1505 Pulchr·

913 1512 1109 1554 permutatio
1134 1512 1279 1553 ejusdem
1305 1513 1398 1547 verbi
1418 1523 1478 1555 per
1503 1520 1659 1557 tempore,

913 1566 985 1596 quae
1009 1556 1162 1587 convenit
1192 1556 1293 1587 iratis.
1337 1557 1375 1588 C.
1377 1557 1521 1588 —Ratio
1546 1568 1660 1590 versus

912 1598 1058 1639 requirit,
1080 1607 1116 1630 ut
1139 1598 1239 1630 dictio
1260 1610 1307 1631 ne
1330 1600 1527 1641 praecedenti
1551 1600 1660 1633 versui

911 1642 1120 1674 adscribatur.
1157 1642 1214 1673 Uti
1228 1642 1320 1675 codd.
1339 1643 1457 1675 Faerni
1472 1654 1585 1676 omnes
1599 1644 1658 1677 ha-

910 1686 998 1759 begu
1007 1686 1075 1760 Aluit
1094 1741 1184 1770 quum
1211 1728 1385 1770 venturam]
1412 1729 1518 1761 Immo
1548 1729 1658 1772 potius

911 1782 989 1803 vero
1015 1782 1068 1803 me
1093 1782 1165 1803 esse
1186 1775 1388 1804 venturam·
1407 1773 1504 1813 (forte
1526 1773 1657 1812 excidit,

911 1817 1092 1846 constituero
1109 1815 1379 1857 z.).13.—1.ege
1405 1826 1479 1848 cum
1502 1816 1659 1850 Goveano

912 1865 946 1890 et
960 1859 1088 1899 Guyeto
1103 1863 1193 1894 certo,
1209 1869 1269 1900 pro
1283 1865 1373 1890 certe.
1403 1859 1441 1890 B.

955 1902 985 1932 5.
1009 1903 1067 1942 Spe
1080 1904 1225 1941 pendebit
1239 1901 1351 1942 mini]
1367 1901 1462 1937 Quod
1477 1908 1528 1934 est
1541 1912 1657 1944 corpo-

911 1943 967 1993 ris,
982 1944 1024 1975 ad
1038 1944 1216 1975 cruciatum
1227 1944 1327 1976 animi
1340 1944 1513 1977 transtulit.
1551 1945 1658 1995 Supra

912 1987 1018 2018 visum
1034 1994 1092 2025 est,
1108 1997 1204 2028 quam
1226 1994 1437 2028 torqueantur
1454 1995 1600 2020 amantes
1619 1989 1655 2022 in

912 2031 1088 2062 amicarum
1110 2030 1360 2072 exspectatione.
1399 2031 1571 2074 (L—-Lege
1592 2033 1656 2064 Re-

911 2076 1079 2111 nunciabit,
1096 2080 1132 2105 ut
1143 2075 1296 2114 pendebit.
1329 2074 1366 2105 B.

956 2117 985 2148 6.
1008 2119 1057 2148 Ac
1070 2128 1127 2148 non
1142 2116 1275 2158 veniam]
1293 2117 1382 2148 Mira
1395 2117 1575 2150 meretricis
1588 2117 1656 2150 cal-

910 2159 1020 2191 liditas
1035 2160 1237 2202 exprimitur.
1274 2160 1349 2192 Jam
1364 2160 1527 2201 cogitavit,
1543 2171 1656 2202 quem-

911 2203 1084 2234 admodum
1104 2204 1204 2244 Syrus
1226 2203 1373 2235 videatur
1387 2204 1474 2245 apud
1496 2203 1656 2246 Clitipho-

911 2257 986 2277 nem
1003 2257 1104 2277 vanus
1119 2254 1154 2278 et
1168 2246 1317 2284 mendax,
1330 2257 1371 2278 ex
1384 2257 1447 2287 quo
1457 2247 1499 2278 ab
1513 2246 1570 2278 illo
1582 2257 1655 2279 ver-

910 2290 1050 2321 beretur.
1086 2289 1186 2330 Mihi]
1200 2290 1239 2321 In
1250 2300 1353 2321 meam
1363 2289 1527 2322 ultionem.
1562 2290 1655 2332 Virg.

911 2333 988 2364 AEn.
1016 2332 1037 2364 i.
1063 2333 1132 2364 136.
1168 2334 1243 2364 Post
1268 2332 1348 2364 mihi
1370 2344 1428 2364 nou
1451 2335 1545 2364 sin-ils·
1564 2344 1657 2374 poena

910 2378 1064 2407 commissa
1076 2378 1174 2407 luetis.
1212 2377 1325 2407 Poenas
1337 2375 1464 2417 pendet]
1478 2376 1655 2410 Per-solvet.

912 2419 1003 2460 Virg.
1021 2419 1096 2451 AEn.
1114 2419 1223 2451 vi.2o.
1242 2421 1653 2459 tummndempoenasce-

913 2464 1042 2503 cropidae
1057 2462 1151 2503 jussi.
1190 2463 1372 2503 C.--Tergo
1393 2461 1519 2504 poenas]
1547 2464 1655 2504 Ter-go.

910 2505 944 2537 id
974 2513 1033 2543 est,
1062 2506 1166 2537 dorso.
1227 2505 1393 2546 Siquidem
1429 2511 1547 2547 ter-gu
1575 2508 1657 2548 tergi

910 2549 1077 2623 dor-sumlg3
1085 2555 1188 2590 tergus
1205 2559 1283 2581 vero
1304 2551 1443 2590 tergoris,
1465 2549 1589 2582 corium
1604 2549 1655 2582 di-

910 2599 1005 2624 citur.

955 2636 985 2669 7.
1018 2637 1102 2667 Satis
1120 2633 1212 2675 scite]
1235 2635 1308 2666 Hoc
1327 2645 1402 2667 cum
1422 2634 1491 2667 risu
1508 2645 1655 2678 pronun·

910 2678 1071 2711 ciendum.
1125 2677 1223 2718 Scite]
1252 2679 1393 2710 Pulchre.
1447 2678 1489 2710 112
1518 2678 1654 2718 Andri..

911 2724 1013 2753 Sciens
1024 2732 1110 2762 puer.
1147 2720 1322 2762 Promittis]
1338 2721 1478 2759 Scilicet,
1489 2727 1654 2755 venture..

910 2767 1003 2797 Hanc
1019 2766 1118 2795 credis
1126 2763 1161 2804 2]
1181 2765 1283 2801 Hm,
1298 2770 1332 2796 et
1345 2764 1387 2797 ad
1403 2771 1600 2798 contemtum
1621 2772 1655 2799 et

911 2809 953 2840 ad
965 2808 1074 2839 odium
1087 2807 1179 2838 dixit.
1219 2807 1352 2839 Habent
1363 2808 1450 2840 enim
1461 2807 1524 2841 im

911 2851 1000 2883 mina
1015 2850 1175 2891 quandam
1191 2850 1369 2892 emphasin.
1399 2852 1436 2884 c.
1438 2854 1566 2884 —Satis
1578 2855 1655 2885 scite

908 2893 1079 2935 pronuttit]
1096 2893 1134 2924 ld
1146 2900 1206 2931 est,
1218 2893 1310 2925 valde
1321 2894 1485 2936 eleganter
1495 2896 1655 2938 promissa

912 2937 971 2968 tibi
986 2936 1096 2971 dabit·
1119 2947 1178 2978 per
1194 2937 1321 2978 utrique
1333 2947 1431 2980 per..
1443 2938 1546 2979 (per
1559 2942 1654 2971 risun

913 2983 947 3011 id
959 2982 1163 3020 pronunciari,
1176 2991 1232 3021 per
1246 2992 1277 3012 se
1294 2981 1349 3022 Z.)
1364 2961 1565 3024 intelligitur.
1597 2983 1637 3014 E.
