1852 3216
96 134 240 169 ,scens
267 119 319 183 1.]

681 118 1025 169 flECYRA.

1536 124 1622 166 489

98 220 138 250 35
156 210 275 254 Illius
285 210 407 253 dices
418 209 734 267 culparfactum.
775 210 852 253 Se.
867 211 1003 254 Haud
1015 212 1216 268 equidem
1227 212 1344 263 dieo,
1357 213 1415 255 mi
1432 212 1618 257 Laches.

156 277 240 320 Li.
249 275 451 327 Gaudeo,
466 277 526 318 ita
545 290 614 318 me
627 275 689 318 Di
705 283 864 328 ament,
879 278 999 333 gnati
1017 293 1171 321 causa:
1193 293 1291 321 nam
1302 278 1360 322 de
1373 285 1417 321 te
1429 279 1618 335 quidem,

123 386 127 391 ,
151 343 266 384 Satis
286 343 389 393 scio,
409 343 631 398 peccando
650 343 893 385 detrimenti
913 342 973 385 nil
990 342 1085 386 fieri
1104 351 1264 399 potest.

152 408 230 450 So.
254 408 344 456 Qui
366 409 463 459 scis,
485 424 540 450 an
560 424 612 450 ea
632 423 776 459 causa,
797 409 854 450 mi
873 409 951 458 vir,
973 425 1039 451 me
1059 410 1202 451 odisse
1223 409 1547 461 assimulaverit,

152 474 214 515 Ut
235 489 331 516 cum
352 482 494 516 matre·
507 489 591 516 una
612 473 709 530 plus
730 476 876 518 esset?
927 474 1012 517 LA.
1036 475 1156 523 Quid
1176 476 1264 518 ais.
1250 478 1267 505 Ῥ
1298 491 1383 551 non
1404 477 1514 532 signi
1533 476 1616 519 hoc

235 547 300 581 sat
319 547 402 589 est,

91 613 133 642 40
149 604 282 653 Quod
303 605 397 647 heri
417 620 541 647 nemo
562 604 694 647 voluit
710 606 917 648 visentem
935 606 991 648 ad
1011 622 1106 648 eam
1126 614 1169 648 te
1189 607 1302 649 intro
1322 607 1579 651 admittere?

148 670 222 712 So.
245 671 374 712 Enim
407 670 562 713 lassam
591 672 753 727 oppido
782 679 872 714 tum
901 687 998 714 esse
1029 672 1223 715 aiebant:
1254 688 1307 716 eo
1331 673 1389 715 ad
1418 688 1513 716 eam
1530 689 1617 716 non

231 737 419 778 admissa
441 752 550 778 sum.

146 801 230 844 LA.
262 801 386 844 Tuos
415 817 511 844 esse
541 801 600 844 illi
628 817 768 845 mores
797 804 991 846 morbum
1015 803 1166 859 magiS‚
1188 818 1316 859 quam
1342 803 1471 847 ullam
1494 804 1619 847 aliam

230 883 334 918 rem,
356 869 541 910 arbitror
557 885 567 910 :

131 942 182 972 35.
199 943 289 973 Illius
303 944 385 974 dices
399 944 489 982 calpa
503 941 642 983 sactum]
668 942 830 974 Praevenit

85 984 323 1016 defensionem:
347 992 380 1016 et
394 995 466 1016 eam
481 985 527 1016 sic
547 986 773 1027 pronunciavit
792 992 830 1017 ιιι

83 1028 218 1059 crimen.
256 1029 354 1060 Haud
374 1030 509 1070 equidem
529 1030 604 1066 dico,
626 1031 670 1059 ni
693 1028 827 1070 Laches]

85 1072 136 1101 ua·
150 1072 266 1103 Laches
278 1072 374 1103 modo
389 1071 481 1109 dixit,
496 1071 588 1112 quasi
602 1072 828 1113 gravissimum

83 1121 301 1146 accusatorem
315 1125 455 1156 arguens
471 1115 569 1151 (forte
590 1117 697 1147 tineus
713 1115 778 1155 Z.),
794 1122 827 1147 et

82 1157 175 1198 quasi
190 1157 365 1199 defatigata
378 1165 412 1190 et
422 1158 579 1190 delassata
592 1160 661 1199 ejus
673 1158 826 1190 inclama-

84 1200 235 1232 tionibus.
268 1202 344 1233 Non
360 1211 438 1243 ergo
452 1202 647 1233 blandientis
661 1208 712 1234 est
731 1202 828 1234 modo

83 1246 126 1274 ιιι·
134 1257 147 1280 ,-
169 1244 226 1275 sed
241 1245 400 1277 invidiose
415 1245 593 1287 rogitantis.
627 1246 668 1276 D.

125 1287 177 1318 36.
197 1289 330 1326 Gaudeo,
348 1291 395 1320 ita
409 1300 454 1320 me
469 1290 514 1319 Di
528 1294 637 1325 ament,
650 1290 741 1329 gnati
754 1300 828 1320 caa—

83 1329 136 1371 sa]
160 1331 256 1367 Quod
278 1332 394 1363 similis
416 1331 502 1363 filius
523 1341 589 1362 non
611 1331 663 1369 sit,
687 1342 728 1363 an
743 1332 830 1372 quod

82 1373 180 1405 talem
201 1385 335 1406 uxorem
357 1375 483 1412 habeat,
499 1385 595 1415 quam
614 1385 674 1406 nec
697 1375 830 1406 inimica

82 1427 233 1448 accusare
256 1417 379 1460 possit!
418 1418 463 1449 Et
485 1420 576 1459 gnati
597 1429 700 1456 cansa,
724 1418 825 1449 dixit·

82 1460 158 1500 quia
168 1460 264 1492 talem
280 1471 414 1492 uxorem
429 1461 560 1498 habens,
577 1471 635 1492 sua
645 1471 741 1492 causa
750 1461 828 1502 quid

81 1504 228 1544 gaudeat
245 1514 311 1535 non
326 1504 434 1544 (forte,
450 1516 528 1535 nunc
544 1504 598 1544 Z.)
612 1504 718 1535 habet.
745 1506 826 1536 Nam

80 1548 119 1577 de
134 1553 163 1578 te
177 1549 297 1588 qm'den
309 1550 386 1579 satis
399 1547 478 1589 xio]
497 1547 537 1578 Id
551 1554 610 1585 est,
629 1548 710 1579 nihil
724 1547 825 1579 detri-

80 1590 182 1621 menti
197 1590 244 1628 fit,
260 1591 289 1622 si
314 1599 348 1622 tu
369 1601 502 1642 pecces·
522 1591 556 1622 id
574 1597 633 1628 est,
648 1601 825 1632 nunquam,

80 1632 195 1674 inquit,
209 1634 374 1675 peccando
394 1636 486 1676 peJor
500 1634 569 1665 fieri
584 1641 695 1676 potes.
719 1634 776 1665 sed
791 1645 825 1666 es

79 1677 193 1707 eadem
207 1687 279 1718 quae
292 1687 422 1719 semper
440 1688 484 1709 es.
523 1678 644 1709 Sensus
658 1684 725 1709 oet:
749 1678 825 1709 Jam

79 1719 155 1750 talis
170 1730 214 1757 es,
230 1729 267 1751 ιιι
277 1722 369 1762 pejor
384 1721 454 1752 fieri
470 1731 535 1751 non
549 1720 664 1762 possis.
697 1720 751 1752 Sic
766 1721 823 1753 Ci-

79 1773 165 1800 cem,
188 1763 281 1794 Verr.
297 1764 318 1795 i.
339 1765 366 1794 1.
393 1770 440 1795 est
459 1766 538 1795 idem
558 1765 675 1801 Verres,
689 1763 825 1816 quisait

78 1817 203 1847 semper.
236 1807 277 1837 D.
279 1808 405 1838 -Nam
418 1809 456 1838 de
476 1812 505 1838 te
519 1809 648 1848 quidem,
660 1810 737 1838 satis
750 1810 822 1845 scio,

75 1851 231 1898 peccando
243 1851 417 1881 detrimenti
431 1852 588 1890 nilailfieri
604 1850 722 1891 polest]
749 1850 823 1881 Hoc

79 1902 139 1933 per
150 1892 286 1924 ironiam
302 1894 591 1935 pronunciandum.
616 1894 701 1924 Nam
715 1900 823 1925 certus

78 1946 161 1973 sum,
176 1936 261 1977 quod
278 1943 456 1978 temperata
472 1937 517 1976 (te
526 1942 679 1977 peccante
694 1943 759 1973 aut,
772 1943 823 1967 tao

75 1985 200 2018 peccato
215 1980 270 2019 Z.)
294 1979 383 2011 nulla
397 1980 514 2011 damna
535 1979 702 2017 sentimus,
719 1990 824 2020 neque

78 2032 130 2053 res
150 2029 262 2054 nostra
284 2023 451 2054 familiaris
466 2023 568 2054 ullum
586 2023 709 2065 patitur
723 2023 823 2054 detri-

77 2072 233 2097 mentum.
260 2066 298 2098 E.

121 2109 174 2142 37.
191 2111 349 2141 Peccando
361 2109 551 2151 detrimenti]
569 2110 695 2147 Servas,
706 2109 822 2150 inquit,

77 2161 248 2184 numerum
260 2160 474 2195 peccatorum,
485 2163 545 2184 nec
560 2153 597 2184 fit
609 2153 710 2184 ullum
722 2163 760 2184 co
783 2153 823 2184 iae

77 2195 325 2227 detrimentum.
343 2197 399 2227 sed
414 2207 512 2237 quum
528 2196 703 2238 plurimum
718 2196 780 2227 de

76 2249 166 2279 quas,
182 2240 372 2271 tantundem
386 2250 515 2282 semper
529 2239 719 2271 admittitur.
744 2241 821 2271 Pee-

76 2283 172 2314 mdo
201 2281 390 2323 detrimenti]
430 2283 496 2315 Hic
525 2293 639 2314 sensus
668 2283 822 2314 obscurus

76 2332 146 2356 est.
170 2332 311 2357 attamen
337 2326 399 2364 hic,
426 2327 503 2358 dum
527 2333 820 2367 quantumcunque,

77 2367 193 2408 inquit,
216 2369 346 2400 sceleris
368 2370 546 2406 admiseris,
573 2369 607 2401 id
633 2376 693 2406 est,
720 2380 821 2419 quan-

78 2417 272 2453 tumcunque
286 2413 478 2454 peccaveris,
492 2412 574 2444 nihil
588 2412 629 2444 de
640 2419 696 2444 tua
710 2412 822 2444 existi-

78 2454 218 2486 matione
244 2455 410 2494 minuitur,
426 2456 507 2487 nihil
528 2457 570 2487 de
590 2457 713 2498 pudore
728 2456 822 2487 dero-

76 2503 189 2536 gatur:
212 2498 324 2529 eadem
348 2509 383 2530 es
407 2510 480 2540 quae
503 2499 604 2537 fixisti,
628 2499 704 2540 quia
728 2500 820 2541 pejor

78 2539 148 2570 fieri
164 2550 229 2571 non
243 2547 345 2582 potes.
369 2543 524 2574 Pau-ando
531 2542 721 2584 dementi]
736 2543 817 2579 Qui-

77 2583 151 2613 dam
178 2583 261 2614 hanc
282 2590 400 2625 putant
422 2585 593 2626 εἶρονείανε
616 2586 707 2627 quasi
722 2586 818 2624 dicat,

77 2626 195 2658 Certus
217 2637 300 2664 sum,
321 2627 407 2668 quod
431 2639 473 2660 ex
496 2629 586 2660 nullo
608 2636 740 2671 peccato
763 2636 820 2660 tuo

76 2669 230 2700 damnum
245 2669 313 2711 pati
328 2680 515 2712 possumus·
538 2671 595 2703 sed
610 2672 703 2703 male.
735 2673 777 2703 D.

120 2714 172 2744 38.
192 2715 727 2764 Quiscis,aneacma,nicir]
751 2716 819 2746 De-

76 2755 180 2787 fensio
195 2767 214 2787 a
228 2755 429 2788 derivatione
442 2767 565 2788 causae:
583 2757 619 2789 in
633 2768 696 2798 qua
711 2765 819 2789 osten·

77 2798 165 2831 ditur
179 2810 244 2830 non
263 2800 345 2830 hanc
361 2810 440 2837 esse,
458 2810 553 2841 quam
569 2801 680 2841 objicit
692 2811 822 2833 causam

75 2850 186 2880 senex,
202 2853 260 2874 cur
274 2842 390 2874 abierit
401 2853 502 2875 nurus
513 2843 555 2874 ad
569 2850 706 2875 matrem
718 2854 819 2875 mm.

78 2885 229 2920 D.-—Qui
243 2889 311 2923 scis,
327 2898 367 2917 an
382 2898 418 2917 ea
432 2898 534 2924 musa,
548 2889 590 2918 mi
603 2890 659 2924 νίν,
670 2898 714 2919 me
725 2889 821 2919 odisse

75 2932 307 2967 assimulaverit,
317 2935 351 2960 at
362 2940 427 2961 cum
439 2936 535 2961 matre
544 2932 615 2971 plu
625 2942 685 2962 κισ
700 2936 777 2962 esset
785 2930 820 2971 ?]

79 2971 145 3005 Hic
159 2983 257 3005 causa
270 2979 431 3010 mutatum
454 2973 539 3014 quod
553 2973 610 3006 ina
628 2973 712 3006 torte
726 2973 821 3005 domo

871 941 1065 978 discesserit,
1082 952 1146 972 non
1160 942 1245 982 quod
1264 952 1376 974 socrus
1390 943 1499 974 odium
1515 943 1619 976 vitare

870 985 977 1022 vellet,
997 984 1055 1016 sed
1070 985 1250 1016 diutissime
1265 996 1338 1016 cum
1353 992 1455 1017 matre
1474 997 1616 1019 morare-

871 1034 934 1059 tur.
978 1028 1074 1064 Quod
1101 1028 1240 1060 revincit
1265 1039 1376 1066 senex,
1404 1029 1552 1071 odiopo
1552 1030 1617 1063 tius

870 1071 1000 1109 finctum,
1013 1071 1098 1112 quod
1113 1072 1231 1103 amissa
1245 1072 1288 1103 sit
1303 1071 1399 1113 (quod
1407 1075 1474 1104 heri
1484 1075 1618 1106 admissa

867 1117 991 1146 weit
1015 1114 1079 1156 Ζ).
1119 1115 1228 1146 Mutat
1249 1126 1389 1154 causam,
1416 1126 1475 1147 cur
1499 1117 1618 1149 amissa

869 1168 935 1189 non
950 1158 1004 1196 sit,
1019 1158 1075 1190 sed
1093 1158 1162 1198 (cur
1176 1161 1309 1190 admissa
1324 1170 1382 1190 nou
1401 1162 1453 1197 eit,
1468 1165 1500 1191 et
1512 1171 1544 1191 se
1561 1159 1617 1202 Ζ.)

871 1201 1048 1233 defendens
1070 1201 1186 1233 mulier
1200 1202 1297 1233 dicit.
1323 1204 1415 1234 Em’n
1437 1205 1548 1235 lassan-
1562 1216 1615 1244 op-

866 1247 942 1285 pido
955 1247 1096 1276 dicebant
1117 1244 1197 1286 esse]
1225 1247 1343 1286 Oppido
1364 1252 1473 1278 autem
1494 1247 1616 1278 intelli-

871 1288 977 1328 gimus
988 1288 1090 1319 valde.
1112 1289 1236 1320 Contra
1249 1299 1351 1320 senex
1364 1299 1476 1321 rursus
1490 1289 1617 1322 invenit

872 1330 1001 1371 (invehit
1018 1331 1071 1371 Z.)
1087 1332 1173 1372 quod
1187 1331 1258 1374 ipsa
1272 1332 1381 1373 potius
1395 1333 1513 1374 puellae
1527 1344 1615 1364 mor-

871 1374 932 1405 bus
953 1374 1004 1411 sit‚
1027 1381 1065 1406 ut
1082 1377 1151 1415 eJus
1173 1385 1279 1406 mores
1298 1375 1523 1417 aegritudinem
1537 1376 1615 1408 affo-

868 1424 953 1454 rant,
969 1427 1034 1449 non
1049 1418 1135 1458 quod
1149 1417 1205 1449 illa
1223 1419 1336 1450 morbo
1349 1418 1494 1461 corporis
1508 1419 1617 1461 aliquo

868 1460 1002 1492 laboret.
1038 1460 1212 1492 Concludit
1229 1461 1445 1514 invectionem
1460 1469 1494 1494 et
1514 1473 1615 1504 gene-

868 1503 936 1535 rale
952 1514 1070 1535 nomen
1086 1503 1141 1545 (ab
1292 1508 1443 1543 ‘nonium
1467 1516 1535 1544 seu,
1549 1509 1614 1538 cri-

867 1549 947 1578 mine
974 1547 1028 1588 Z.)
1054 1558 1174 1585 socrus,
1201 1548 1286 1589 quod
1311 1548 1400 1580 nulla
1423 1548 1467 1580 sit
1492 1560 1614 1587 mrum,

868 1590 947 1631 quin
973 1590 1075 1622 filium
1097 1591 1216 1623 ducere
1239 1591 1317 1623 velit
1337 1602 1490 1628 uxorem;
1513 1603 1561 1631 ac,
1585 1593 1614 1625 si

867 1644 963 1674 quam
978 1634 1127 1672 voluerit,
1142 1634 1198 1665 illa
1218 1634 1314 1666 datur
1333 1645 1404 1676 quae
1424 1635 1544 1678 placita
1565 1643 1616 1668 est

866 1677 1019 1709 conditio.
1054 1678 1108 1709 Ad
1136 1685 1335 1720 postremum
1357 1689 1432 1710 cum
1461 1679 1616 1711 duxerint

867 1720 935 1758 filii,
953 1731 1063 1752 socrus
1078 1721 1196 1752 iterum
1212 1721 1379 1763 expellunt
1393 1721 1479 1754 foras
1499 1724 1612 1763 conju-

864 1773 922 1804 ges
936 1763 1121 1795 liberorum.
1150 1765 1287 1796 R—Me
1301 1767 1398 1796 odisse
1412 1767 1613 1798 adsimulem-

863 1806 925 1847 n't]
939 1807 1005 1838 Ms.
1022 1808 1062 1838 R.
1078 1819 1124 1839 me
1139 1810 1235 1839 odisse
1249 1819 1281 1839 se
1300 1811 1536 1840 αάιίιιιιὶωυετὶι.
1552 1809 1590 1841 L.

909 1851 960 1881 39.
983 1852 1026 1881 Ut
1046 1862 1112 1881 eum
1129 1850 1243 1892 matre]
1271 1851 1451 1883 Deestua.
1490 1853 1612 1884 Utens·

862 1899 961 1924 matre
975 1905 1036 1925 una
1047 1896 1117 1934 plus
1131 1899 1209 1925 esset
1219 1893 1253 1935 Γ]
1275 1894 1447 1926 ’mmm-53
1458 1895 1559 1926 dixit.
1577 1895 1612 1927 id

865 1942 924 1973 est,
934 1937 991 1967 diu
1005 1947 1042 1968 ac
1058 1938 1211 1977 majorem
1225 1944 1360 1979 partem.
1386 1938 1427 1968 D.
1429 1938 1611 1980 -Antiqui

866 1979 958 2011 codd.
976 1980 1091 2011 Faerni
1106 1987 1140 2011 et
1154 1980 1256 2011 nostri
1270 1987 1358 2012 recte
1371 1981 1531 2013 collocant
1540 1984 1613 2023 plu

868 2033 931 2054 nna
945 2028 1031 2054 esset.
1065 2023 1102 2054 B.

909 2067 962 2097 40.
978 2066 1066 2101 Quod
1087 2069 1154 2098 heri
1175 2078 1259 2098 neno
1273 2066 1385 2108 voluit]
1412 2067 1502 2099 Bene
1516 2067 1610 2100 infir-

863 2109 968 2141 mavit
995 2109 1216 2141 defensionem
1247 2120 1358 2149 senex,
1389 2110 1535 2149 dicendo,
1572 2111 1610 2143 Si

861 2159 999 2194 propter
1019 2160 1155 2184 matrem
1175 2152 1264 2191 abiit,
1279 2164 1339 2185 cur
1360 2160 1397 2186 tu
1418 2154 1550 2186 exclusa
1563 2164 1610 2194 es,

866 2206 965 2236 quum
980 2196 1129 2227 venires?
1162 2197 1203 2228 D.

908 2240 958 2270 41.
976 2241 1068 2270 Enim
1082 2241 1192 2271 laem
1210 2239 1334 2281 oppido]
1361 2240 1528 2272 Infirmius
1550 2241 1607 2273 de-

862 2282 1007 2314 fenditur
1027 2293 1148 2320 socrus,
1172 2289 1209 2314 ut
1230 2293 1321 2315 error
1341 2283 1430 2315 senis
1444 2294 1545 2325 usque
1566 2284 1609 2316 ad

864 2326 1089 2366 καταστροφὴν
1102 2333 1296 2368 perseveret.
1326 2328 1418 2358 Enim
1430 2329 1542 2358 ham
1554 2339 1607 2368 op-

863 2368 954 2410 pido]
972 2369 1044 2406 Pro,
1060 2371 1168 2410 oppido
1181 2372 1261 2401 enin
1275 2369 1367 2401 dixit.
1403 2370 1610 2412 Supervacua

865 2412 998 2454 ponitur
1011 2412 1174 2444 interdum
1189 2413 1257 2444 haec
1271 2413 1466 2453 conjunctio,
1481 2420 1538 2445 aut
1547 2425 1609 2456 pru

865 2455 966 2487 altera
974 2456 1207 2496 conjunctione.
1226 2456 1361 2497 Oppido]
1374 2456 1491 2488 Valde:
1502 2463 1608 2490 m·

861 2498 940 2530 latio
960 2509 979 2530 a
998 2499 1138 2537 rusticis,
1161 2499 1216 2541 qui
1240 2499 1439 2549 interrog-ati,
1453 2500 1607 2542 quemad-

861 2542 993 2574 modum
1024 2542 1133 2584 t'ruges
1166 2543 1400 2584 provenissent,
1430 2544 1607 2585 responde-

862 2586 950 2622 bant,
975 2588 1093 2626 oppido,
1117 2586 1151 2617 id
1174 2593 1321 2627 est‚quae
1344 2586 1608 2630 sitietoppido

864 2672 905 2703 D.
907 2635 1080 2703 —Festi‘sst
1081 2636 1213 2714 [1¹:322
1224 2628 1606 2716 ἡξᾙιιῖῐὲῗωαῗωω

858 2717 933 2756 pido
947 2715 1000 2746 hic
1021 2715 1138 2756 legisse
1158 2717 1286 2755 affati-u.
1325 2716 1420 2754 Nam,
1439 2717 1608 2756 Taena-s.

862 2758 978 2799 inquit,
1004 2759 1123 2798 affatim
1148 2760 1608 2800 disieproeoquamAd

861 2803 1080 2833 lassitudinem.
1112 2801 1274 2833 camenam
1296 2812 1416 2841 versus,
1432 2809 1467 2834 et
1478 2803 1604 2836 Teren-

861 2844 943 2875 tiani
958 2844 1058 2875 moris
1070 2854 1168 2876 caiisa
1182 2844 1297 2884 scribe,
1311 2847 1429 2884 aibant,
1441 2851 1480 2878 ιιι
1492 2846 1537 2879 sit
1553 2847 1604 2879 di-

862 2887 1016 2929 syllabon.
1046 2887 1084 2919 B.

906 2932 958 2962 42.
986 2932 1062 2962 Tuos
1083 2942 1146 2963 esse
1172 2933 1220 2963 111⁸·
1246 2931 1358 2982 mores]
1388 2932 1605 2965 Acerbissime

863 2974 984 3006 institit
997 2984 1099 3048 set-{ex
1109 2981 1144 3006 et
1153 2974 1352 3008 accumtioni
1365 2976 1486 3015 uxoris,
1500 2983 1534 3009 et
1548 2978 1605 3009 de—

1074 3027 1096 3048 R
