<?xml version="1.0" encoding="UTF-8"?>
<!DOCTYPE html PUBLIC "-//W3C//DTD XHTML 1.0 Transitional//EN"
    "http://www.w3.org/TR/xhtml1/DTD/xhtml1-transitional.dtd">
<html xmlns="http://www.w3.org/1999/xhtml" xml:lang="en" lang="en">
 <head>
  <title>
</title>
<meta http-equiv="Content-Type" content="text/html;charset=utf-8" />
  <meta name='ocr-system' content='tesseract 3.04.00' />
  <meta name='ocr-capabilities' content='ocr_page ocr_carea ocr_par ocr_line ocrx_word'/>
</head>
<body>
  <div class='ocr_page' id='page_1' title='image "./comoediaesex00tereuoft_0193.png"; bbox 0 0 1852 3216; ppageno 0'>
   <div class='ocr_carea' id='block_1_1' title="bbox 107 149 346 205">
    <p class='ocr_par' dir='ltr' id='par_1_1' title="bbox 107 149 346 205">
     <span class='ocr_line' id='line_1_1' title="bbox 107 149 346 205; baseline -0.004 -14"><span class='ocrx_word' id='word_1_1' title='bbox 107 161 251 191; x_wconf 64' lang='lat' dir='ltr'>scmu</span> <span class='ocrx_word' id='word_1_2' title='bbox 274 149 346 205; x_wconf 83' lang='lat'>11.]</span> 
     </span>
    </p>
   </div>
   <div class='ocr_carea' id='block_1_2' title="bbox 722 145 1028 191">
    <p class='ocr_par' dir='ltr' id='par_1_2' title="bbox 722 145 1028 191">
     <span class='ocr_line' id='line_1_2' title="bbox 722 145 1028 191; baseline -0.003 0"><span class='ocrx_word' id='word_1_3' title='bbox 722 145 1028 191; x_wconf 57' lang='lat' dir='ltr'>ANDRAA.</span> 
     </span>
    </p>
   </div>
   <div class='ocr_carea' id='block_1_3' title="bbox 1589 151 1643 192">
    <p class='ocr_par' dir='ltr' id='par_1_3' title="bbox 1589 151 1643 192">
     <span class='ocr_line' id='line_1_3' title="bbox 1589 151 1643 192; baseline 0.019 -1"><span class='ocrx_word' id='word_1_4' title='bbox 1589 151 1643 192; x_wconf 87' lang='lat'>91</span> 
     </span>
    </p>
   </div>
   <div class='ocr_carea' id='block_1_4' title="bbox 165 235 1646 294">
    <p class='ocr_par' dir='ltr' id='par_1_4' title="bbox 165 235 1646 294">
     <span class='ocr_line' id='line_1_4' title="bbox 165 235 1646 294; baseline 0.001 -15"><span class='ocrx_word' id='word_1_5' title='bbox 165 238 282 280; x_wconf 71' lang='lat' dir='ltr'>DAv.</span> <span class='ocrx_word' id='word_1_6' title='bbox 294 238 396 280; x_wconf 92' lang='lat' dir='ltr'>Eho</span> <span class='ocrx_word' id='word_1_7' title='bbox 404 244 452 281; x_wconf 90' lang='lat' dir='ltr'>tu</span> <span class='ocrx_word' id='word_1_8' title='bbox 460 238 704 294; x_wconf 89' lang='lat' dir='ltr'>impudens,</span> <span class='ocrx_word' id='word_1_9' title='bbox 715 252 800 280; x_wconf 91' lang='lat' dir='ltr'>non</span> <span class='ocrx_word' id='word_1_10' title='bbox 809 236 912 279; x_wconf 85' lang='lat' dir='ltr'>satis</span> <span class='ocrx_word' id='word_1_11' title='bbox 920 235 1075 286; x_wconf 86' lang='lat' dir='ltr'>habes,</span> <span class='ocrx_word' id='word_1_12' title='bbox 1081 235 1199 290; x_wconf 84' lang='lat' dir='ltr'>quod</span> <span class='ocrx_word' id='word_1_13' title='bbox 1208 235 1286 277; x_wconf 91' lang='lat' dir='ltr'>tibi</span> <span class='ocrx_word' id='word_1_14' title='bbox 1295 235 1505 278; x_wconf 80' lang='lat' dir='ltr'>dieculam</span> <span class='ocrx_word' id='word_1_15' title='bbox 1515 239 1646 288; x_wconf 83' lang='lat' dir='ltr'>addo,</span> 
     </span>
    </p>
   </div>
   <div class='ocr_carea' id='block_1_5' title="bbox 163 302 1060 358">
    <p class='ocr_par' dir='ltr' id='par_1_5' title="bbox 163 302 1060 358">
     <span class='ocr_line' id='line_1_5' title="bbox 163 302 1060 358; baseline -0.001 -14"><span class='ocrx_word' id='word_1_16' title='bbox 163 302 386 351; x_wconf 85' lang='lat' dir='ltr'>Quantum</span> <span class='ocrx_word' id='word_1_17' title='bbox 436 302 537 345; x_wconf 90' lang='lat' dir='ltr'>huic</span> <span class='ocrx_word' id='word_1_18' title='bbox 586 317 818 358; x_wconf 88' lang='lat' dir='ltr'>promoveo</span> <span class='ocrx_word' id='word_1_19' title='bbox 856 302 1060 356; x_wconf 71' lang='lat' dir='ltr'>nuptias?</span> 
     </span>
    </p>
   </div>
   <div class='ocr_carea' id='block_1_6' title="bbox 247 366 667 422">
    <p class='ocr_par' dir='ltr' id='par_1_6' title="bbox 247 366 667 422">
     <span class='ocr_line' id='line_1_6' title="bbox 247 366 667 422; baseline 0.002 -14"><span class='ocrx_word' id='word_1_20' title='bbox 247 366 366 409; x_wconf 76' lang='lat' dir='ltr'>DAv.</span> <span class='ocrx_word' id='word_1_21' title='bbox 391 367 511 415; x_wconf 85' lang='lat' dir='ltr'><strong>Quid</strong></span> <span class='ocrx_word' id='word_1_22' title='bbox 532 369 667 422; x_wconf 74' lang='lat' dir='ltr'>ergo?</span> 
     </span>
    </p>
   </div>
   <div class='ocr_carea' id='block_1_7' title="bbox 1129 300 1215 342">
    <p class='ocr_par' dir='ltr' id='par_1_7' title="bbox 1129 300 1215 342">
     <span class='ocr_line' id='line_1_7' title="bbox 1129 300 1215 342; baseline 0 0"><span class='ocrx_word' id='word_1_23' title='bbox 1129 300 1215 342; x_wconf 79' lang='lat' dir='ltr'>Cn.</span> 
     </span>
    </p>
   </div>
   <div class='ocr_carea' id='block_1_8' title="bbox 1257 300 1644 351">
    <p class='ocr_par' dir='ltr' id='par_1_8' title="bbox 1257 300 1644 351">
     <span class='ocr_line' id='line_1_8' title="bbox 1257 300 1644 351; baseline 0.005 -9"><span class='ocrx_word' id='word_1_24' title='bbox 1257 300 1398 351; x_wconf 81' lang='lat' dir='ltr'>Dave,</span> <span class='ocrx_word' id='word_1_25' title='bbox 1441 309 1644 345; x_wconf 85' lang='lat' dir='ltr'><strong>attamen.</strong></span> 
     </span>
    </p>
   </div>
   <div class='ocr_carea' id='block_1_9' title="bbox 161 429 1646 475">
    <p class='ocr_par' dir='ltr' id='par_1_9' title="bbox 161 429 1646 475">
     <span class='ocr_line' id='line_1_9' title="bbox 161 429 1646 475; baseline -0.001 -2"><span class='ocrx_word' id='word_1_26' title='bbox 161 431 246 473; x_wconf 75' lang='lat' dir='ltr'>Cn.</span> <span class='ocrx_word' id='word_1_27' title='bbox 271 431 335 473; x_wconf 85' lang='lat' dir='ltr'>Ut</span> <span class='ocrx_word' id='word_1_28' title='bbox 364 432 533 475; x_wconf 82' lang='lat' dir='ltr'><strong>ducam.</strong></span> <span class='ocrx_word' id='word_1_29' title='bbox 585 432 708 474; x_wconf 61' lang='lat' dir='ltr'>Dav.</span> <span class='ocrx_word' id='word_1_30' title='bbox 730 429 993 473; x_wconf 88' lang='lat' dir='ltr'>Ridiculum.</span> <span class='ocrx_word' id='word_1_31' title='bbox 1044 430 1131 473; x_wconf 75' lang='lat' dir='ltr'>Cn.</span> <span class='ocrx_word' id='word_1_32' title='bbox 1155 429 1259 473; x_wconf 90' lang='lat' dir='ltr'>Huc</span> <span class='ocrx_word' id='word_1_33' title='bbox 1288 430 1383 472; x_wconf 88' lang='lat' dir='ltr'>face</span> <span class='ocrx_word' id='word_1_34' title='bbox 1413 430 1469 472; x_wconf 87' lang='lat' dir='ltr'>ad</span> <span class='ocrx_word' id='word_1_35' title='bbox 1499 446 1567 473; x_wconf 89' lang='lat' dir='ltr'>me</span> <span class='ocrx_word' id='word_1_36' title='bbox 1598 439 1646 472; x_wconf 91' lang='lat' dir='ltr'>ut</span> 
     </span>
    </p>
   </div>
   <div class='ocr_carea' id='block_1_10' title="bbox 246 497 788 552">
    <p class='ocr_par' dir='ltr' id='par_1_10' title="bbox 246 497 788 552">
     <span class='ocr_line' id='line_1_10' title="bbox 246 497 788 552; baseline 0 -14"><span class='ocrx_word' id='word_1_37' title='bbox 246 498 406 548; x_wconf 89' lang='lat' dir='ltr'>venias,</span> <span class='ocrx_word' id='word_1_38' title='bbox 430 498 465 539; x_wconf 92' lang='lat' dir='ltr'>si</span> <span class='ocrx_word' id='word_1_39' title='bbox 485 497 591 552; x_wconf 89' lang='lat' dir='ltr'>quid</span> <span class='ocrx_word' id='word_1_40' title='bbox 610 497 788 552; x_wconf 85' lang='lat' dir='ltr'>poteris.</span> 
     </span>
    </p>
   </div>
   <div class='ocr_carea' id='block_1_11' title="bbox 105 560 1004 609">
    <p class='ocr_par' dir='ltr' id='par_1_11' title="bbox 105 560 1004 609">
     <span class='ocr_line' id='line_1_11' title="bbox 105 560 1004 609; baseline 0.002 -9"><span class='ocrx_word' id='word_1_41' title='bbox 105 570 146 600; x_wconf 83' lang='lat'>30</span> <span class='ocrx_word' id='word_1_42' title='bbox 163 560 284 603; x_wconf 75' lang='lat' dir='ltr'>DAv.</span> <span class='ocrx_word' id='word_1_43' title='bbox 319 562 440 609; x_wconf 84' lang='lat' dir='ltr'><strong>Quid</strong></span> <span class='ocrx_word' id='word_1_44' title='bbox 469 563 663 604; x_wconf 73' lang='lat' dir='ltr'>veniam?</span> <span class='ocrx_word' id='word_1_45' title='bbox 715 561 821 603; x_wconf 85' lang='lat' dir='ltr'>nihil</span> <span class='ocrx_word' id='word_1_46' title='bbox 848 561 1004 603; x_wconf 90' lang='lat' dir='ltr'>habeo.</span> 
     </span>
    </p>
   </div>
   <div class='ocr_carea' id='block_1_12' title="bbox 1073 559 1644 616">
    <p class='ocr_par' dir='ltr' id='par_1_12' title="bbox 1073 559 1644 616">
     <span class='ocr_line' id='line_1_12' title="bbox 1073 559 1644 616; baseline -0.002 -13"><span class='ocrx_word' id='word_1_47' title='bbox 1073 560 1158 603; x_wconf 80' lang='lat' dir='ltr'>CH.</span> <span class='ocrx_word' id='word_1_48' title='bbox 1193 559 1414 611; x_wconf 89' lang='lat' dir='ltr'><strong>Attamen,</strong></span> <span class='ocrx_word' id='word_1_49' title='bbox 1452 561 1488 602; x_wconf 81' lang='lat' dir='ltr'>si</span> <span class='ocrx_word' id='word_1_50' title='bbox 1523 561 1644 616; x_wconf 88' lang='lat' dir='ltr'>quid.</span> 
     </span>
    </p>
   </div>
   <div class='ocr_carea' id='block_1_13' title="bbox 120 626 1646 746">
    <p class='ocr_par' dir='ltr' id='par_1_13' title="bbox 120 626 1646 746">
     <span class='ocr_line' id='line_1_13' title="bbox 247 626 1055 689; baseline -0.001 -21"><span class='ocrx_word' id='word_1_51' title='bbox 247 627 367 668; x_wconf 74' lang='lat' dir='ltr'>DAv.</span> <span class='ocrx_word' id='word_1_52' title='bbox 390 626 506 689; x_wconf 74' lang='lat' dir='ltr'>Age,</span> <span class='ocrx_word' id='word_1_53' title='bbox 526 628 705 670; x_wconf 87' lang='lat' dir='ltr'>veniam.</span> <span class='ocrx_word' id='word_1_54' title='bbox 758 626 844 668; x_wconf 76' lang='lat' dir='ltr'>Cn.</span> <span class='ocrx_word' id='word_1_55' title='bbox 867 626 915 668; x_wconf 90' lang='lat' dir='ltr'>Si</span> <span class='ocrx_word' id='word_1_56' title='bbox 934 626 1055 681; x_wconf 92' lang='lat' dir='ltr'>quid,</span> 
     </span>
     <span class='ocr_line' id='line_1_14' title="bbox 120 690 1646 746; baseline -0.001 -13"><span class='ocrx_word' id='word_1_57' title='bbox 120 731 123 733; x_wconf 83' lang='lat'>.</span> <span class='ocrx_word' id='word_1_58' title='bbox 159 691 291 733; x_wconf 89' lang='lat' dir='ltr'>Domi</span> <span class='ocrx_word' id='word_1_59' title='bbox 311 706 402 733; x_wconf 91' lang='lat' dir='ltr'>ero.</span> <span class='ocrx_word' id='word_1_60' title='bbox 453 692 572 733; x_wconf 72' lang='lat' dir='ltr'>DAv.</span> <span class='ocrx_word' id='word_1_61' title='bbox 599 691 688 742; x_wconf 90' lang='lat' dir='ltr'>Tu,</span> <span class='ocrx_word' id='word_1_62' title='bbox 721 691 877 746; x_wconf 87' lang='lat' dir='ltr'>Mysis,</span> <span class='ocrx_word' id='word_1_63' title='bbox 899 691 1003 733; x_wconf 92' lang='lat' dir='ltr'>dum</span> <span class='ocrx_word' id='word_1_64' title='bbox 1032 706 1158 741; x_wconf 86' lang='lat' dir='ltr'>exeo,</span> <span class='ocrx_word' id='word_1_65' title='bbox 1190 705 1423 746; x_wconf 85' lang='lat' dir='ltr'>parumper</span> <span class='ocrx_word' id='word_1_66' title='bbox 1445 690 1646 746; x_wconf 88' lang='lat' dir='ltr'>opperire</span> 
     </span>
    </p>
   </div>
   <div class='ocr_carea' id='block_1_14' title="bbox 244 756 416 798">
    <p class='ocr_par' dir='ltr' id='par_1_14' title="bbox 244 756 416 798">
     <span class='ocr_line' id='line_1_15' title="bbox 244 756 416 798; baseline 0.006 -1"><span class='ocrx_word' id='word_1_67' title='bbox 244 771 311 798; x_wconf 91' lang='lat' dir='ltr'>me</span> <span class='ocrx_word' id='word_1_68' title='bbox 332 756 416 798; x_wconf 88' lang='lat' dir='ltr'>hic.</span> 
     </span>
    </p>
   </div>
   <div class='ocr_carea' id='block_1_15' title="bbox 157 820 1641 941">
    <p class='ocr_par' dir='ltr' id='par_1_15' title="bbox 157 820 1641 941">
     <span class='ocr_line' id='line_1_16' title="bbox 157 820 1641 877; baseline 0 -15"><span class='ocrx_word' id='word_1_69' title='bbox 157 820 257 862; x_wconf 73' lang='lat' dir='ltr'>Mv.</span> <span class='ocrx_word' id='word_1_70' title='bbox 284 821 595 877; x_wconf 71' lang='lat' dir='ltr'>Quapropter?</span> <span class='ocrx_word' id='word_1_71' title='bbox 646 820 765 863; x_wconf 74' lang='lat' dir='ltr'>DAv.</span> <span class='ocrx_word' id='word_1_72' title='bbox 797 821 867 862; x_wconf 82' lang='lat' dir='ltr'>Ita</span> <span class='ocrx_word' id='word_1_73' title='bbox 895 821 1011 863; x_wconf 83' lang='lat' dir='ltr'>facto</span> <span class='ocrx_word' id='word_1_74' title='bbox 1041 828 1109 863; x_wconf 91' lang='lat' dir='ltr'>est</span> <span class='ocrx_word' id='word_1_75' title='bbox 1140 836 1265 876; x_wconf 85' lang='lat' dir='ltr'>opuS.</span> <span class='ocrx_word' id='word_1_76' title='bbox 1317 821 1416 863; x_wconf 70' lang='lat' dir='ltr'>MY.</span> <span class='ocrx_word' id='word_1_77' title='bbox 1448 820 1641 862; x_wconf 86' lang='lat' dir='ltr'>Matura.</span> 
     </span>
     <span class='ocr_line' id='line_1_17' title="bbox 244 885 972 941; baseline 0 -14"><span class='ocrx_word' id='word_1_78' title='bbox 244 885 364 929; x_wconf 80' lang='lat' dir='ltr'>DAV.</span> <span class='ocrx_word' id='word_1_79' title='bbox 387 885 503 936; x_wconf 65' lang='lat' dir='ltr'>«Iam,</span> <span class='ocrx_word' id='word_1_80' title='bbox 523 887 712 941; x_wconf 91' lang='lat' dir='ltr'>inquam,</span> <span class='ocrx_word' id='word_1_81' title='bbox 732 885 804 928; x_wconf 85' lang='lat' dir='ltr'>hic</span> <span class='ocrx_word' id='word_1_82' title='bbox 825 887 972 928; x_wconf 88' lang='lat' dir='ltr'>adero.</span> 
     </span>
    </p>
   </div>
   <div class='ocr_carea' id='block_1_16' title="bbox 341 1051 1393 1125">
    <p class='ocr_par' dir='ltr' id='par_1_16' title="bbox 341 1051 1393 1125">
     <span class='ocr_line' id='line_1_18' title="bbox 341 1051 1393 1125; baseline -0.001 -7"><span class='ocrx_word' id='word_1_83' title='bbox 341 1070 600 1118; x_wconf 86' lang='lat' dir='ltr'>ACTUS</span> <span class='ocrx_word' id='word_1_84' title='bbox 645 1070 950 1125; x_wconf 86' lang='lat' dir='ltr'><strong>QUARTI</strong></span> <span class='ocrx_word' id='word_1_85' title='bbox 996 1051 1253 1118; x_wconf 79' lang='lat' dir='ltr'>SCENA</span> <span class='ocrx_word' id='word_1_86' title='bbox 1298 1071 1393 1117; x_wconf 92' lang='lat'>111.</span> 
     </span>
    </p>
   </div>
   <div class='ocr_carea' id='block_1_17' title="bbox 679 1184 1048 1216">
    <p class='ocr_par' dir='ltr' id='par_1_17' title="bbox 679 1184 1048 1216">
     <span class='ocr_line' id='line_1_19' title="bbox 679 1184 1048 1216; baseline -0.003 -1"><span class='ocrx_word' id='word_1_87' title='bbox 679 1185 833 1216; x_wconf 84' lang='lat' dir='ltr'>MYSIS.</span> <span class='ocrx_word' id='word_1_88' title='bbox 880 1184 1048 1215; x_wconf 79' lang='lat' dir='ltr'>DAVUS.</span> 
     </span>
    </p>
   </div>
   <div class='ocr_carea' id='block_1_18' title="bbox 154 1265 1460 1322">
    <p class='ocr_par' dir='ltr' id='par_1_18' title="bbox 154 1265 1460 1322">
     <span class='ocr_line' id='line_1_20' title="bbox 154 1265 1460 1322; baseline -0.002 -12"><span class='ocrx_word' id='word_1_89' title='bbox 154 1267 364 1310; x_wconf 62' lang='lat' dir='ltr'>Nullum</span> <span class='ocrx_word' id='word_1_90' title='bbox 384 1281 480 1308; x_wconf 90' lang='lat' dir='ltr'>esse</span> <span class='ocrx_word' id='word_1_91' title='bbox 502 1267 725 1322; x_wconf 90' lang='lat' dir='ltr'>proprium</span> <span class='ocrx_word' id='word_1_92' title='bbox 745 1266 973 1321; x_wconf 72' lang='lat' dir='ltr'>cuiquam?</span> <span class='ocrx_word' id='word_1_93' title='bbox 1014 1265 1076 1306; x_wconf 91' lang='lat' dir='ltr'>Di</span> <span class='ocrx_word' id='word_1_94' title='bbox 1096 1273 1283 1307; x_wconf 86' lang='lat' dir='ltr'>vostram</span> <span class='ocrx_word' id='word_1_95' title='bbox 1304 1265 1460 1307; x_wconf 87' lang='lat' dir='ltr'>fidem!</span> 
     </span>
    </p>
   </div>
   <div class='ocr_carea' id='block_1_19' title="bbox 45 1376 849 3001">
    <p class='ocr_par' dir='ltr' id='par_1_19' title="bbox 95 1376 849 1461">
     <span class='ocr_line' id='line_1_21' title="bbox 95 1376 849 1426; baseline -0.004 -16"><span class='ocrx_word' id='word_1_96' title='bbox 95 1378 221 1410; x_wconf 89' lang='lat' dir='ltr'>sionem</span> <span class='ocrx_word' id='word_1_97' title='bbox 250 1384 339 1409; x_wconf 84' lang='lat' dir='ltr'>tuam</span> <span class='ocrx_word' id='word_1_98' title='bbox 360 1377 524 1426; x_wconf 82' lang='lat' dir='ltr'>complere</span> <span class='ocrx_word' id='word_1_99' title='bbox 554 1376 714 1414; x_wconf 82' lang='lat' dir='ltr'>debueris,</span> <span class='ocrx_word' id='word_1_100' title='bbox 738 1376 849 1408; x_wconf 86' lang='lat' dir='ltr'>nescio</span> 
     </span>
     <span class='ocr_line' id='line_1_22' title="bbox 96 1420 546 1462; baseline -0.002 -9.946"><span class='ocrx_word' id='word_1_101' title='bbox 96 1421 175 1462; x_wconf 90' lang='lat' dir='ltr'>quid</span> <span class='ocrx_word' id='word_1_102' title='bbox 191 1431 323 1452; x_wconf 87' lang='lat' dir='ltr'>narrare</span> <span class='ocrx_word' id='word_1_103' title='bbox 337 1420 476 1461; x_wconf 86' lang='lat' dir='ltr'>coepisti.</span> <span class='ocrx_word' id='word_1_104' title='bbox 507 1420 546 1451; x_wconf 86' lang='lat' dir='ltr'>E.</span> 
     </span>
    </p>

    <p class='ocr_par' dir='ltr' id='par_1_20' title="bbox 94 1461 848 2564">
     <span class='ocr_line' id='line_1_23' title="bbox 141 1461 848 1503; baseline -0.003 -8"><span class='ocrx_word' id='word_1_105' title='bbox 141 1464 192 1496; x_wconf 86' lang='grc'>27.</span> <span class='ocrx_word' id='word_1_106' title='bbox 216 1464 286 1494; x_wconf 78' lang='lat' dir='ltr'>Eho</span> <span class='ocrx_word' id='word_1_107' title='bbox 302 1469 335 1494; x_wconf 76' lang='lat' dir='ltr'>tu</span> <span class='ocrx_word' id='word_1_108' title='bbox 351 1461 523 1503; x_wconf 76' lang='lat' dir='ltr'>impudens]</span> <span class='ocrx_word' id='word_1_109' title='bbox 547 1462 682 1503; x_wconf 85' lang='lat' dir='ltr'>Proprie</span> <span class='ocrx_word' id='word_1_110' title='bbox 704 1462 848 1493; x_wconf 84' lang='lat' dir='ltr'>Charino</span> 
     </span>
     <span class='ocr_line' id='line_1_24' title="bbox 97 1505 847 1546; baseline -0.003 -8"><span class='ocrx_word' id='word_1_111' title='bbox 97 1506 182 1538; x_wconf 79' lang='lat' dir='ltr'>dixit</span> <span class='ocrx_word' id='word_1_112' title='bbox 208 1508 373 1546; x_wconf 72' lang='lat' dir='ltr'>inpudens,</span> <span class='ocrx_word' id='word_1_113' title='bbox 401 1505 493 1546; x_wconf 83' lang='lat' dir='ltr'>quasi</span> <span class='ocrx_word' id='word_1_114' title='bbox 523 1505 654 1536; x_wconf 85' lang='lat' dir='ltr'>insolita</span> <span class='ocrx_word' id='word_1_115' title='bbox 682 1511 717 1536; x_wconf 91' lang='lat' dir='ltr'>et</span> <span class='ocrx_word' id='word_1_116' title='bbox 745 1505 847 1536; x_wconf 88' lang='lat' dir='ltr'>multa</span> 
     </span>
     <span class='ocr_line' id='line_1_25' title="bbox 95 1547 847 1597; baseline -0.003 -17"><span class='ocrx_word' id='word_1_117' title='bbox 95 1549 261 1590; x_wconf 85' lang='lat' dir='ltr'>poscenti:</span> <span class='ocrx_word' id='word_1_118' title='bbox 285 1549 405 1597; x_wconf 86' lang='lat' dir='ltr'>quippe</span> <span class='ocrx_word' id='word_1_119' title='bbox 420 1547 476 1588; x_wconf 90' lang='lat' dir='ltr'>qui</span> <span class='ocrx_word' id='word_1_120' title='bbox 492 1554 525 1578; x_wconf 89' lang='lat' dir='ltr'>et</span> <span class='ocrx_word' id='word_1_121' title='bbox 540 1558 692 1596; x_wconf 80' lang='lat' dir='ltr'>sponsam</span> <span class='ocrx_word' id='word_1_122' title='bbox 707 1547 847 1579; x_wconf 85' lang='lat' dir='ltr'>alienam</span> 
     </span>
     <span class='ocr_line' id='line_1_26' title="bbox 95 1589 847 1633; baseline -0.003 -10"><span class='ocrx_word' id='word_1_123' title='bbox 95 1598 207 1633; x_wconf 83' lang='lat' dir='ltr'>petere</span> <span class='ocrx_word' id='word_1_124' title='bbox 222 1601 320 1623; x_wconf 85' lang='lat' dir='ltr'>ausus</span> <span class='ocrx_word' id='word_1_125' title='bbox 335 1591 397 1626; x_wconf 62' lang='lat' dir='ltr'>sin</span> <span class='ocrx_word' id='word_1_126' title='bbox 421 1598 455 1621; x_wconf 90' lang='lat' dir='ltr'>et</span> <span class='ocrx_word' id='word_1_127' title='bbox 469 1601 535 1621; x_wconf 90' lang='lat' dir='ltr'>non</span> <span class='ocrx_word' id='word_1_128' title='bbox 550 1589 629 1621; x_wconf 81' lang='lat' dir='ltr'>satis</span> <span class='ocrx_word' id='word_1_129' title='bbox 646 1591 771 1627; x_wconf 84' lang='lat' dir='ltr'>habeat,</span> <span class='ocrx_word' id='word_1_130' title='bbox 787 1601 847 1631; x_wconf 87' lang='lat' dir='ltr'>per</span> 
     </span>
     <span class='ocr_line' id='line_1_27' title="bbox 96 1633 846 1675; baseline -0.003 -9"><span class='ocrx_word' id='word_1_131' title='bbox 96 1635 227 1667; x_wconf 78' lang='lat' dir='ltr'>Davum</span> <span class='ocrx_word' id='word_1_132' title='bbox 250 1633 312 1665; x_wconf 87' lang='lat' dir='ltr'>sibi</span> <span class='ocrx_word' id='word_1_133' title='bbox 333 1643 457 1664; x_wconf 84' lang='lat' dir='ltr'>moram</span> <span class='ocrx_word' id='word_1_134' title='bbox 479 1633 656 1675; x_wconf 82' lang='lat' dir='ltr'>praestitam</span> <span class='ocrx_word' id='word_1_135' title='bbox 683 1633 846 1675; x_wconf 86' lang='lat' dir='ltr'>Pamphili</span> 
     </span>
     <span class='ocr_line' id='line_1_28' title="bbox 94 1675 844 1718; baseline -0.004 -8"><span class='ocrx_word' id='word_1_136' title='bbox 94 1677 294 1718; x_wconf 80' lang='lat' dir='ltr'>nuptiarum.</span> <span class='ocrx_word' id='word_1_137' title='bbox 349 1678 437 1710; x_wconf 75' lang='lat' dir='ltr'>Quod</span> <span class='ocrx_word' id='word_1_138' title='bbox 468 1676 526 1707; x_wconf 69' lang='lat' dir='ltr'>tibi</span> <span class='ocrx_word' id='word_1_139' title='bbox 561 1678 711 1707; x_wconf 76' lang='lat' dir='ltr'>dieculam</span> <span class='ocrx_word' id='word_1_140' title='bbox 747 1675 844 1716; x_wconf 83' lang='lat' dir='ltr'>addo]</span> 
     </span>
     <span class='ocr_line' id='line_1_29' title="bbox 95 1717 843 1759; baseline -0.003 -8"><span class='ocrx_word' id='word_1_141' title='bbox 95 1721 267 1756; x_wconf 73' lang='lat' dir='ltr'>Dieculam,</span> <span class='ocrx_word' id='word_1_142' title='bbox 301 1719 432 1755; x_wconf 84' lang='lat' dir='ltr'>horam;</span> <span class='ocrx_word' id='word_1_143' title='bbox 478 1725 512 1750; x_wconf 88' lang='lat' dir='ltr'>et</span> <span class='ocrx_word' id='word_1_144' title='bbox 548 1726 598 1750; x_wconf 88' lang='lat' dir='ltr'>est</span> <span class='ocrx_word' id='word_1_145' title='bbox 641 1717 843 1759; x_wconf 72' lang='grc' dir='ltr'>ὑποκόρισμα.</span> 
     </span>
     <span class='ocr_line' id='line_1_30' title="bbox 95 1761 845 1802; baseline 0 -10"><span class='ocrx_word' id='word_1_146' title='bbox 95 1764 266 1799; x_wconf 73' lang='lat' dir='ltr'>Dieeulan,</span> <span class='ocrx_word' id='word_1_147' title='bbox 288 1762 350 1792; x_wconf 89' lang='lat' dir='ltr'>hoc</span> <span class='ocrx_word' id='word_1_148' title='bbox 372 1769 431 1799; x_wconf 84' lang='lat' dir='ltr'>est,</span> <span class='ocrx_word' id='word_1_149' title='bbox 454 1761 710 1802; x_wconf 88' lang='lat' dir='ltr'>tempusculum:</span> <span class='ocrx_word' id='word_1_150' title='bbox 735 1768 769 1792; x_wconf 90' lang='lat' dir='ltr'>et</span> <span class='ocrx_word' id='word_1_151' title='bbox 789 1772 845 1793; x_wconf 82' lang='lat' dir='ltr'>su-</span> 
     </span>
     <span class='ocr_line' id='line_1_31' title="bbox 95 1804 845 1844; baseline -0.001 -8"><span class='ocrx_word' id='word_1_152' title='bbox 95 1805 196 1836; x_wconf 88' lang='lat' dir='ltr'>mitur</span> <span class='ocrx_word' id='word_1_153' title='bbox 211 1805 252 1836; x_wconf 90' lang='lat' dir='ltr'>ab</span> <span class='ocrx_word' id='word_1_154' title='bbox 267 1814 316 1842; x_wconf 84' lang='lat' dir='ltr'>eo,</span> <span class='ocrx_word' id='word_1_155' title='bbox 331 1804 418 1844; x_wconf 90' lang='lat' dir='ltr'>quod</span> <span class='ocrx_word' id='word_1_156' title='bbox 437 1812 486 1835; x_wconf 85' lang='lat' dir='ltr'>est</span> <span class='ocrx_word' id='word_1_157' title='bbox 507 1806 572 1834; x_wconf 71' lang='lat' dir='ltr'>hec</span> <span class='ocrx_word' id='word_1_158' title='bbox 592 1806 666 1835; x_wconf 70' lang='lat' dir='ltr'>dies.</span> <span class='ocrx_word' id='word_1_159' title='bbox 704 1806 845 1841; x_wconf 71' lang='lat' dir='ltr'>Dn&#39;ecula,</span> 
     </span>
     <span class='ocr_line' id='line_1_32' title="bbox 95 1846 845 1888; baseline -0.003 -9"><span class='ocrx_word' id='word_1_160' title='bbox 95 1858 196 1884; x_wconf 87' lang='lat' dir='ltr'>mora,</span> <span class='ocrx_word' id='word_1_161' title='bbox 220 1854 253 1878; x_wconf 87' lang='lat' dir='ltr'>et</span> <span class='ocrx_word' id='word_1_162' title='bbox 274 1847 366 1887; x_wconf 85' lang='lat' dir='ltr'>quasi</span> <span class='ocrx_word' id='word_1_163' title='bbox 388 1857 488 1888; x_wconf 85' lang='lat' dir='ltr'>parva</span> <span class='ocrx_word' id='word_1_164' title='bbox 510 1846 600 1882; x_wconf 86' lang='lat' dir='ltr'>dies;</span> <span class='ocrx_word' id='word_1_165' title='bbox 633 1854 667 1878; x_wconf 89' lang='lat' dir='ltr'>et</span> <span class='ocrx_word' id='word_1_166' title='bbox 688 1849 845 1884; x_wconf 71' lang='lat' dir='ltr'>dieculam,</span> 
     </span>
     <span class='ocr_line' id='line_1_33' title="bbox 94 1889 844 1937; baseline -0.001 -16"><span class='ocrx_word' id='word_1_167' title='bbox 94 1891 129 1921; x_wconf 91' lang='lat' dir='ltr'>in</span> <span class='ocrx_word' id='word_1_168' title='bbox 153 1900 216 1930; x_wconf 90' lang='lat' dir='ltr'>qua</span> <span class='ocrx_word' id='word_1_169' title='bbox 237 1889 363 1921; x_wconf 88' lang='lat' dir='ltr'>scilicet</span> <span class='ocrx_word' id='word_1_170' title='bbox 383 1889 516 1926; x_wconf 84' lang='lat' dir='ltr'>ambias,</span> <span class='ocrx_word' id='word_1_171' title='bbox 532 1896 689 1929; x_wconf 89' lang='lat' dir='ltr'>quantum</span> <span class='ocrx_word' id='word_1_172' title='bbox 710 1890 844 1937; x_wconf 77' lang='lat' dir='ltr'>poteris,</span> 
     </span>
     <span class='ocr_line' id='line_1_34' title="bbox 94 1931 844 1965; baseline -0.003 -1"><span class='ocrx_word' id='word_1_173' title='bbox 94 1933 137 1965; x_wconf 86' lang='lat' dir='ltr'>ad</span> <span class='ocrx_word' id='word_1_174' title='bbox 162 1932 344 1964; x_wconf 86' lang='lat' dir='ltr'>ducendam</span> <span class='ocrx_word' id='word_1_175' title='bbox 370 1932 606 1963; x_wconf 85' lang='lat' dir='ltr'>Philumenam.</span> <span class='ocrx_word' id='word_1_176' title='bbox 650 1931 731 1963; x_wconf 88' lang='lat' dir='ltr'>Vult</span> <span class='ocrx_word' id='word_1_177' title='bbox 757 1932 844 1963; x_wconf 89' lang='lat' dir='ltr'>enim</span> 
     </span>
     <span class='ocr_line' id='line_1_35' title="bbox 95 1974 844 2016; baseline -0.003 -9"><span class='ocrx_word' id='word_1_178' title='bbox 95 1986 131 2008; x_wconf 83' lang='lat' dir='ltr'>se</span> <span class='ocrx_word' id='word_1_179' title='bbox 148 1976 261 2006; x_wconf 81' lang='lat' dir='ltr'>Davus</span> <span class='ocrx_word' id='word_1_180' title='bbox 273 1975 419 2015; x_wconf 85' lang='lat' dir='ltr'>adjuvari</span> <span class='ocrx_word' id='word_1_181' title='bbox 435 1985 495 2016; x_wconf 90' lang='lat' dir='ltr'>per</span> <span class='ocrx_word' id='word_1_182' title='bbox 510 1974 688 2006; x_wconf 89' lang='lat' dir='ltr'>Charinum</span> <span class='ocrx_word' id='word_1_183' title='bbox 704 1980 737 2005; x_wconf 90' lang='lat' dir='ltr'>et</span> <span class='ocrx_word' id='word_1_184' title='bbox 762 1975 844 2015; x_wconf 86' lang='lat' dir='ltr'>Byr-</span> 
     </span>
     <span class='ocr_line' id='line_1_36' title="bbox 94 2016 846 2058; baseline -0.003 -8"><span class='ocrx_word' id='word_1_185' title='bbox 94 2018 209 2050; x_wconf 79' lang='lat' dir='ltr'>rhiam.</span> <span class='ocrx_word' id='word_1_186' title='bbox 243 2018 381 2049; x_wconf 85' lang='lat' dir='ltr'>D.—1&#39;u</span> <span class='ocrx_word' id='word_1_187' title='bbox 403 2020 559 2057; x_wconf 76' lang='lat' dir='ltr'>impudens</span> <span class='ocrx_word' id='word_1_188' title='bbox 581 2029 637 2048; x_wconf 81' lang='lat' dir='ltr'>non</span> <span class='ocrx_word' id='word_1_189' title='bbox 658 2016 753 2058; x_wconf 71' lang='lat' dir='ltr'>satis]</span> <span class='ocrx_word' id='word_1_190' title='bbox 778 2017 846 2048; x_wconf 85' lang='lat' dir='ltr'>Scit</span> 
     </span>
     <span class='ocr_line' id='line_1_37' title="bbox 96 2060 844 2102; baseline -0.003 -9"><span class='ocrx_word' id='word_1_191' title='bbox 96 2061 210 2096; x_wconf 79' lang='lat' dir='ltr'>Davus</span> <span class='ocrx_word' id='word_1_192' title='bbox 220 2061 298 2102; x_wconf 91' lang='lat' dir='ltr'>quid</span> <span class='ocrx_word' id='word_1_193' title='bbox 310 2061 442 2102; x_wconf 86' lang='lat' dir='ltr'>petierit</span> <span class='ocrx_word' id='word_1_194' title='bbox 454 2060 616 2091; x_wconf 82' lang='lat' dir='ltr'>Charinus</span> <span class='ocrx_word' id='word_1_195' title='bbox 628 2070 648 2091; x_wconf 88' lang='lat' dir='ltr'>a</span> <span class='ocrx_word' id='word_1_196' title='bbox 663 2060 844 2102; x_wconf 89' lang='lat' dir='ltr'>Pamphilo,</span> 
     </span>
     <span class='ocr_line' id='line_1_38' title="bbox 95 2103 845 2145; baseline -0.003 -9"><span class='ocrx_word' id='word_1_197' title='bbox 95 2111 129 2136; x_wconf 87' lang='lat' dir='ltr'>et</span> <span class='ocrx_word' id='word_1_198' title='bbox 159 2103 280 2135; x_wconf 89' lang='lat' dir='ltr'>idcirco</span> <span class='ocrx_word' id='word_1_199' title='bbox 317 2104 540 2145; x_wconf 87' lang='lat' dir='ltr'>impudentem</span> <span class='ocrx_word' id='word_1_200' title='bbox 577 2103 728 2144; x_wconf 84' lang='lat' dir='ltr'>appellat,</span> <span class='ocrx_word' id='word_1_201' title='bbox 759 2103 845 2143; x_wconf 87' lang='lat' dir='ltr'>quod</span> 
     </span>
     <span class='ocr_line' id='line_1_39' title="bbox 94 2146 844 2188; baseline -0.003 -10"><span class='ocrx_word' id='word_1_202' title='bbox 94 2147 234 2188; x_wconf 86' lang='lat' dir='ltr'>amplius</span> <span class='ocrx_word' id='word_1_203' title='bbox 246 2153 335 2188; x_wconf 87' lang='lat' dir='ltr'>petat</span> <span class='ocrx_word' id='word_1_204' title='bbox 349 2157 446 2187; x_wconf 89' lang='lat' dir='ltr'>quam</span> <span class='ocrx_word' id='word_1_205' title='bbox 461 2154 537 2177; x_wconf 89' lang='lat' dir='ltr'>ante</span> <span class='ocrx_word' id='word_1_206' title='bbox 552 2146 759 2183; x_wconf 88' lang='lat' dir='ltr'>desideravit,</span> <span class='ocrx_word' id='word_1_207' title='bbox 775 2148 844 2177; x_wconf 82' lang='lat' dir='ltr'>Sal—</span> 
     </span>
     <span class='ocr_line' id='line_1_40' title="bbox 95 2187 844 2230; baseline -0.003 -9"><span class='ocrx_word' id='word_1_208' title='bbox 95 2192 150 2221; x_wconf 69' lang='lat' dir='ltr'>tim</span> <span class='ocrx_word' id='word_1_209' title='bbox 165 2192 281 2230; x_wconf 71' lang='lat' dir='ltr'>aliquot</span> <span class='ocrx_word' id='word_1_210' title='bbox 294 2192 360 2220; x_wconf 74' lang='lat' dir='ltr'>dies</span> <span class='ocrx_word' id='word_1_211' title='bbox 369 2187 483 2230; x_wconf 61' lang='lat' dir='ltr'>profer,</span> <span class='ocrx_word' id='word_1_212' title='bbox 506 2191 577 2220; x_wconf 74' lang='lat' dir='ltr'>dum</span> <span class='ocrx_word' id='word_1_213' title='bbox 595 2191 770 2229; x_wconf 77' lang='lat' dir='ltr'>proficiscar</span> <span class='ocrx_word' id='word_1_214' title='bbox 784 2191 844 2220; x_wconf 71' lang='lat' dir='ltr'>ali-</span> 
     </span>
     <span class='ocr_line' id='line_1_41' title="bbox 94 2232 843 2273; baseline -0.001 -9"><span class='ocrx_word' id='word_1_215' title='bbox 94 2243 162 2273; x_wconf 72' lang='lat' dir='ltr'>quo,</span> <span class='ocrx_word' id='word_1_216' title='bbox 183 2244 221 2264; x_wconf 75' lang='lat' dir='ltr'>se</span> <span class='ocrx_word' id='word_1_217' title='bbox 240 2234 367 2264; x_wconf 69' lang='lat' dir='ltr'>videam.</span> <span class='ocrx_word' id='word_1_218' title='bbox 418 2232 641 2263; x_wconf 72' lang='lat' dir='ltr'>Veruntamen</span> <span class='ocrx_word' id='word_1_219' title='bbox 667 2238 733 2263; x_wconf 80' lang='lat' dir='ltr'>stat</span> <span class='ocrx_word' id='word_1_220' title='bbox 758 2232 843 2263; x_wconf 86' lang='lat' dir='ltr'>Cha-</span> 
     </span>
     <span class='ocr_line' id='line_1_42' title="bbox 94 2275 845 2316; baseline -0.001 -9"><span class='ocrx_word' id='word_1_221' title='bbox 94 2275 187 2307; x_wconf 81' lang='lat' dir='ltr'>rinus</span> <span class='ocrx_word' id='word_1_222' title='bbox 200 2275 372 2307; x_wconf 82' lang='lat' dir='ltr'>consilium</span> <span class='ocrx_word' id='word_1_223' title='bbox 388 2281 555 2316; x_wconf 84' lang='lat' dir='ltr'>expetens,</span> <span class='ocrx_word' id='word_1_224' title='bbox 571 2285 637 2306; x_wconf 92' lang='lat' dir='ltr'>non</span> <span class='ocrx_word' id='word_1_225' title='bbox 661 2281 786 2306; x_wconf 83' lang='lat' dir='ltr'>tantum</span> <span class='ocrx_word' id='word_1_226' title='bbox 808 2283 845 2306; x_wconf 90' lang='lat' dir='ltr'>ut</span> 
     </span>
     <span class='ocr_line' id='line_1_43' title="bbox 94 2317 842 2360; baseline -0.001 -11"><span class='ocrx_word' id='word_1_227' title='bbox 94 2317 222 2349; x_wconf 82' lang='lat' dir='ltr'>differat</span> <span class='ocrx_word' id='word_1_228' title='bbox 233 2318 373 2360; x_wconf 89' lang='lat' dir='ltr'>nuptias,</span> <span class='ocrx_word' id='word_1_229' title='bbox 387 2317 445 2349; x_wconf 79' lang='lat' dir='ltr'>sed</span> <span class='ocrx_word' id='word_1_230' title='bbox 456 2326 493 2349; x_wconf 92' lang='lat' dir='ltr'>ut</span> <span class='ocrx_word' id='word_1_231' title='bbox 504 2317 574 2359; x_wconf 85' lang='lat' dir='ltr'>ipse</span> <span class='ocrx_word' id='word_1_232' title='bbox 585 2317 683 2348; x_wconf 89' lang='lat' dir='ltr'>ducat</span> <span class='ocrx_word' id='word_1_233' title='bbox 698 2328 842 2349; x_wconf 82' lang='lat' dir='ltr'>uxorem.</span> 
     </span>
     <span class='ocr_line' id='line_1_44' title="bbox 96 2360 841 2402; baseline -0.001 -10"><span class='ocrx_word' id='word_1_234' title='bbox 96 2360 187 2392; x_wconf 82' lang='lat' dir='ltr'>Hinc</span> <span class='ocrx_word' id='word_1_235' title='bbox 198 2367 378 2402; x_wconf 88' lang='lat' dir='ltr'>sequuntur</span> <span class='ocrx_word' id='word_1_236' title='bbox 389 2361 644 2402; x_wconf 80' lang='lat' dir='ltr'>interruptiones</span> <span class='ocrx_word' id='word_1_237' title='bbox 658 2371 754 2401; x_wconf 89' lang='lat' dir='ltr'>quam</span> <span class='ocrx_word' id='word_1_238' title='bbox 767 2360 841 2402; x_wconf 85' lang='lat' dir='ltr'>plu-</span> 
     </span>
     <span class='ocr_line' id='line_1_45' title="bbox 94 2403 842 2444; baseline -0.001 -9"><span class='ocrx_word' id='word_1_239' title='bbox 94 2403 194 2435; x_wconf 67' lang='lat' dir='ltr'>rime.</span> <span class='ocrx_word' id='word_1_240' title='bbox 226 2404 383 2435; x_wconf 72' lang='lat' dir='ltr'>E.—Non</span> <span class='ocrx_word' id='word_1_241' title='bbox 397 2406 474 2435; x_wconf 72' lang='lat' dir='ltr'>satis</span> <span class='ocrx_word' id='word_1_242' title='bbox 487 2403 596 2444; x_wconf 68' lang='lat' dir='ltr'>habes]</span> <span class='ocrx_word' id='word_1_243' title='bbox 613 2403 769 2435; x_wconf 86' lang='lat' dir='ltr'>Priscian.</span> <span class='ocrx_word' id='word_1_244' title='bbox 787 2403 842 2434; x_wconf 89' lang='lat' dir='ltr'>lib.</span> 
     </span>
     <span class='ocr_line' id='line_1_46' title="bbox 94 2448 843 2487; baseline -0.001 -9"><span class='ocrx_word' id='word_1_245' title='bbox 94 2456 126 2477; x_wconf 81' lang='lat' dir='ltr'>v.</span> <span class='ocrx_word' id='word_1_246' title='bbox 164 2448 232 2478; x_wconf 69' lang='lat' dir='ltr'>Eho</span> <span class='ocrx_word' id='word_1_247' title='bbox 243 2449 408 2487; x_wconf 70' lang='lat' dir='ltr'>inpudens,</span> <span class='ocrx_word' id='word_1_248' title='bbox 422 2458 479 2478; x_wconf 74' lang='lat' dir='ltr'>non</span> <span class='ocrx_word' id='word_1_249' title='bbox 490 2452 540 2478; x_wconf 71' lang='lat' dir='ltr'>sat</span> <span class='ocrx_word' id='word_1_250' title='bbox 551 2448 651 2478; x_wconf 77' lang='lat' dir='ltr'>habes.</span> <span class='ocrx_word' id='word_1_251' title='bbox 684 2448 843 2478; x_wconf 72' lang='lat' dir='ltr'>Dice-ulam</span> 
     </span>
     <span class='ocr_line' id='line_1_47' title="bbox 94 2488 844 2530; baseline 0 -10"><span class='ocrx_word' id='word_1_252' title='bbox 94 2488 191 2530; x_wconf 74' lang='lat' dir='ltr'>addo]</span> <span class='ocrx_word' id='word_1_253' title='bbox 208 2489 375 2521; x_wconf 81' lang='lat' dir='ltr'>Charisius</span> <span class='ocrx_word' id='word_1_254' title='bbox 390 2489 473 2521; x_wconf 85' lang='lat' dir='ltr'>libro</span> <span class='ocrx_word' id='word_1_255' title='bbox 488 2489 509 2520; x_wconf 85' lang='lat' dir='ltr'>i.</span> <span class='ocrx_word' id='word_1_256' title='bbox 552 2491 635 2523; x_wconf 75' lang='lat' dir='ltr'>Quid</span> <span class='ocrx_word' id='word_1_257' title='bbox 647 2491 676 2521; x_wconf 70' lang='grc' dir='ltr'>εἰ</span> <span class='ocrx_word' id='word_1_258' title='bbox 691 2491 749 2521; x_wconf 74' lang='lat' dir='ltr'>tibi</span> <span class='ocrx_word' id='word_1_259' title='bbox 763 2491 844 2521; x_wconf 81' lang='lat' dir='ltr'>addo</span> 
     </span>
     <span class='ocr_line' id='line_1_48' title="bbox 94 2533 318 2564; baseline 0 -1"><span class='ocrx_word' id='word_1_260' title='bbox 94 2534 251 2564; x_wconf 71' lang='lat' dir='ltr'>diecula-⁸.</span> <span class='ocrx_word' id='word_1_261' title='bbox 282 2533 318 2563; x_wconf 90' lang='lat' dir='ltr'>L.</span> 
     </span>
    </p>

    <p class='ocr_par' dir='ltr' id='par_1_21' title="bbox 45 2574 843 2830">
     <span class='ocr_line' id='line_1_49' title="bbox 139 2574 838 2616; baseline 0.001 -11"><span class='ocrx_word' id='word_1_262' title='bbox 139 2576 191 2605; x_wconf 87' lang='grc'>28.</span> <span class='ocrx_word' id='word_1_263' title='bbox 215 2574 390 2616; x_wconf 71' lang='lat' dir='ltr'>Pro-oneo]</span> <span class='ocrx_word' id='word_1_264' title='bbox 408 2574 541 2607; x_wconf 82' lang='lat' dir='ltr'>Differo.</span> <span class='ocrx_word' id='word_1_265' title='bbox 578 2576 739 2607; x_wconf 66' lang='lat' dir='ltr'>Promoveo</span> <span class='ocrx_word' id='word_1_266' title='bbox 760 2586 838 2615; x_wconf 82' lang='lat' dir='ltr'>nup-</span> 
     </span>
     <span class='ocr_line' id='line_1_50' title="bbox 45 2616 840 2658; baseline 0.003 -11"><span class='ocrx_word' id='word_1_267' title='bbox 45 2621 53 2625; x_wconf 87' lang='grc'><em>”</em></span> <span class='ocrx_word' id='word_1_268' title='bbox 95 2619 156 2648; x_wconf 72' lang='lat' dir='ltr'>11oe</span> <span class='ocrx_word' id='word_1_269' title='bbox 165 2616 200 2658; x_wconf 72' lang='lat'>2]</span> <span class='ocrx_word' id='word_1_270' title='bbox 217 2617 408 2648; x_wconf 80' lang='lat' dir='ltr'>Memoriter</span> <span class='ocrx_word' id='word_1_271' title='bbox 419 2618 550 2654; x_wconf 67' lang='lat' dir='ltr'>Davusz</span> <span class='ocrx_word' id='word_1_272' title='bbox 573 2618 635 2650; x_wconf 86' lang='lat' dir='ltr'>scit</span> <span class='ocrx_word' id='word_1_273' title='bbox 646 2618 734 2649; x_wconf 89' lang='lat' dir='ltr'>enim</span> <span class='ocrx_word' id='word_1_274' title='bbox 748 2617 840 2649; x_wconf 87' lang='lat' dir='ltr'>illum</span> 
     </span>
     <span class='ocr_line' id='line_1_51' title="bbox 94 2659 839 2702; baseline 0.001 -11"><span class='ocrx_word' id='word_1_275' title='bbox 94 2659 147 2691; x_wconf 84' lang='lat' dir='ltr'>his</span> <span class='ocrx_word' id='word_1_276' title='bbox 162 2659 270 2692; x_wconf 80' lang='lat' dir='ltr'>verbis</span> <span class='ocrx_word' id='word_1_277' title='bbox 283 2659 414 2701; x_wconf 81' lang='lat' dir='ltr'>petisse,</span> <span class='ocrx_word' id='word_1_278' title='bbox 428 2662 542 2692; x_wconf 77' lang='lat' dir='ltr'>Saltem</span> <span class='ocrx_word' id='word_1_279' title='bbox 556 2663 673 2702; x_wconf 69' lang='lat' dir='ltr'>aliquot</span> <span class='ocrx_word' id='word_1_280' title='bbox 686 2663 752 2692; x_wconf 77' lang='lat' dir='ltr'>dies</span> <span class='ocrx_word' id='word_1_281' title='bbox 766 2672 839 2701; x_wconf 77' lang='lat' dir='ltr'>pro-</span> 
     </span>
     <span class='ocr_line' id='line_1_52' title="bbox 86 2702 839 2744; baseline 0.001 -10"><span class='ocrx_word' id='word_1_282' title='bbox 86 2702 150 2743; x_wconf 83' lang='lat' dir='ltr'>ser,</span> <span class='ocrx_word' id='word_1_283' title='bbox 167 2704 238 2734; x_wconf 76' lang='lat' dir='ltr'>dum</span> <span class='ocrx_word' id='word_1_284' title='bbox 250 2704 424 2742; x_wconf 59' lang='lat' dir='ltr'>prffeaxar</span> <span class='ocrx_word' id='word_1_285' title='bbox 438 2705 549 2744; x_wconf 69' lang='lat' dir='ltr'>aliquo,</span> <span class='ocrx_word' id='word_1_286' title='bbox 564 2715 602 2735; x_wconf 77' lang='lat' dir='ltr'>ne</span> <span class='ocrx_word' id='word_1_287' title='bbox 615 2706 741 2736; x_wconf 59' lang='lat' dir='ltr'>videon</span> <span class='ocrx_word' id='word_1_288' title='bbox 773 2704 839 2735; x_wconf 90' lang='lat' dir='ltr'>Cu·</span> 
     </span>
     <span class='ocr_line' id='line_1_53' title="bbox 89 2745 843 2786; baseline 0.001 -9"><span class='ocrx_word' id='word_1_289' title='bbox 89 2747 145 2786; x_wconf 85' lang='lat' dir='ltr'>jus</span> <span class='ocrx_word' id='word_1_290' title='bbox 166 2745 215 2776; x_wconf 87' lang='lat' dir='ltr'>rei</span> <span class='ocrx_word' id='word_1_291' title='bbox 237 2745 357 2776; x_wconf 85' lang='lat' dir='ltr'>oblitus</span> <span class='ocrx_word' id='word_1_292' title='bbox 378 2745 550 2784; x_wconf 78' lang='lat' dir='ltr'>Charinus,</span> <span class='ocrx_word' id='word_1_293' title='bbox 567 2746 666 2778; x_wconf 87' lang='lat' dir='ltr'>etiam</span> <span class='ocrx_word' id='word_1_294' title='bbox 687 2754 725 2778; x_wconf 89' lang='lat' dir='ltr'>ut</span> <span class='ocrx_word' id='word_1_295' title='bbox 745 2747 843 2778; x_wconf 84' lang='lat' dir='ltr'>ducat</span> 
     </span>
     <span class='ocr_line' id='line_1_54' title="bbox 93 2788 424 2830; baseline -0.006 -10"><span class='ocrx_word' id='word_1_296' title='bbox 93 2798 240 2825; x_wconf 85' lang='lat' dir='ltr'>uxorem,</span> <span class='ocrx_word' id='word_1_297' title='bbox 257 2788 348 2830; x_wconf 85' lang='lat' dir='ltr'>petit.</span> <span class='ocrx_word' id='word_1_298' title='bbox 381 2788 424 2819; x_wconf 90' lang='lat' dir='ltr'>D.</span> 
     </span>
    </p>

    <p class='ocr_par' dir='ltr' id='par_1_22' title="bbox 96 2830 842 2949">
     <span class='ocr_line' id='line_1_55' title="bbox 139 2830 842 2871; baseline 0.001 -9"><span class='ocrx_word' id='word_1_299' title='bbox 139 2832 190 2863; x_wconf 83' lang='lat'>29.</span> <span class='ocrx_word' id='word_1_300' title='bbox 214 2830 406 2871; x_wconf 68' lang='lat' dir='ltr'>Ridiculum]</span> <span class='ocrx_word' id='word_1_301' title='bbox 432 2830 544 2868; x_wconf 80' lang='lat' dir='ltr'>Deest,</span> <span class='ocrx_word' id='word_1_302' title='bbox 568 2833 722 2863; x_wconf 61' lang='lat' dir='ltr'>hou-ineu.</span> <span class='ocrx_word' id='word_1_303' title='bbox 753 2832 842 2863; x_wconf 84' lang='lat' dir='ltr'>D.—</span> 
     </span>
     <span class='ocr_line' id='line_1_56' title="bbox 96 2873 840 2914; baseline 0.003 -9"><span class='ocrx_word' id='word_1_304' title='bbox 96 2873 173 2905; x_wconf 90' lang='lat' dir='ltr'>Duo</span> <span class='ocrx_word' id='word_1_305' title='bbox 187 2884 206 2905; x_wconf 91' lang='lat' dir='ltr'>e</span> <span class='ocrx_word' id='word_1_306' title='bbox 228 2873 348 2905; x_wconf 86' lang='lat' dir='ltr'>nostris</span> <span class='ocrx_word' id='word_1_307' title='bbox 363 2873 584 2910; x_wconf 82' lang='lat' dir='ltr'>vetustissimi,</span> <span class='ocrx_word' id='word_1_308' title='bbox 599 2876 642 2905; x_wconf 79' lang='lat' dir='ltr'>ad</span> <span class='ocrx_word' id='word_1_309' title='bbox 661 2886 707 2906; x_wconf 66' lang='lat' dir='ltr'>ne</span> <span class='ocrx_word' id='word_1_310' title='bbox 728 2877 840 2914; x_wconf 68' lang='lat' dir='ltr'>mian,</span> 
     </span>
     <span class='ocr_line' id='line_1_57' title="bbox 96 2916 573 2949; baseline -0.002 -1"><span class='ocrx_word' id='word_1_311' title='bbox 96 2916 215 2949; x_wconf 82' lang='lat' dir='ltr'>omisso</span> <span class='ocrx_word' id='word_1_312' title='bbox 230 2922 285 2948; x_wconf 79' lang='lat' dir='ltr'>ut:</span> <span class='ocrx_word' id='word_1_313' title='bbox 308 2916 508 2948; x_wconf 88' lang='lat' dir='ltr'>concinnius.</span> <span class='ocrx_word' id='word_1_314' title='bbox 536 2917 573 2948; x_wconf 90' lang='grc' dir='ltr'>Β.</span> 
     </span>
    </p>

    <p class='ocr_par' dir='ltr' id='par_1_23' title="bbox 140 2959 843 3001">
     <span class='ocr_line' id='line_1_58' title="bbox 140 2959 843 3001; baseline 0.004 -11"><span class='ocrx_word' id='word_1_315' title='bbox 140 2961 191 2991; x_wconf 82' lang='grc'>30.</span> <span class='ocrx_word' id='word_1_316' title='bbox 214 2962 293 3001; x_wconf 76' lang='lat' dir='ltr'>Age,</span> <span class='ocrx_word' id='word_1_317' title='bbox 316 2959 450 3001; x_wconf 72' lang='lat' dir='ltr'>veniam}</span> <span class='ocrx_word' id='word_1_318' title='bbox 471 2959 537 2991; x_wconf 78' lang='lat' dir='ltr'>Vix</span> <span class='ocrx_word' id='word_1_319' title='bbox 553 2960 770 2999; x_wconf 78' lang='lat' dir='ltr'>concedentis,</span> <span class='ocrx_word' id='word_1_320' title='bbox 787 2961 843 2993; x_wconf 85' lang='lat' dir='ltr'>vix</span> 
     </span>
    </p>
   </div>
   <div class='ocr_carea' id='block_1_20' title="bbox 879 1375 1643 3004">
    <p class='ocr_par' dir='ltr' id='par_1_24' title="bbox 879 1375 1643 3001">
     <span class='ocr_line' id='line_1_59' title="bbox 892 1375 1511 1417; baseline 0.003 -11"><span class='ocrx_word' id='word_1_321' title='bbox 892 1375 1127 1407; x_wconf 85' lang='lat' dir='ltr'>consentientis</span> <span class='ocrx_word' id='word_1_322' title='bbox 1142 1382 1201 1412; x_wconf 88' lang='lat' dir='ltr'>est,</span> <span class='ocrx_word' id='word_1_323' title='bbox 1215 1378 1294 1417; x_wconf 83' lang='lat' dir='ltr'>Age,</span> <span class='ocrx_word' id='word_1_324' title='bbox 1309 1379 1435 1407; x_wconf 73' lang='lat' dir='ltr'>veniam.</span> <span class='ocrx_word' id='word_1_325' title='bbox 1468 1377 1511 1408; x_wconf 93' lang='lat' dir='ltr'>D.</span> 
     </span>
     <span class='ocr_line' id='line_1_60' title="bbox 936 1418 1643 1460; baseline 0.004 -11"><span class='ocrx_word' id='word_1_326' title='bbox 936 1420 987 1450; x_wconf 81' lang='lat'>31.</span> <span class='ocrx_word' id='word_1_327' title='bbox 1011 1420 1093 1450; x_wconf 87' lang='lat' dir='ltr'>Dum</span> <span class='ocrx_word' id='word_1_328' title='bbox 1110 1418 1197 1459; x_wconf 70' lang='lat' dir='ltr'>exeo]</span> <span class='ocrx_word' id='word_1_329' title='bbox 1215 1420 1245 1450; x_wconf 75' lang='lat' dir='ltr'>A</span> <span class='ocrx_word' id='word_1_330' title='bbox 1262 1419 1414 1460; x_wconf 89' lang='lat' dir='ltr'>Glycerio</span> <span class='ocrx_word' id='word_1_331' title='bbox 1436 1419 1569 1451; x_wconf 76' lang='lat' dir='ltr'>scilieet.</span> <span class='ocrx_word' id='word_1_332' title='bbox 1598 1421 1643 1452; x_wconf 90' lang='lat' dir='ltr'>D.</span> 
     </span>
     <span class='ocr_line' id='line_1_61' title="bbox 890 1461 1642 1503; baseline 0.004 -12"><span class='ocrx_word' id='word_1_333' title='bbox 890 1462 1055 1492; x_wconf 89' lang='lat' dir='ltr'>—Deleto</span> <span class='ocrx_word' id='word_1_334' title='bbox 1067 1473 1121 1498; x_wconf 84' lang='lat' dir='ltr'>me,</span> <span class='ocrx_word' id='word_1_335' title='bbox 1134 1461 1231 1492; x_wconf 89' lang='lat' dir='ltr'>metri</span> <span class='ocrx_word' id='word_1_336' title='bbox 1242 1461 1332 1503; x_wconf 86' lang='lat' dir='ltr'>leges</span> <span class='ocrx_word' id='word_1_337' title='bbox 1347 1462 1445 1494; x_wconf 71' lang='lat' dir='ltr'>salva·</span> <span class='ocrx_word' id='word_1_338' title='bbox 1462 1469 1568 1494; x_wconf 87' lang='lat' dir='ltr'>erunt.</span> <span class='ocrx_word' id='word_1_339' title='bbox 1602 1464 1642 1495; x_wconf 89' lang='lat' dir='ltr'>B.</span> 
     </span>
     <span class='ocr_line' id='line_1_62' title="bbox 938 1505 1641 1547; baseline 0.004 -13"><span class='ocrx_word' id='word_1_340' title='bbox 938 1505 964 1535; x_wconf 88' lang='lat' dir='ltr'>l.</span> <span class='ocrx_word' id='word_1_341' title='bbox 1000 1506 1128 1535; x_wconf 78' lang='lat' dir='ltr'>Nihilne</span> <span class='ocrx_word' id='word_1_342' title='bbox 1165 1515 1228 1535; x_wconf 75' lang='lat' dir='ltr'>esse</span> <span class='ocrx_word' id='word_1_343' title='bbox 1260 1507 1419 1544; x_wconf 78' lang='lat' dir='ltr'>proprium</span> <span class='ocrx_word' id='word_1_344' title='bbox 1455 1508 1595 1546; x_wconf 67' lang='lat' dir='ltr'>cuiquam</span> <span class='ocrx_word' id='word_1_345' title='bbox 1605 1506 1641 1547; x_wconf 83' lang='lat'>?]</span> 
     </span>
     <span class='ocr_line' id='line_1_63' title="bbox 894 1547 1642 1587; baseline 0.003 -9"><span class='ocrx_word' id='word_1_346' title='bbox 894 1547 973 1578; x_wconf 84' lang='lat' dir='ltr'>Haec</span> <span class='ocrx_word' id='word_1_347' title='bbox 990 1557 1088 1578; x_wconf 86' lang='lat' dir='ltr'>scena</span> <span class='ocrx_word' id='word_1_348' title='bbox 1109 1547 1423 1578; x_wconf 80' lang='lat' dir='ltr'>administrationem</span> <span class='ocrx_word' id='word_1_349' title='bbox 1446 1548 1512 1579; x_wconf 91' lang='lat' dir='ltr'>doli</span> <span class='ocrx_word' id='word_1_350' title='bbox 1534 1549 1642 1587; x_wconf 77' lang='lat' dir='ltr'>habet,</span> 
     </span>
     <span class='ocr_line' id='line_1_64' title="bbox 890 1590 1643 1630; baseline 0.003 -10"><span class='ocrx_word' id='word_1_351' title='bbox 890 1600 954 1630; x_wconf 86' lang='lat' dir='ltr'>quo</span> <span class='ocrx_word' id='word_1_352' title='bbox 984 1590 1022 1620; x_wconf 89' lang='lat' dir='ltr'>fit</span> <span class='ocrx_word' id='word_1_353' title='bbox 1052 1596 1088 1620; x_wconf 89' lang='lat' dir='ltr'>ut</span> <span class='ocrx_word' id='word_1_354' title='bbox 1116 1590 1319 1620; x_wconf 87' lang='lat' dir='ltr'>deterreatur</span> <span class='ocrx_word' id='word_1_355' title='bbox 1346 1590 1512 1628; x_wconf 86' lang='lat' dir='ltr'>Chremes,</span> <span class='ocrx_word' id='word_1_356' title='bbox 1540 1591 1643 1622; x_wconf 84' lang='lat' dir='ltr'>filiam</span> 
     </span>
     <span class='ocr_line' id='line_1_65' title="bbox 889 1632 1641 1674; baseline 0.003 -11"><span class='ocrx_word' id='word_1_357' title='bbox 889 1642 981 1664; x_wconf 86' lang='lat' dir='ltr'>suam</span> <span class='ocrx_word' id='word_1_358' title='bbox 999 1632 1169 1674; x_wconf 88' lang='lat' dir='ltr'>Pamphilo</span> <span class='ocrx_word' id='word_1_359' title='bbox 1184 1632 1271 1663; x_wconf 87' lang='lat' dir='ltr'>dare.</span> <span class='ocrx_word' id='word_1_360' title='bbox 1311 1632 1355 1663; x_wconf 83' lang='lat' dir='ltr'>Et</span> <span class='ocrx_word' id='word_1_361' title='bbox 1372 1632 1446 1663; x_wconf 89' lang='lat' dir='ltr'>vide</span> <span class='ocrx_word' id='word_1_362' title='bbox 1461 1643 1527 1664; x_wconf 92' lang='lat' dir='ltr'>non</span> <span class='ocrx_word' id='word_1_363' title='bbox 1542 1634 1641 1665; x_wconf 89' lang='lat' dir='ltr'>mini-</span> 
     </span>
     <span class='ocr_line' id='line_1_66' title="bbox 890 1675 1641 1717; baseline 0.003 -11"><span class='ocrx_word' id='word_1_364' title='bbox 890 1686 959 1706; x_wconf 91' lang='lat' dir='ltr'>mas</span> <span class='ocrx_word' id='word_1_365' title='bbox 973 1682 1083 1716; x_wconf 87' lang='lat' dir='ltr'>partes</span> <span class='ocrx_word' id='word_1_366' title='bbox 1098 1675 1133 1706; x_wconf 89' lang='lat' dir='ltr'>in</span> <span class='ocrx_word' id='word_1_367' title='bbox 1148 1675 1207 1706; x_wconf 87' lang='lat' dir='ltr'>hac</span> <span class='ocrx_word' id='word_1_368' title='bbox 1221 1675 1380 1706; x_wconf 82' lang='lat' dir='ltr'>comoedia</span> <span class='ocrx_word' id='word_1_369' title='bbox 1402 1676 1524 1717; x_wconf 86' lang='lat' dir='ltr'>Mysidi</span> <span class='ocrx_word' id='word_1_370' title='bbox 1547 1677 1641 1708; x_wconf 86' lang='lat' dir='ltr'>attri-</span> 
     </span>
     <span class='ocr_line' id='line_1_67' title="bbox 888 1718 1641 1759; baseline 0.003 -10"><span class='ocrx_word' id='word_1_371' title='bbox 888 1719 955 1756; x_wconf 91' lang='lat' dir='ltr'>bui,</span> <span class='ocrx_word' id='word_1_372' title='bbox 971 1718 1032 1749; x_wconf 89' lang='lat' dir='ltr'>hoc</span> <span class='ocrx_word' id='word_1_373' title='bbox 1047 1725 1107 1755; x_wconf 88' lang='lat' dir='ltr'>est,</span> <span class='ocrx_word' id='word_1_374' title='bbox 1122 1728 1270 1759; x_wconf 77' lang='lat' dir='ltr'>personae</span> <span class='ocrx_word' id='word_1_375' title='bbox 1290 1718 1455 1749; x_wconf 63' lang='lat' dir='ltr'>femineae:</span> <span class='ocrx_word' id='word_1_376' title='bbox 1480 1719 1550 1750; x_wconf 85' lang='lat' dir='ltr'>sive</span> <span class='ocrx_word' id='word_1_377' title='bbox 1571 1720 1641 1751; x_wconf 82' lang='lat' dir='ltr'>haec</span> 
     </span>
     <span class='ocr_line' id='line_1_68' title="bbox 889 1760 1641 1802; baseline 0.003 -10"><span class='ocrx_word' id='word_1_378' title='bbox 889 1761 1072 1802; x_wconf 83' lang='lat' dir='ltr'>personatis</span> <span class='ocrx_word' id='word_1_379' title='bbox 1087 1760 1167 1792; x_wconf 87' lang='lat' dir='ltr'>viris</span> <span class='ocrx_word' id='word_1_380' title='bbox 1189 1761 1306 1802; x_wconf 85' lang='lat' dir='ltr'>agitur,</span> <span class='ocrx_word' id='word_1_381' title='bbox 1328 1769 1365 1792; x_wconf 90' lang='lat' dir='ltr'>ut</span> <span class='ocrx_word' id='word_1_382' title='bbox 1386 1761 1474 1802; x_wconf 84' lang='lat' dir='ltr'>apud</span> <span class='ocrx_word' id='word_1_383' title='bbox 1493 1769 1641 1799; x_wconf 67' lang='lat' dir='ltr'>veteresz</span> 
     </span>
     <span class='ocr_line' id='line_1_69' title="bbox 889 1803 1639 1845; baseline 0.003 -11"><span class='ocrx_word' id='word_1_384' title='bbox 889 1804 958 1835; x_wconf 88' lang='lat' dir='ltr'>sive</span> <span class='ocrx_word' id='word_1_385' title='bbox 990 1814 1050 1845; x_wconf 90' lang='lat' dir='ltr'>per</span> <span class='ocrx_word' id='word_1_386' title='bbox 1080 1803 1260 1840; x_wconf 89' lang='lat' dir='ltr'>mulierem,</span> <span class='ocrx_word' id='word_1_387' title='bbox 1291 1810 1329 1835; x_wconf 90' lang='lat' dir='ltr'>ut</span> <span class='ocrx_word' id='word_1_388' title='bbox 1365 1814 1452 1835; x_wconf 89' lang='lat' dir='ltr'>nunc</span> <span class='ocrx_word' id='word_1_389' title='bbox 1481 1804 1639 1837; x_wconf 84' lang='lat' dir='ltr'>videmus.</span> 
     </span>
     <span class='ocr_line' id='line_1_70' title="bbox 890 1845 1640 1888; baseline 0.003 -11"><span class='ocrx_word' id='word_1_390' title='bbox 890 1848 983 1877; x_wconf 72' lang='lat' dir='ltr'>Nihil</span> <span class='ocrx_word' id='word_1_391' title='bbox 1002 1845 1056 1887; x_wconf 86' lang='lat' dir='ltr'>ne]</span> <span class='ocrx_word' id='word_1_392' title='bbox 1085 1848 1145 1883; x_wconf 83' lang='lat' dir='ltr'>Ne,</span> <span class='ocrx_word' id='word_1_393' title='bbox 1168 1846 1356 1877; x_wconf 83' lang='lat' dir='ltr'>adverbium</span> <span class='ocrx_word' id='word_1_394' title='bbox 1386 1847 1640 1888; x_wconf 83' lang='lat' dir='ltr'>percunctantis.</span> 
     </span>
     <span class='ocr_line' id='line_1_71' title="bbox 889 1889 1640 1930; baseline 0.003 -11"><span class='ocrx_word' id='word_1_395' title='bbox 889 1891 1016 1920; x_wconf 70' lang='lat' dir='ltr'>Nihilne</span> <span class='ocrx_word' id='word_1_396' title='bbox 1039 1900 1103 1919; x_wconf 75' lang='lat' dir='ltr'>esse</span> <span class='ocrx_word' id='word_1_397' title='bbox 1125 1891 1282 1928; x_wconf 74' lang='lat' dir='ltr'>proprium</span> <span class='ocrx_word' id='word_1_398' title='bbox 1308 1891 1447 1929; x_wconf 72' lang='lat' dir='ltr'>cuiquam</span> <span class='ocrx_word' id='word_1_399' title='bbox 1459 1889 1494 1930; x_wconf 82' lang='lat'>.⁹]</span> <span class='ocrx_word' id='word_1_400' title='bbox 1531 1890 1640 1921; x_wconf 85' lang='lat' dir='ltr'>Omne</span> 
     </span>
     <span class='ocr_line' id='line_1_72' title="bbox 888 1931 1638 1974; baseline 0.003 -12"><span class='ocrx_word' id='word_1_401' title='bbox 888 1932 974 1972; x_wconf 90' lang='lat' dir='ltr'>quod</span> <span class='ocrx_word' id='word_1_402' title='bbox 988 1931 1154 1968; x_wconf 88' lang='lat' dir='ltr'>habemus,</span> <span class='ocrx_word' id='word_1_403' title='bbox 1170 1938 1227 1962; x_wconf 87' lang='lat' dir='ltr'>aut</span> <span class='ocrx_word' id='word_1_404' title='bbox 1242 1937 1392 1962; x_wconf 89' lang='lat' dir='ltr'>mutuum</span> <span class='ocrx_word' id='word_1_405' title='bbox 1407 1938 1466 1969; x_wconf 82' lang='lat' dir='ltr'>est,</span> <span class='ocrx_word' id='word_1_406' title='bbox 1483 1938 1540 1963; x_wconf 88' lang='lat' dir='ltr'>aut</span> <span class='ocrx_word' id='word_1_407' title='bbox 1560 1943 1638 1974; x_wconf 88' lang='lat' dir='ltr'>pro-</span> 
     </span>
     <span class='ocr_line' id='line_1_73' title="bbox 888 1973 1640 2026; baseline 0.004 -22"><span class='ocrx_word' id='word_1_408' title='bbox 888 1974 1006 2015; x_wconf 88' lang='lat' dir='ltr'>prium.</span> <span class='ocrx_word' id='word_1_409' title='bbox 1054 1973 1143 2014; x_wconf 85' lang='lat' dir='ltr'>Ergo</span> <span class='ocrx_word' id='word_1_410' title='bbox 1165 1976 1332 2014; x_wconf 72' lang='lat' dir='ltr'>proprium,</span> <span class='ocrx_word' id='word_1_411' title='bbox 1356 1981 1569 2026; x_wconf 72' lang='grc' dir='ltr'><strong>Ρετρεῑιιιιιιις</strong></span> <span class='ocrx_word' id='word_1_412' title='bbox 1602 1982 1640 2008; x_wconf 92' lang='lat' dir='ltr'>ut</span> 
     </span>
     <span class='ocr_line' id='line_1_74' title="bbox 972 2016 1640 2056; baseline 0.005 -9.161"><span class='ocrx_word' id='word_1_413' title='bbox 972 2016 1083 2048; x_wconf 85' lang='lat' dir='ltr'>..AEn</span> <span class='ocrx_word' id='word_1_414' title='bbox 1100 2016 1141 2047; x_wconf 92' lang='lat' dir='ltr'>vi.</span> <span class='ocrx_word' id='word_1_415' title='bbox 1165 2017 1238 2049; x_wconf 87' lang='grc'><strong>872.</strong></span> <span class='ocrx_word' id='word_1_416' title='bbox 1269 2019 1398 2056; x_wconf 72' lang='lat' dir='ltr'>propria</span> <span class='ocrx_word' id='word_1_417' title='bbox 1424 2019 1488 2048; x_wconf 75' lang='lat' dir='ltr'>haec</span> <span class='ocrx_word' id='word_1_418' title='bbox 1508 2021 1537 2049; x_wconf 71' lang='lat' dir='ltr'>si</span> <span class='ocrx_word' id='word_1_419' title='bbox 1559 2020 1640 2050; x_wconf 78' lang='lat' dir='ltr'>dona</span> 
     </span>
     <span class='ocr_line' id='line_1_75' title="bbox 879 2017 1639 2101; baseline 0.004 -11"><span class='ocrx_word' id='word_1_420' title='bbox 879 2017 1024 2100; x_wconf 39' lang='lat' dir='ltr'>sxhaent.</span> <span class='ocrx_word' id='word_1_421' title='bbox 1063 2059 1152 2100; x_wconf 83' lang='lat' dir='ltr'>Ergo</span> <span class='ocrx_word' id='word_1_422' title='bbox 1167 2059 1249 2090; x_wconf 90' lang='lat' dir='ltr'>nihil</span> <span class='ocrx_word' id='word_1_423' title='bbox 1264 2060 1358 2091; x_wconf 89' lang='lat' dir='ltr'>nobis</span> <span class='ocrx_word' id='word_1_424' title='bbox 1375 2060 1544 2101; x_wconf 90' lang='lat' dir='ltr'>proprium</span> <span class='ocrx_word' id='word_1_425' title='bbox 1566 2071 1639 2093; x_wconf 68' lang='lat' dir='ltr'>esse</span> 
     </span>
     <span class='ocr_line' id='line_1_76' title="bbox 888 2102 1638 2144; baseline 0.003 -11"><span class='ocrx_word' id='word_1_426' title='bbox 888 2109 1014 2143; x_wconf 84' lang='lat' dir='ltr'>potest:</span> <span class='ocrx_word' id='word_1_427' title='bbox 1038 2102 1124 2142; x_wconf 90' lang='lat' dir='ltr'>quod</span> <span class='ocrx_word' id='word_1_428' title='bbox 1137 2102 1224 2133; x_wconf 87' lang='lat' dir='ltr'>enim</span> <span class='ocrx_word' id='word_1_429' title='bbox 1236 2112 1303 2133; x_wconf 90' lang='lat' dir='ltr'>non</span> <span class='ocrx_word' id='word_1_430' title='bbox 1317 2102 1389 2139; x_wconf 77' lang='lat' dir='ltr'>suit,</span> <span class='ocrx_word' id='word_1_431' title='bbox 1404 2113 1464 2134; x_wconf 86' lang='lat' dir='ltr'>nec</span> <span class='ocrx_word' id='word_1_432' title='bbox 1479 2113 1550 2135; x_wconf 79' lang='lat' dir='ltr'>esse</span> <span class='ocrx_word' id='word_1_433' title='bbox 1565 2104 1638 2144; x_wconf 83' lang='lat' dir='ltr'>qui-</span> 
     </span>
     <span class='ocr_line' id='line_1_77' title="bbox 889 2145 1639 2187; baseline 0.003 -11"><span class='ocrx_word' id='word_1_434' title='bbox 889 2146 963 2176; x_wconf 89' lang='lat' dir='ltr'>dem</span> <span class='ocrx_word' id='word_1_435' title='bbox 985 2151 1111 2186; x_wconf 79' lang='lat' dir='ltr'>potest3</span> <span class='ocrx_word' id='word_1_436' title='bbox 1142 2151 1198 2176; x_wconf 88' lang='lat' dir='ltr'>aut</span> <span class='ocrx_word' id='word_1_437' title='bbox 1219 2145 1306 2185; x_wconf 89' lang='lat' dir='ltr'>quod</span> <span class='ocrx_word' id='word_1_438' title='bbox 1327 2145 1410 2187; x_wconf 87' lang='lat' dir='ltr'>eripi</span> <span class='ocrx_word' id='word_1_439' title='bbox 1434 2152 1550 2187; x_wconf 76' lang='lat' dir='ltr'>potest,</span> <span class='ocrx_word' id='word_1_440' title='bbox 1572 2157 1639 2178; x_wconf 88' lang='lat' dir='ltr'>non</span> 
     </span>
     <span class='ocr_line' id='line_1_78' title="bbox 889 2187 1637 2230; baseline 0 -11"><span class='ocrx_word' id='word_1_441' title='bbox 889 2195 939 2219; x_wconf 87' lang='lat' dir='ltr'>est</span> <span class='ocrx_word' id='word_1_442' title='bbox 954 2195 1119 2219; x_wconf 83' lang='lat' dir='ltr'>nostrum:</span> <span class='ocrx_word' id='word_1_443' title='bbox 1144 2187 1207 2218; x_wconf 85' lang='lat' dir='ltr'>nisi</span> <span class='ocrx_word' id='word_1_444' title='bbox 1223 2187 1278 2219; x_wconf 88' lang='lat' dir='ltr'>illa</span> <span class='ocrx_word' id='word_1_445' title='bbox 1293 2198 1365 2229; x_wconf 85' lang='lat' dir='ltr'>quae</span> <span class='ocrx_word' id='word_1_446' title='bbox 1380 2188 1463 2229; x_wconf 88' lang='lat' dir='ltr'>eripi</span> <span class='ocrx_word' id='word_1_447' title='bbox 1479 2198 1545 2219; x_wconf 89' lang='lat' dir='ltr'>non</span> <span class='ocrx_word' id='word_1_448' title='bbox 1560 2199 1637 2230; x_wconf 79' lang='lat' dir='ltr'>pos-</span> 
     </span>
     <span class='ocr_line' id='line_1_79' title="bbox 887 2230 1637 2272; baseline 0.001 -10"><span class='ocrx_word' id='word_1_449' title='bbox 887 2237 974 2268; x_wconf 86' lang='lat' dir='ltr'>sunt,</span> <span class='ocrx_word' id='word_1_450' title='bbox 1004 2237 1041 2262; x_wconf 91' lang='lat' dir='ltr'>ut</span> <span class='ocrx_word' id='word_1_451' title='bbox 1075 2230 1245 2272; x_wconf 83' lang='lat' dir='ltr'>sapientia,</span> <span class='ocrx_word' id='word_1_452' title='bbox 1268 2230 1407 2270; x_wconf 80' lang='lat' dir='ltr'>justitia,</span> <span class='ocrx_word' id='word_1_453' title='bbox 1444 2231 1637 2272; x_wconf 64' lang='lat' dir='ltr'>prudentiaz</span> 
     </span>
     <span class='ocr_line' id='line_1_80' title="bbox 888 2273 1638 2316; baseline 0.001 -11"><span class='ocrx_word' id='word_1_454' title='bbox 888 2285 959 2315; x_wconf 79' lang='lat' dir='ltr'>quae</span> <span class='ocrx_word' id='word_1_455' title='bbox 983 2274 1113 2305; x_wconf 84' lang='lat' dir='ltr'>fortuna</span> <span class='ocrx_word' id='word_1_456' title='bbox 1136 2283 1241 2314; x_wconf 88' lang='lat' dir='ltr'>neque</span> <span class='ocrx_word' id='word_1_457' title='bbox 1266 2273 1354 2310; x_wconf 88' lang='lat' dir='ltr'>dare,</span> <span class='ocrx_word' id='word_1_458' title='bbox 1379 2283 1484 2314; x_wconf 89' lang='lat' dir='ltr'>neque</span> <span class='ocrx_word' id='word_1_459' title='bbox 1509 2274 1638 2316; x_wconf 88' lang='lat' dir='ltr'>eripere</span> 
     </span>
     <span class='ocr_line' id='line_1_81' title="bbox 887 2316 1637 2358; baseline 0.003 -10"><span class='ocrx_word' id='word_1_460' title='bbox 887 2317 1038 2358; x_wconf 86' lang='lat' dir='ltr'>cuiquam</span> <span class='ocrx_word' id='word_1_461' title='bbox 1053 2323 1171 2358; x_wconf 82' lang='lat' dir='ltr'>potest.</span> <span class='ocrx_word' id='word_1_462' title='bbox 1210 2316 1255 2347; x_wconf 91' lang='lat' dir='ltr'>Et</span> <span class='ocrx_word' id='word_1_463' title='bbox 1270 2316 1368 2347; x_wconf 88' lang='lat' dir='ltr'>simul</span> <span class='ocrx_word' id='word_1_464' title='bbox 1389 2316 1450 2348; x_wconf 90' lang='lat' dir='ltr'>hoc</span> <span class='ocrx_word' id='word_1_465' title='bbox 1473 2316 1580 2358; x_wconf 87' lang='lat' dir='ltr'>ipsum</span> <span class='ocrx_word' id='word_1_466' title='bbox 1603 2324 1637 2350; x_wconf 85' lang='lat' dir='ltr'>et</span> 
     </span>
     <span class='ocr_line' id='line_1_82' title="bbox 887 2359 1637 2401; baseline 0.001 -10"><span class='ocrx_word' id='word_1_467' title='bbox 887 2370 906 2390; x_wconf 85' lang='lat' dir='ltr'>a</span> <span class='ocrx_word' id='word_1_468' title='bbox 917 2370 963 2397; x_wconf 87' lang='lat' dir='ltr'>re,</span> <span class='ocrx_word' id='word_1_469' title='bbox 977 2366 1010 2391; x_wconf 87' lang='lat' dir='ltr'>et</span> <span class='ocrx_word' id='word_1_470' title='bbox 1025 2370 1044 2391; x_wconf 90' lang='lat' dir='ltr'>a</span> <span class='ocrx_word' id='word_1_471' title='bbox 1058 2369 1198 2401; x_wconf 88' lang='lat' dir='ltr'>persona</span> <span class='ocrx_word' id='word_1_472' title='bbox 1212 2359 1265 2390; x_wconf 87' lang='lat' dir='ltr'>hic</span> <span class='ocrx_word' id='word_1_473' title='bbox 1281 2359 1432 2390; x_wconf 81' lang='lat' dir='ltr'>ostendit.</span> <span class='ocrx_word' id='word_1_474' title='bbox 1470 2361 1502 2390; x_wconf 84' lang='lat' dir='ltr'>A</span> <span class='ocrx_word' id='word_1_475' title='bbox 1514 2370 1559 2397; x_wconf 86' lang='lat' dir='ltr'>re,</span> <span class='ocrx_word' id='word_1_476' title='bbox 1573 2361 1637 2392; x_wconf 65' lang='lat' dir='ltr'>Nn·-</span> 
     </span>
     <span class='ocr_line' id='line_1_83' title="bbox 886 2402 1635 2444; baseline 0.003 -11"><span class='ocrx_word' id='word_1_477' title='bbox 886 2405 968 2434; x_wconf 73' lang='lat' dir='ltr'>hilne</span> <span class='ocrx_word' id='word_1_478' title='bbox 983 2414 1046 2434; x_wconf 74' lang='lat' dir='ltr'>esse</span> <span class='ocrx_word' id='word_1_479' title='bbox 1057 2405 1214 2442; x_wconf 75' lang='lat' dir='ltr'>proprium</span> <span class='ocrx_word' id='word_1_480' title='bbox 1224 2405 1241 2432; x_wconf 73' lang='lat'>2</span> <span class='ocrx_word' id='word_1_481' title='bbox 1267 2402 1297 2433; x_wconf 87' lang='lat' dir='ltr'><strong>A</strong></span> <span class='ocrx_word' id='word_1_482' title='bbox 1314 2412 1462 2444; x_wconf 84' lang='lat' dir='ltr'>persona,</span> <span class='ocrx_word' id='word_1_483' title='bbox 1477 2404 1635 2444; x_wconf 61' lang='lat' dir='ltr'>Cuiquam.</span> 
     </span>
     <span class='ocr_line' id='line_1_84' title="bbox 886 2445 1637 2487; baseline 0.003 -11"><span class='ocrx_word' id='word_1_484' title='bbox 886 2445 1067 2486; x_wconf 79' lang='lat' dir='ltr'>Proprium]</span> <span class='ocrx_word' id='word_1_485' title='bbox 1086 2446 1294 2486; x_wconf 86' lang='lat' dir='ltr'>Perpetuum,</span> <span class='ocrx_word' id='word_1_486' title='bbox 1311 2455 1376 2476; x_wconf 91' lang='lat' dir='ltr'>non</span> <span class='ocrx_word' id='word_1_487' title='bbox 1399 2445 1577 2487; x_wconf 87' lang='lat' dir='ltr'>temporale</span> <span class='ocrx_word' id='word_1_488' title='bbox 1597 2456 1637 2478; x_wconf 73' lang='lat' dir='ltr'>ac</span> 
     </span>
     <span class='ocr_line' id='line_1_85' title="bbox 887 2488 1635 2527; baseline 0.003 -8"><span class='ocrx_word' id='word_1_489' title='bbox 887 2489 968 2527; x_wconf 81' lang='lat' dir='ltr'>(aut,</span> <span class='ocrx_word' id='word_1_490' title='bbox 986 2489 1050 2520; x_wconf 82' lang='lat' dir='ltr'>Ms.</span> <span class='ocrx_word' id='word_1_491' title='bbox 1068 2488 1191 2520; x_wconf 92' lang='lat' dir='ltr'>Boend.</span> <span class='ocrx_word' id='word_1_492' title='bbox 1209 2495 1242 2519; x_wconf 89' lang='lat' dir='ltr'>et</span> <span class='ocrx_word' id='word_1_493' title='bbox 1264 2488 1313 2519; x_wconf 89' lang='lat' dir='ltr'>ed.</span> <span class='ocrx_word' id='word_1_494' title='bbox 1333 2489 1387 2519; x_wconf 93' lang='lat' dir='ltr'>Du</span> <span class='ocrx_word' id='word_1_495' title='bbox 1404 2488 1459 2527; x_wconf 91' lang='lat' dir='ltr'>B.)</span> <span class='ocrx_word' id='word_1_496' title='bbox 1475 2495 1635 2521; x_wconf 87' lang='lat' dir='ltr'>mutuum.</span> 
     </span>
     <span class='ocr_line' id='line_1_86' title="bbox 886 2530 1636 2571; baseline 0.001 -8"><span class='ocrx_word' id='word_1_497' title='bbox 886 2533 931 2563; x_wconf 71' lang='lat' dir='ltr'>Da·</span> <span class='ocrx_word' id='word_1_498' title='bbox 941 2538 1070 2563; x_wconf 82' lang='lat' dir='ltr'>vostram</span> <span class='ocrx_word' id='word_1_499' title='bbox 1078 2533 1170 2571; x_wconf 80' lang='lat' dir='ltr'>fidem</span> <span class='ocrx_word' id='word_1_500' title='bbox 1180 2530 1211 2571; x_wconf 82' lang='lat'>.&#39;]</span> <span class='ocrx_word' id='word_1_501' title='bbox 1228 2531 1431 2562; x_wconf 85' lang='lat' dir='ltr'>Admirantis</span> <span class='ocrx_word' id='word_1_502' title='bbox 1446 2530 1636 2564; x_wconf 83' lang='lat' dir='ltr'>adverbium</span> 
     </span>
     <span class='ocr_line' id='line_1_87' title="bbox 883 2573 1635 2616; baseline 0.001 -11"><span class='ocrx_word' id='word_1_503' title='bbox 883 2585 957 2606; x_wconf 93' lang='lat' dir='ltr'>cum</span> <span class='ocrx_word' id='word_1_504' title='bbox 973 2574 1217 2605; x_wconf 86' lang='lat' dir='ltr'>exclamatione.</span> <span class='ocrx_word' id='word_1_505' title='bbox 1255 2576 1362 2605; x_wconf 80' lang='lat' dir='ltr'>Fidem</span> <span class='ocrx_word' id='word_1_506' title='bbox 1378 2573 1463 2604; x_wconf 87' lang='lat' dir='ltr'>dixit</span> <span class='ocrx_word' id='word_1_507' title='bbox 1482 2584 1579 2616; x_wconf 86' lang='lat' dir='ltr'>opem</span> <span class='ocrx_word' id='word_1_508' title='bbox 1600 2580 1635 2606; x_wconf 85' lang='lat' dir='ltr'>et</span> 
     </span>
     <span class='ocr_line' id='line_1_88' title="bbox 884 2617 1633 2657; baseline 0.001 -9"><span class='ocrx_word' id='word_1_509' title='bbox 884 2617 1060 2649; x_wconf 83' lang='lat' dir='ltr'>auxilium:</span> <span class='ocrx_word' id='word_1_510' title='bbox 1085 2624 1130 2654; x_wconf 89' lang='lat' dir='ltr'>ut,</span> <span class='ocrx_word' id='word_1_511' title='bbox 1148 2618 1369 2657; x_wconf 79' lang='lat' dir='ltr'>Tyrrhenamve</span> <span class='ocrx_word' id='word_1_512' title='bbox 1382 2618 1486 2656; x_wconf 67' lang='lat' dir='ltr'>fidem,</span> <span class='ocrx_word' id='word_1_513' title='bbox 1507 2617 1585 2648; x_wconf 81' lang='lat' dir='ltr'>AEn.</span> <span class='ocrx_word' id='word_1_514' title='bbox 1598 2627 1633 2649; x_wconf 86' lang='lat' dir='ltr'>x.</span> 
     </span>
     <span class='ocr_line' id='line_1_89' title="bbox 885 2658 1633 2700; baseline -0.001 -8"><span class='ocrx_word' id='word_1_515' title='bbox 885 2660 936 2693; x_wconf 87' lang='grc'>71.</span> <span class='ocrx_word' id='word_1_516' title='bbox 978 2661 1194 2691; x_wconf 78' lang='grc' dir='ltr'><strong>1).-Νι’1ιι”Ιηε</strong></span> <span class='ocrx_word' id='word_1_517' title='bbox 1215 2658 1296 2700; x_wconf 72' lang='lat' dir='ltr'>esse]</span> <span class='ocrx_word' id='word_1_518' title='bbox 1322 2659 1404 2691; x_wconf 81' lang='lat' dir='ltr'>Haec</span> <span class='ocrx_word' id='word_1_519' title='bbox 1425 2669 1524 2691; x_wconf 76' lang='lat' dir='ltr'>scena</span> <span class='ocrx_word' id='word_1_520' title='bbox 1543 2670 1633 2692; x_wconf 75' lang='lat' dir='ltr'>oom-</span> 
     </span>
     <span class='ocr_line' id='line_1_90' title="bbox 884 2702 1631 2745; baseline 0.001 -11"><span class='ocrx_word' id='word_1_521' title='bbox 884 2703 1078 2745; x_wconf 86' lang='lat' dir='ltr'>positionem</span> <span class='ocrx_word' id='word_1_522' title='bbox 1101 2702 1167 2733; x_wconf 91' lang='lat' dir='ltr'>doli</span> <span class='ocrx_word' id='word_1_523' title='bbox 1189 2702 1296 2740; x_wconf 83' lang='lat' dir='ltr'>habet,</span> <span class='ocrx_word' id='word_1_524' title='bbox 1318 2712 1415 2742; x_wconf 87' lang='lat' dir='ltr'>quem</span> <span class='ocrx_word' id='word_1_525' title='bbox 1438 2702 1553 2734; x_wconf 71' lang='lat' dir='ltr'>Davus</span> <span class='ocrx_word' id='word_1_526' title='bbox 1572 2703 1631 2735; x_wconf 83' lang='lat' dir='ltr'>do-</span> 
     </span>
     <span class='ocr_line' id='line_1_91' title="bbox 885 2745 1634 2786; baseline 0 -8"><span class='ocrx_word' id='word_1_527' title='bbox 885 2746 975 2778; x_wconf 88' lang='lat' dir='ltr'>mino</span> <span class='ocrx_word' id='word_1_528' title='bbox 998 2745 1142 2777; x_wconf 88' lang='lat' dir='ltr'>futurum</span> <span class='ocrx_word' id='word_1_529' title='bbox 1167 2755 1238 2776; x_wconf 62' lang='lat' dir='ltr'>esse</span> <span class='ocrx_word' id='word_1_530' title='bbox 1261 2745 1477 2786; x_wconf 71' lang='lat' dir='ltr'>pmdixent:</span> <span class='ocrx_word' id='word_1_531' title='bbox 1507 2745 1634 2778; x_wconf 77' lang='lat' dir='ltr'>scilicet</span> 
     </span>
     <span class='ocr_line' id='line_1_92' title="bbox 885 2787 1631 2829; baseline 0 -9"><span class='ocrx_word' id='word_1_532' title='bbox 885 2799 905 2820; x_wconf 94' lang='lat' dir='ltr'>a</span> <span class='ocrx_word' id='word_1_533' title='bbox 922 2788 1113 2820; x_wconf 81' lang='lat' dir='ltr'>mulieribus</span> <span class='ocrx_word' id='word_1_534' title='bbox 1133 2797 1272 2829; x_wconf 87' lang='lat' dir='ltr'>puerum</span> <span class='ocrx_word' id='word_1_535' title='bbox 1293 2793 1370 2820; x_wconf 80' lang='lat' dir='ltr'>ante</span> <span class='ocrx_word' id='word_1_536' title='bbox 1390 2787 1509 2820; x_wconf 82' lang='lat' dir='ltr'>ostium</span> <span class='ocrx_word' id='word_1_537' title='bbox 1530 2788 1631 2820; x_wconf 81' lang='lat' dir='ltr'>collo·</span> 
     </span>
     <span class='ocr_line' id='line_1_93' title="bbox 883 2830 1633 2880; baseline 0 -17"><span class='ocrx_word' id='word_1_538' title='bbox 883 2832 1032 2869; x_wconf 86' lang='lat' dir='ltr'>candum,</span> <span class='ocrx_word' id='word_1_539' title='bbox 1070 2841 1134 2872; x_wconf 90' lang='lat' dir='ltr'>quo</span> <span class='ocrx_word' id='word_1_540' title='bbox 1162 2831 1232 2862; x_wconf 87' lang='lat' dir='ltr'>viso</span> <span class='ocrx_word' id='word_1_541' title='bbox 1269 2830 1425 2863; x_wconf 81' lang='lat' dir='ltr'>Chremes</span> <span class='ocrx_word' id='word_1_542' title='bbox 1462 2831 1633 2880; x_wconf 86' lang='lat' dir='ltr'>Pamphilo</span> 
     </span>
     <span class='ocr_line' id='line_1_94' title="bbox 885 2873 1631 2916; baseline 0 -10"><span class='ocrx_word' id='word_1_543' title='bbox 885 2875 985 2906; x_wconf 87' lang='lat' dir='ltr'>filiam</span> <span class='ocrx_word' id='word_1_544' title='bbox 1008 2884 1099 2905; x_wconf 87' lang='lat' dir='ltr'>suam</span> <span class='ocrx_word' id='word_1_545' title='bbox 1124 2883 1190 2904; x_wconf 91' lang='lat' dir='ltr'>non</span> <span class='ocrx_word' id='word_1_546' title='bbox 1211 2873 1312 2906; x_wconf 87' lang='lat' dir='ltr'>daret.</span> <span class='ocrx_word' id='word_1_547' title='bbox 1349 2875 1400 2906; x_wconf 79' lang='lat' dir='ltr'>Ac</span> <span class='ocrx_word' id='word_1_548' title='bbox 1423 2874 1530 2916; x_wconf 88' lang='lat' dir='ltr'>primo</span> <span class='ocrx_word' id='word_1_549' title='bbox 1552 2885 1631 2906; x_wconf 86' lang='lat' dir='ltr'>con-</span> 
     </span>
     <span class='ocr_line' id='line_1_95' title="bbox 885 2916 1632 2968; baseline 0 -20"><span class='ocrx_word' id='word_1_550' title='bbox 885 2917 1031 2966; x_wconf 75' lang='lat' dir='ltr'>queritur</span> <span class='ocrx_word' id='word_1_551' title='bbox 1046 2916 1160 2958; x_wconf 76' lang='lat' dir='ltr'>Mysis,</span> <span class='ocrx_word' id='word_1_552' title='bbox 1172 2916 1258 2957; x_wconf 84' lang='lat' dir='ltr'>quod</span> <span class='ocrx_word' id='word_1_553' title='bbox 1274 2916 1473 2966; x_wconf 83' lang='lat' dir='ltr'>Pamphilus,</span> <span class='ocrx_word' id='word_1_554' title='bbox 1485 2917 1541 2968; x_wconf 87' lang='lat' dir='ltr'>qui</span> <span class='ocrx_word' id='word_1_555' title='bbox 1554 2928 1632 2958; x_wconf 88' lang='lat' dir='ltr'>pro-</span> 
     </span>
     <span class='ocr_line' id='line_1_96' title="bbox 886 2959 1631 3004; baseline 0.001 -13"><span class='ocrx_word' id='word_1_556' title='bbox 886 2960 1017 2992; x_wconf 87' lang='lat' dir='ltr'>miserat</span> <span class='ocrx_word' id='word_1_557' title='bbox 1033 2970 1068 2992; x_wconf 80' lang='lat' dir='ltr'>se</span> <span class='ocrx_word' id='word_1_558' title='bbox 1085 2959 1258 3004; x_wconf 86' lang='lat' dir='ltr'>ducturum</span> <span class='ocrx_word' id='word_1_559' title='bbox 1280 2959 1502 3001; x_wconf 82' lang='lat' dir='ltr'>Glycerium,</span> <span class='ocrx_word' id='word_1_560' title='bbox 1488 2970 1558 3001; x_wconf 84' lang='lat' dir='ltr'>Jam</span> <span class='ocrx_word' id='word_1_561' title='bbox 1579 2959 1631 2991; x_wconf 72' lang='lat' dir='ltr'>in-</span> 
     </span>
    </p>
   </div>
  </div>
 </body>
</html>
