1852 3216
74 140 214 169 semu
236 125 319 181 ix.]

656 124 1007 168 ADELPHI.

1516 125 1596 167 461

131 216 270 258 Missa
290 215 422 259 facio:
454 216 677 267 effundite,
698 215 840 266 emite,
861 214 987 257 facite
1008 215 1126 271 quod
1146 215 1266 257 vobis
1287 213 1420 257 lubet.

77 290 118 320 35
136 282 225 324 Sed
248 283 283 324 si
303 282 347 325 id
368 281 494 324 vultis
515 283 674 339 potius,
695 296 793 338 quae
814 295 891 323 vos
911 288 1090 338 propter
1110 279 1440 324 adolescentiam

130 347 280 389 Minus
301 347 470 399 videtis,
492 349 626 404 magis
647 348 837 404 impense
859 346 1030 402 cupitis,
1052 345 1272 388 consulitis
1291 360 1461 402 parum,

131 412 242 455 Haec
264 413 582 469 reprehendere
602 420 647 456 et
665 413 881 469 corrigere
900 427 983 463 me,
1004 419 1049 454 et
1070 412 1366 454 obsecundare
1385 412 1429 455 in
1448 410 1569 453 loco:

129 478 248 521 Ecce
268 493 349 530 me,
371 479 446 536 qui
464 479 509 521 id
528 478 679 522 faciam
698 479 833 521 vobis.
874 478 973 521 AEs.
992 478 1110 529 Tibi,
1131 485 1269 534 pater,
1289 477 1596 534 permittimus:

129 543 234 586 Plus
250 545 332 587 scis
345 545 449 600 quid
462 544 577 587 facto
591 560 700 601 opus
713 551 800 587 est:
824 545 901 588 sed
914 544 969 587 de
984 543 1115 587 fratre
1130 544 1233 599 quid
1246 543 1353 586 fiet?
1375 542 1464 585 DE.
1476 543 1599 594 Sino;

70 621 112 651 40
128 611 326 663 Habeat3
358 612 400 654 in
421 613 527 656 istac
548 612 677 657 finem
697 612 837 656 faciat.

874 612 973 655 AEs.
992 611 1111 655 Istuc
1130 619 1262 654 recte.
1303 612 1361 655 Ω.
1379 610 1594 655 Plaudite.

575 716 834 746 CALLIOPIUS
861 715 1098 744 RECENSUI.

113 818 164 848 35.
184 819 258 851 Quae
274 829 321 848 vos
333 819 434 857 potius
445 821 569 857 propter
583 819 813 849 adolescentiam

69 862 166 891 minus
178 859 303 901 videtis]
317 860 383 891 Hic
398 860 540 892 ostendit
553 860 734 897 Terentius,
744 870 812 891 ma-

69 904 119 944 gis
149 904 304 934 Demeam
331 903 498 935 simulasse
524 910 663 935 mutatos
697 913 812 941 mores,

68 957 165 987 quam
180 946 362 978 mutavisse.
395 947 436 978 D.

113 990 164 1021 36.
182 991 286 1021 Minus
300 991 418 1027 videtis,
433 992 530 1031 magis
549 991 678 1029 impense
693 991 814 1029 cupitis,

69 1034 223 1064 consulitis
245 1031 371 1074 porum]
399 1031 553 1074 Εἰρωνεία,
577 1034 684 1070 minus,
706 1034 813 1074 magis,

67 1088 185 1116 parum.
217 1076 258 1107 D.

112 1120 163 1152 37.
180 1120 257 1150 Haec
268 1121 492 1159 reprehendere,
504 1124 535 1150 et
550 1121 699 1160 corrigere
713 1130 768 1156 me,
784 1123 815 1150 et

67 1164 232 1194 secundare
258 1161 476 1204 (obsecundare
505 1162 569 1193 Ms.
594 1162 657 1202 Η.)
680 1164 713 1193 in
734 1160 812 1203 loco]

69 1205 187 1237 Tribus
210 1205 272 1238 tria
293 1205 490 1238 redduntur:
514 1212 547 1237 et
570 1211 706 1247 utraque
721 1205 813 1245 αὔξη-

68 1250 170 1280 τικός.
208 1248 269 1281 Illa
290 1248 325 1279 10
350 1249 466 1280 malam
487 1255 612 1291 partem
628 1248 812 1290 superioraz

68 1292 136 1323 11ωο
153 1292 186 1323 10
207 1292 334 1329 bonam,
351 1302 422 1332 quae
443 1292 596 1323 inferiora
615 1298 700 1323 sunt.
738 1292 814 1323 Non

70 1341 196 1366 tantum
212 1335 298 1366 enim
314 1335 418 1376 culpae
437 1342 495 1372 est,
512 1335 619 1367 minus
634 1334 813 1377 providere,

69 1388 164 1418 quam
179 1378 327 1419 impense
349 1388 485 1419 cupere:
510 1388 569 1409 nec
591 1384 716 1409 tantum
739 1377 815 1408 mali

71 1428 120 1452 est
134 1420 280 1463 impense
296 1431 424 1462 cupere,
441 1428 595 1462 quantum
607 1431 722 1463 parum
737 1431 814 1453 con-

69 1464 184 1495 sulere.
226 1465 308 1495 Item
335 1464 581 1505 reprehendere,
604 1465 723 1495 bonum
747 1470 813 1495 est:

68 1507 193 1544 melius,
221 1507 399 1548 corrigere:
431 1507 599 1549 optimum,
628 1507 813 1538 secundare.

70 1551 154 1581 Nam
171 1550 224 1591 qui
247 1550 466 1592 reprehendit,
486 1561 550 1582 non
574 1550 728 1582 continuo
743 1561 814 1581 cor-

67 1593 163 1634 rigit;
188 1593 243 1634 qui
259 1593 401 1634 corrigit,
418 1604 482 1625 non
506 1593 579 1625 ilico
594 1593 758 1630 secundat,
781 1593 815 1625 id

68 1645 126 1673 est,
166 1636 368 1668 laetissimum
398 1637 504 1668 reddit
534 1643 566 1668 et
593 1636 815 1670 fidelissimum

67 1678 322 1720 (felicissimum).
376 1680 443 1711 Alii
478 1682 652 1718 secundare,
683 1679 815 1721 obsequi

67 1723 189 1754 dictum
213 1731 343 1764 putant:
369 1730 402 1755 et
425 1723 497 1755 ideo
522 1723 666 1755 additum
682 1722 760 1754 esse
784 1725 816 1754 in

69 1767 151 1797 loco.-
185 1766 275 1807 quasi
307 1777 372 1798 non
401 1777 529 1809 semper
558 1766 739 1798 faciendum
764 1766 815 1797 sit.

72 1809 162 1850 Ergo
176 1812 349 1848 secundare,
366 1810 417 1841 vel
440 1810 474 1841 in
489 1809 604 1841 melius
620 1815 817 1846 convertere,

72 1852 122 1883 vel
133 1853 265 1893 obsequi
278 1853 497 1894 intelligimus.
522 1853 819 1884 D.—-Obsecundare

74 1898 105 1926 in
131 1895 209 1937 Ioco]
238 1896 283 1927 Ut
308 1896 460 1939 oportuit,
480 1896 600 1936 judicis
626 1895 819 1927 sententiam

73 1938 257 1976 declaravit,
274 1940 350 1971 dum
374 1940 453 1976 (lum
481 1939 535 1978 Z.)
559 1938 703 1979 adjecit
692 1950 724 1969 m
746 1940 816 1976 loco,

75 1981 120 2012 uti
137 1981 264 2014 diversa
280 1994 351 2024 quae
373 1983 468 2014 faciat
484 1982 623 2023 (saciant
640 1982 692 2019 Z.)
706 1992 816 2023 repre-

73 2025 228 2063 hendens,
244 2027 408 2068 corrigens
424 2026 520 2057 etiam
532 2025 566 2056 10
578 2025 648 2056 1000
661 2025 816 2056 obsecun-

74 2068 129 2099 det
140 2075 173 2099 et
187 2068 310 2101 faveat:
335 2069 603 2111 quemadmodum
618 2068 670 2099 hic
683 2078 817 2099 conver-

74 2111 199 2142 satione
215 2113 341 2145 mollior
356 2113 444 2144 visus
467 2119 516 2144 est
532 2112 665 2149 Demea,
687 2111 741 2152 qui
757 2111 816 2142 du-

74 2164 130 2186 rus
150 2162 244 2186 antea
260 2156 437 2193 videbatur,
454 2163 486 2186 et
500 2155 560 2195 (ita
578 2155 631 2195 Z.)
647 2154 748 2186 Micio
763 2154 819 2185 vix

74 2198 258 2239 probabilis,
282 2200 336 2240 qui
360 2199 529 2231 videbatur
554 2205 665 2230 tenere
693 2197 816 2229 bonita-

76 2247 151 2272 tem.
180 2242 330 2283 Denique
345 2253 494 2274 assensus
512 2242 552 2273 ab
567 2241 716 2273 omnibus
731 2251 817 2272 com-

75 2284 223 2316 modatus
238 2286 365 2318 videtur
380 2285 494 2317 rectori
512 2295 599 2316 esse:
628 2286 706 2322 Tibi,
719 2289 818 2324 pater,

72 2330 291 2367 permittimus:
304 2331 375 2370 plus
384 2331 453 2366 scis,
463 2331 537 2370 quid
535 2327 623 2369 facto
632 2339 703 2368 opus
712 2333 766 2359 est.
778 2327 818 2358 E.

76 2370 199 2412 —Leg.
216 2373 259 2402 Et
273 2374 488 2412 reprehendere
502 2378 533 2403 et
547 2374 696 2413 corrigere
713 2382 797 2411 quem
807 2383 818 2405 ,-

78 2414 276 2446 obsecundare
300 2418 332 2446 in
356 2418 424 2447 loco.
465 2415 550 2446 Nam
572 2414 652 2446 illud
675 2426 729 2451 me,
746 2424 819 2445 cum

78 2455 186 2487 statim
209 2466 360 2498 sequatur
380 2470 434 2496 me,
450 2458 598 2500 putidum
621 2464 654 2489 et
672 2457 819 2499 ineptum

79 2505 128 2529 est
142 2501 348 2532 censendum.
381 2502 419 2532 Β.

123 2543 174 2572 38.
195 2544 274 2580 Tibi,
286 2550 385 2584 pater,
395 2543 613 2585 permittimus]
631 2543 746 2575 Noluit
755 2543 819 2574 Te·

80 2584 203 2616 rentius
218 2586 259 2617 ab
272 2587 433 2619 amoribus
448 2588 584 2619 filiorum
597 2593 754 2629 perpetuo
769 2596 820 2618 re-

856 816 984 859 pulsum
999 822 1133 858 patrem.
1166 817 1208 848 D.

900 861 950 891 39.
967 861 1059 895 Sino,·
1081 861 1211 895 kubeat;
1233 861 1266 890 in
1280 861 1358 890 istac
1372 861 1464 899 finem
1478 858 1601 900 sociat]

858 903 940 934 Haec
964 902 1093 943 quidem
1113 902 1283 944 permissio
1309 909 1375 934 est:
1405 902 1462 934 sed
1486 909 1519 933 et
1544 913 1602 933 ex—

856 945 1038 987 ceptionem
1052 945 1088 976 in
1103 956 1138 976 se
1153 945 1314 976 continet:
1332 951 1449 977 etcum
1466 945 1603 986 quodam

857 988 1032 1027 stomacho,
1049 994 1083 1019 et
1104 988 1192 1019 velut
1213 987 1331 1019 minaci
1353 988 1602 1020 denunciatione

880 1031 1027 1064 refertur.
1059 1031 1259 1063 D.—Nostri
1281 1042 1393 1063 omnes
1416 1031 1512 1073 paulo
1532 1042 1601 1063 me-

871 1074 929 1112 ’us,
954 1074 1027 1106 Plus
1041 1076 1101 1106 scis
1115 1076 1190 1116 quid
1204 1086 1275 1115 opus
1282 1073 1371 1115 sacto
1385 1080 1441 1106 est.
1475 1074 1514 1106 B.

900 1119 951 1149 40.
969 1119 1007 1149 In
1029 1120 1107 1149 istac
1125 1119 1218 1158 finem
1231 1116 1352 1159 saciat]
1381 1117 1454 1149 Hoc
1471 1124 1530 1155 est,
1546 1123 1604 1149 aut

857 1171 898 1193 ne
920 1161 1016 1192 aliam
1032 1168 1127 1199 amet,
1141 1168 1197 1193 aut
1211 1171 1253 1192 ne
1269 1161 1402 1192 alteram
1417 1167 1602 1203 comparet:

856 1215 898 1236 ne
979 1211 992 1235 t
1010 1204 1105 1236 istam
1129 1204 1311 1235 luxurietur
1336 1203 1482 1236 ulterius.
1519 1206 1604 1236 Istuc

856 1247 953 1289 recte]
981 1248 1080 1279 Bene.
1119 1247 1164 1278 Et
1188 1247 1290 1279 Micio
1311 1257 1377 1278 non
1403 1247 1550 1279 discessit
1562 1247 1603 1278 de

857 1290 1022 1333 proposito
1037 1301 1105 1328 suo,
1116 1290 1169 1331 qui
1186 1297 1223 1321 ut
1222 1301 1385 1339 peccasse
1400 1290 1479 1322 alias
1494 1297 1602 1322 osten-

857 1335 949 1366 deret
959 1334 1090 1365 fratrem
1100 1334 1141 1364 011
1153 1332 1285 1365 nimiam
1301 1333 1517 1375 asperitatem,
1529 1344 1603 1365 cum

858 1377 1048 1419 exceptione
1072 1376 1209 1417 quadam
1234 1376 1369 1408 laudans
1396 1377 1494 1408 verba
1523 1378 1603 1417 ejus,

857 1423 936 1452 istuc
948 1426 1028 1451 recte
1044 1419 1136 1451 dixit.
1160 1419 1261 1455 Quasi
1279 1419 1410 1457 diceret,
1426 1431 1483 1451 non
1497 1425 1532 1451 ut
1544 1431 1604 1451 cae-

859 1469 924 1495 tera
937 1476 947 1494 .·
971 1469 1004 1494 01
1019 1462 1114 1494 simul
1129 1462 1274 1505 reposuit
1285 1462 1325 1500 ei,
1339 1463 1393 1504 qui
1405 1473 1502 1505 supra
1511 1462 1603 1494 dixe-

857 1514 917 1544 rat,
935 1506 981 1538 Ut
1003 1506 1037 1537 id
1052 1505 1263 1544 ostenderem,
1280 1506 1365 1547 quod
1388 1513 1419 1537 te
1445 1505 1500 1537 isti
1526 1506 1604 1538 faci-

857 1550 932 1587 lem,
949 1555 982 1581 et
1007 1549 1157 1580 festivum
1181 1556 1306 1591 putant,
1330 1549 1364 1580 id
1379 1559 1444 1580 non
1469 1549 1540 1580 fieri
1563 1559 1605 1581 ex

858 1603 935 1624 vera
955 1592 1031 1630 vita,
1047 1602 1151 1633 neque
1169 1592 1249 1623 adeo
1271 1602 1312 1623 ex
1338 1603 1429 1633 aequo
1453 1599 1486 1623 et
1510 1593 1604 1631 bono,

859 1642 919 1667 etc.
955 1636 1082 1667 D.-In
1106 1638 1183 1667 istac
1202 1637 1295 1675 finem
1313 1634 1434 1676 saciat]
1472 1635 1605 1677 Optime

858 1679 993 1717 monuit,
1009 1685 1046 1710 ut
1066 1679 1135 1710 haec
1151 1678 1246 1709 venia
1260 1679 1354 1710 detur
1368 1678 1532 1720 praeterito
1547 1679 1604 1710 de-

858 1723 953 1754 licto:
977 1722 1074 1754 etiam
1090 1722 1130 1753 de
1149 1721 1258 1753 futuro
1279 1728 1401 1753 terrere
1416 1722 1553 1760 videtur,
1569 1728 1607 1753 ut

859 1766 894 1797 in
911 1765 962 1797 his
984 1764 1206 1797 meretricibus
1223 1765 1295 1805 (hac
1309 1767 1464 1797 meretrice
1488 1765 1542 1802 Ζ.)
1565 1765 1604 1796 fi-

861 1819 936 1840 nem
957 1807 1143 1840 luxuriandi
1165 1808 1269 1839 faciat.
1308 1807 1458 1848 Denique
1474 1808 1519 1839 ita
1534 1807 1604 1839 lau-

862 1852 956 1883 datus
968 1858 1026 1890 est,
1039 1854 1116 1882 istuc
1130 1856 1233 1887 recte5
1255 1852 1340 1892 quod
1354 1858 1386 1882 et
1400 1850 1529 1882 veniam
1545 1850 1604 1882 111-

862 1894 970 1932 buisti,
987 1902 1020 1926 et
1040 1874 1244 1931 admonuisti,
1267 1904 1308 1925 ne
1323 1900 1447 1943 peccet
1457 1893 1606 1936 amplius,

860 1937 944 1970 istuc
956 1944 1043 1969 recte
1058 1937 1194 1969 videtur.
1218 1937 1343 1968 Tamen
1359 1936 1450 1977 quasi
1461 1947 1481 1978 q

861 1980 1032 2012 amissione
1053 1979 1289 2022 praeteritorum
1311 1986 1345 2011 01
1367 1979 1497 2020 (Tamen
1518 1982 1607 2022 quasi

861 2026 991 2065 quadum
1005 2035 1071 2055 cum
1086 2025 1239 2054 omissione
1249 2026 1475 2064 praeteritorum
1492 2029 1538 2055 ese
1551 2023 1605 2064 Z.)

861 2066 1078 2109 reprehensio,
1098 2072 1135 2098 ut
1150 2073 1266 2098 caetera
1280 2066 1336 2098 illa
1350 2076 1422 2108 quae
1435 2076 1604 2108 persuase-

860 2110 904 2142 rit
918 2117 1006 2142 recta
1020 2120 1086 2141 non
1101 2119 1171 2141 esse
1183 2109 1362 2146 videantur,
1380 2109 1430 2140 vel
1441 2109 1476 2141 in
1491 2120 1605 2141 manu-

861 2153 959 2185 misso
983 2163 1076 2185 servo
1097 2153 1187 2194 Syro,
1203 2152 1255 2184 vel
1272 2152 1306 2184 10
1326 2152 1507 2184 libertatem
1530 2153 1605 2184 data

862 2196 1006 2234 muliere,
1029 2196 1080 2227 vel
1102 2195 1136 2227 10
1156 2206 1289 2227 munere
1315 2195 1498 2237 Hegionem
1523 2196 1606 2228 tradi

863 2242 926 2279 (vel
945 2242 977 2271 in
994 2242 1134 2271 libertate
1149 2241 1224 2270 daia
1238 2241 1367 2276 mulieri,
1382 2241 1430 2270 vel
1443 2241 1475 2270 in
1486 2250 1606 2272 munere

862 2285 996 2324 Hegioni
1020 2284 1133 2314 tradito
1162 2282 1226 2322 Ζ.),
1251 2281 1301 2313 vel
1326 2281 1360 2313 in
1382 2282 1540 2321 suasione,
1570 2288 1608 2314 ut

862 2326 932 2368 ipse
946 2336 1078 2357 uxorem
1091 2326 1231 2362 duceret,
1242 2331 1277 2356 ut
1288 2325 1349 2356 hoc
1362 2324 1507 2366 (duceret.
1538 2327 1605 2367 Igi-

863 2375 915 2400 tur
929 2374 963 2400 ut
984 2371 1037 2400 hoc
1060 2368 1112 2409 Z.)
1135 2368 1314 2406 consilium,
1330 2368 1415 2409 quod
1436 2379 1522 2400 nunc
1537 2369 1606 2401 dic-

863 2419 932 2444 tum
947 2420 1006 2450 est,
1022 2415 1053 2443 in
1068 2414 1244 2452 istac-finem
1255 2411 1368 2452 faciat,
1384 2411 1487 2443 solum
1504 2411 1606 2444 Micio

862 2456 1008 2487 laudasse
1024 2455 1178 2493 videatur,
1195 2454 1287 2492 dixit,
1310 2457 1389 2486 istuc
1410 2460 1511 2494 recte,-
1533 2461 1605 2487 tan·

862 2509 958 2540 quam
986 2498 1152 2540 superiora
1181 2509 1246 2529 non
1273 2505 1369 2529 recte.
1415 2498 1608 2531 E.—Verbn

863 2544 942 2573 istuc
963 2547 1053 2580 recte,
1076 2548 1164 2573 10010
1181 2542 1328 2573 Donatus
1346 2540 1482 2573 Micioni
1502 2541 1604 2574 tribu-

865 2585 948 2617 enda
962 2595 1031 2616 esse
1047 2584 1220 2616 existimat.
1247 2584 1285 2615 Β.

103 2672 199 2712 AEL.
222 2673 354 2712 DON.
376 2674 426 2712 V.
447 2673 493 2712 C.
514 2673 795 2712 ORATORIS
816 2672 979 2711 URBIS
999 2671 1176 2711 ROMAE
1197 2670 1496 2711 COMMENT.
1517 2671 1578 2711 IN

362 2737 628 2776 TERENTII
651 2736 946 2777 ADELPHOS
967 2735 1241 2775 EXPLICIT.
