1852 3216
118 194 258 222 sanA
280 180 340 235 v.]

176 269 261 310 CH.
296 268 416 316 Quid
449 268 554 310 illud
590 269 722 324 gaudi
755 271 850 310 est?

258 348 385 388 quem
407 333 588 383 mallem,
611 334 811 375 omnium.

738 178 1049 221 ANDRIA.

1582 184 1662 223 119

913 268 1029 310 ΡΑΜ.
1068 268 1237 309 Davom
1271 268 1420 319 vide03
1469 271 1661 320 nemo'st,

176 399 290 441 Nam
310 400 425 442 hunc
447 401 535 443 scio
556 416 650 442 mea
670 400 805 442 solide
832 399 968 442 solum
990 401 1237 455 gavisurum
1258 400 1430 455 gaudia.

374 607 629 655 ACTUS
675 607 966 661 QUINTI
1017 607 1273 655 SCENA
1311 607 1397 654 VI.

486 753 652 784 DAVUS.

702 753 983 784 PAMPHILUS.

1037 753 1293 785 CHARINUS.

176 846 441 887 PAMPmLus
460 846 634 887 ubinam
650 845 720 887 hic
736 847 832 887 est?
867 845 985 887 PAM.
1002 846 1142 888 Dave.
1186 846 1303 889 DAv.
1322 846 1434 894 Quis
1450 847 1660 890 homo’st?

262 911 379 952 ΡΑΜ.
404 910 504 965 Ego
525 924 632 951 sum.
686 909 806 951 DAv.
828 910 870 951 O
893 910 1133 965 Pamphile.

176 976 293 1018 PAM.
317 975 474 1017 Nescis
495 975 600 1029 quid
619 974 723 1015 mihi
744 975 963 1029 obtigerit.
1012 975 1132 1017 DAv.
1149 976 1302 1019 Certe:
1337 978 1415 1019 sed
1436 978 1541 1032 quid
1558 977 1663 1018 mihi

260 1040 478 1095 obtigerit,
502 1040 604 1081 scio.

174 1104 291 1146 ΡΑΜ.
316 1105 378 1147 Et
398 1105 572 1160 quidem
592 1119 690 1160 ego.
742 1104 863 1146 DAV.
887 1104 1015 1147 More
1036 1105 1256 1147 hominum
1276 1106 1432 1155 evenit,
1456 1112 1519 1155 ut,
1543 1106 1662 1160 quod

259 1170 337 1211 sim
357 1177 510 1212 nactus
531 1169 645 1220 mali,

173 1235 302 1276 Prius
323 1236 579 1277 rescisceres
602 1242 665 1286 tu,
687 1249 817 1289 quam
835 1249 917 1290 ego
938 1234 1058 1286 illud,
1081 1236 1199 1290 quod
1222 1235 1300 1276 tibi
1318 1235 1461 1277 evenit
1479 1235 1595 1277 boni.

136 1310 155 1339 5
172 1300 290 1342 ΡΛΜ.
312 1300 417 1343 Mea
438 1300 689 1355 Glycerium
717 1315 818 1341 suos
846 1307 1050 1355 parentes
1078 1301 1285 1355 repperit.
1338 1300 1460 1342 DAV.
1479 1299 1661 1342 Factum

256 1366 367 1407 bene
383 1369 393 1407 ἱ
445 1366 530 1407 Cn.
555 1366 694 1407 Hem!

172 1429 290 1471 ΡΑΜ.
313 1430 446 1472 Pater
466 1431 626 1472 amicus
648 1445 837 1471 summus
859 1431 999 1471 nobis.

256 1511 361 1537 mes.
414 1495 533 1537 DAv.
557 1495 726 1537 Narras
746 1496 898 1550 probe.

1053 1430 1172 1471 DAv.
1194 1430 1335 1477 Quis?
1384 1429 1503 1472 PAM.
1523 1429 1661 1471 Chre-

171 1559 288 1601 PAM.
312 1559 410 1602 Nec
429 1574 551 1601 mora
571 1559 658 1602 ulla
678 1568 759 1610 est,
774 1561 878 1615 quin
898 1575 992 1602 eam
1011 1574 1190 1602 uxorem
1212 1560 1382 1602 ducam.
1435 1559 1519 1602 Cn.
1539 1559 1661 1601 Num

257 1623 327 1666 ille
350 1626 532 1666 somniat

115 1743 148 1773 in
166 1742 326 1774 Eunucho
341 1743 493 1774 Chaerea:
527 1744 587 1774 Sed
607 1745 789 1774 neminemne
808 1754 861 1774 cu-

114 1788 225 1816 riosum
238 1788 418 1816 intervenire
434 1796 512 1816 nunc
526 1788 600 1816 mihi
610 1788 625 1816 ,⁹
657 1786 862 1816 E.—Faerni

114 1828 189 1859 libri
204 1828 334 1864 habent,
347 1830 409 1859 Sed
420 1839 506 1868 quem
521 1839 575 1867 ego
589 1830 663 1858 mihi
674 1831 864 1867 potissimum

114 1877 245 1911 exoptem
273 1882 360 1908 nunc,
387 1876 443 1902 etc.
480 1870 543 1901 nisi
570 1871 656 1911 quod
685 1871 863 1901 Bembinus

114 1913 193 1954 legit
208 1919 312 1953 optem.
352 1913 426 1950 Sed,
441 1923 482 1944 ne
499 1923 610 1944 versus
625 1913 758 1950 laboret,
774 1923 861 1954 pono

113 1967 188 1987 cum
204 1957 329 1987 duobus
344 1956 435 1987 codd.
453 1959 503 1987 cui
518 1967 604 1987 nunc.
636 1956 674 1986 B.

158 1999 186 2031 7.
215 2001 297 2032 Quid
308 2001 388 2029 illud
399 2001 497 2039 gaudi
512 2005 558 2030 est
567 1998 601 2039 ?]
621 1999 660 2029 In
677 1998 758 2036 aliis,
777 1998 862 2029 Davi

113 2052 252 2083 persona
267 2041 414 2072 infertur.
448 2042 490 2072 D.

158 2086 186 2115 8.
211 2086 293 2115 Nam
309 2087 386 2115 hunc
401 2087 462 2115 scio
477 2096 542 2115 mea
557 2085 650 2115 solide
665 2085 758 2114 solum
770 2086 860 2124 gavi-

112 2138 215 2158 surum
235 2127 370 2167 gaudia]
387 2125 589 2167 Ἀρχαῖσμός.
635 2128 735 2158 Solide
749 2126 860 2167 solum]

115 2169 235 2211 Figura
250 2168 428 2211 παρόμοιον.
475 2170 504 2200 D

159 2214 185 2243 1.
212 2213 391 2252 Pamphilus
413 2215 534 2243 ubinam
556 2214 605 2243 hic
627 2218 671 2243 est
682 2211 715 2252 f]
746 2212 786 2243 In
802 2212 862 2243 hoc

113 2261 187 2286 actu
209 2255 291 2286 mira
313 2262 382 2286 arte
405 2265 443 2286 ea
459 2266 531 2295 quae
550 2261 675 2286 restant
690 2255 730 2286 de
746 2265 862 2285 comoe-

113 2298 167 2329 dia
191 2298 332 2329 breviter
358 2298 572 2340 explicantur,
596 2304 629 2328 et
651 2298 864 2338 designantur

113 2340 249 2372 duarum
265 2351 411 2372 sororum
426 2341 539 2382 (vulgo
555 2343 680 2371 duorum
699 2344 862 2371 sociorum.-

114 2382 247 2424 legerim
269 2386 395 2414 duorum
416 2383 591 2424 procorum)
615 2383 700 2414 binae
731 2383 862 2424 nuptiae.

114 2427 292 2466 Pamphilus
319 2429 442 2458 ubinam
466 2429 516 2457 hic
541 2428 612 2458 est?
643 2428 680 2457 P.
699 2427 793 2457 Dave.
822 2428 862 2456 D.

118 2469 262 2501 Quisnam
282 2471 365 2500 homo
378 2474 423 2500 est
434 2468 468 2509 ?]
497 2469 535 2500 In
557 2468 673 2500 affectu
693 2468 865 2509 gaudentis

116 2510 288 2552 Pamphili,
304 2519 336 2543 et
359 2512 445 2543 Davi
469 2511 684 2552 gratulatione
704 2511 863 2552 cognitio-

115 2562 190 2583 nem
205 2563 313 2584 rerum
329 2554 472 2585 Charino
493 2554 650 2595 praebuit:
674 2556 766 2594 cujus
787 2564 862 2595 per·

115 2605 195 2625 sona
215 2605 312 2636 parce
333 2597 436 2628 utitur
455 2604 530 2638 post
545 2597 688 2637 (propter
706 2597 759 2634 Z.)
775 2607 863 2628 com-

115 2637 280 2678 pendium.
333 2639 567 2671 D.-Eandem
595 2639 767 2670 lectionem
794 2639 865 2681 ipse

118 2680 264 2711 Faernus
279 2682 447 2722 expressit.
476 2682 540 2713 Sed
554 2681 619 2713 duo
633 2682 726 2713 codd.
742 2685 866 2713 ubinam

115 2728 180 2753 est.-
219 2729 253 2754 et
282 2723 351 2754 cod.
377 2724 476 2755 Acad.
502 2734 557 2765 ego
585 2735 651 2756 sum
677 2726 865 2765 Pamphilus.

117 2765 227 2796 Recte.
252 2765 283 2796 N
286 2776 337 2796 am
347 2765 402 2797 illa
416 2765 616 2804 exclamatio,
628 2777 702 2798 cum
717 2767 764 2798 nil
776 2767 864 2799 aliud

114 2808 261 2845 addatur,
278 2818 410 2849 prorsus
421 2808 533 2850 inepta
546 2809 691 2850 putanda
705 2816 763 2841 est.
803 2811 841 2841 B.

159 2852 188 2881 2.
212 2853 275 2882 Sed
284 2853 360 2891 quid
372 2853 447 2882 mihi
461 2853 614 2891 obtigerit,
630 2851 709 2892 ecio]
733 2854 812 2890 Scio,
829 2853 864 2884 id

115 2899 175 2930 est,
190 2894 348 2935 persensi.
388 2894 586 2925 D.—Nescis
605 2896 681 2934 quid
694 2896 768 2926 mihi
782 2897 860 2926 obti-

113 2935 213 2976 gerit]
241 2937 314 2972 Quo
330 2936 484 2977 gaudium
499 2935 616 2968 melius
631 2937 774 2975 nunciet,
794 2938 861 2980 pri·

116 2987 168 3008 mo
183 2979 378 3019 generaliter
393 2978 679 3019 interrogationem
700 2980 861 3021 proponit.

908 1744 1027 1780 Nescis,
1044 1742 1160 1783 inquit,
1174 1745 1249 1783 quid
1264 1745 1416 1783 obtigerit.
1452 1743 1516 1774 Sed
1538 1744 1661 1781 Davus,

907 1786 961 1825 qui
978 1785 1107 1816 vinctus
1128 1786 1241 1822 fuerat,
1264 1785 1387 1825 aliquid
1403 1786 1538 1827 accepit,
1555 1797 1592 1817 ac
1607 1797 1660 1818 re-

907 1828 1062 1869 spondet:
1090 1830 1179 1859 Certe
1195 1831 1294 1859 nes-cio
1315 1830 1435 1868 quidem
1455 1831 1530 1868 quid
1543 1831 1659 1869 obtige-

907 1873 960 1907 rit,
977 1873 1031 1901 sed
1053 1872 1128 1910 quid
1148 1873 1222 1901 mihi
1244 1873 1389 1911 obtigerit
1410 1873 1493 1901 scio.-
1516 1871 1602 1910 quod
1626 1871 1661 1902 in

904 1912 1079 1953 pistrinum
1096 1913 1224 1950 missus,
1241 1919 1274 1943 et
1289 1913 1418 1943 vinctus
1430 1919 1489 1944 est.
1526 1914 1566 1944 E.

949 1957 978 1985 3.
1003 1957 1090 1986 More
1118 1954 1284 1995 hominum]
1316 1957 1480 1986 Hominum
1506 1956 1659 1987 abundat.

907 1999 993 2028 More
1004 2000 1152 2028 hominum
1168 2000 1276 2034 evenit,
1294 2003 1328 2028 ut
1343 2000 1378 2028 id
1389 2001 1468 2038 quod
1481 2001 1538 2029 sim
1552 2004 1661 2030 nactus

906 2040 996 2081 mali]
1013 2040 1100 2076 Quia
1110 2040 1196 2071 fama
1211 2040 1287 2071 mali
1303 2040 1448 2079 celerior,
1459 2051 1555 2081 quam
1565 2041 1659 2072 boni:

906 2083 939 2114 id
955 2090 1013 2120 est,
1031 2089 1067 2114 ut
1088 2083 1214 2114 facilius
1234 2083 1328 2120 mala,
1345 2094 1441 2123 quam
1466 2085 1550 2115 bona
1574 2094 1658 2115 nun-

905 2126 1042 2156 cientur.
1067 2126 1120 2156 Ad
1132 2126 1192 2157 hoc
1203 2136 1280 2166 ergo
1295 2126 1388 2162 dixit,
1399 2126 1485 2166 quod
1499 2126 1556 2157 ille
1569 2127 1661 2168 prior

906 2168 1018 2199 scierit
1032 2169 1118 2208 quod
1133 2175 1219 2199 esset
1236 2168 1372 2206 vinctus,
1385 2179 1482 2209 quam
1497 2169 1568 2210 ipse
1583 2179 1659 2210 cog-

906 2211 1009 2242 nitam
1039 2211 1226 2252 Glycerium
1259 2216 1477 2252 cognosceret.
1529 2212 1662 2243 D.-—Et

906 2257 1026 2294 quidem
1052 2253 1123 2294 ego]
1155 2253 1251 2289 Quod
1275 2260 1311 2284 tu
1337 2264 1451 2294 passus
1475 2253 1530 2291 sis,
1556 2254 1659 2291 Dave,

907 2297 983 2328 scio.
1007 2298 1094 2327 More
1102 2295 1268 2337 hominum]
1288 2296 1420 2327 Famam
1432 2296 1590 2328 malorum
1605 2307 1659 2328 ce·

907 2339 1008 2370 lerem
1031 2339 1186 2370 nuncium
1206 2348 1320 2370 omnes
1342 2338 1514 2370 dixerunt:
1538 2339 1661 2370 idcirco

908 2384 1058 2413 hominum
1077 2393 1157 2413 more
1179 2384 1233 2413 hoc
1260 2384 1397 2422 contigit,
1423 2387 1468 2419 ut,
1490 2383 1565 2412 mali
1587 2383 1662 2422 quid

907 2437 962 2466 ego
984 2436 1094 2464 passus
1118 2436 1220 2462 essem,
1242 2427 1332 2464 prius
1353 2427 1456 2461 scires,
1484 2435 1574 2464 quam
1595 2435 1659 2465 ego,

908 2469 984 2508 quid
998 2470 1056 2499 tibi
1071 2469 1255 2508 contigisset.
1295 2467 1460 2498 E.—-Post
1479 2469 1536 2498 sim
1557 2466 1660 2498 inter-

909 2520 981 2542 sere
996 2522 1060 2550 ego.
1102 2511 1139 2541 B.

950 2555 981 2584 4.
1006 2554 1130 2584 Omnes
1145 2553 1236 2584 codd.
1253 2557 1372 2594 praeter
1387 2551 1456 2582 cod.
1473 2551 1576 2582 Palat.
1588 2551 1662 2592 qui·-

908 2596 982 2627 dem
1005 2596 1126 2627 habent
1141 2598 1227 2632 illud,
1244 2595 1301 2626 sed
1322 2594 1424 2625 male:
1449 2600 1486 2624 ut
1501 2603 1543 2625 ex
1558 2603 1660 2635 oppo-

909 2639 1028 2670 sitione
1052 2644 1188 2669 constat.
1227 2638 1335 2678 Atque
1358 2647 1419 2678 pro
1434 2638 1514 2677 quod
1528 2638 1587 2668 tibi
1607 2646 1660 2667 re-

909 2692 994 2723 pone
1011 2684 1068 2712 tibi
1083 2683 1169 2721 quod.
1207 2681 1244 2711 B.

954 2726 982 2755 5.
1007 2726 1080 2755 Mea
1099 2725 1274 2763 Glycerium
1291 2733 1359 2754 suot
1370 2726 1514 2762 parentes
1527 2721 1660 2762 reperit]

911 2767 991 2798 Haec
1007 2766 1054 2797 ita
1069 2773 1242 2797 narrantur
1259 2765 1362 2802 Davo,
1378 2771 1417 2796 ut
1430 2764 1544 2796 eadem
1561 2774 1662 2806 opera

908 2810 1006 2840 etiam
1023 2808 1184 2840 Charinus
1199 2808 1319 2839 audiat.
1358 2807 1401 2839 D.

952 2853 981 2882 6.
999 2854 1095 2883 Pater
1116 2853 1231 2882 amicus
1254 2849 1402 2891 nmmo]
1433 2850 1517 2881 Haec
1538 2849 1658 2887 omnia,

907 2901 944 2926 ut
965 2894 1117 2931 diximus,
1138 2901 1275 2935 propter
1288 2892 1467 2925 Charinum
1495 2892 1659 2930 dicuutur,

907 2944 942 2968 ut
958 2937 1078 2968 audiat.
1102 2938 1228 2968 Amicus
1242 2935 1389 2976 summ]
1408 2936 1511 2967 Deaet
1525 2934 1601 2975 ejus.
1617 2935 1659 2965 D.

952 2980 980 3012 7.
1008 2981 1089 3011 Num
1104 2981 1157 3011 ille
1171 2981 1300 3011 somniat
1320 2989 1366 3016 ea,
1379 2989 1446 3019 quae
1461 2979 1593 3018 vigilans
1608 2988 1658 3008 vo-
