1852 3216
99 184 238 212 sci-:NA
259 170 329 225 11.]

661 168 1078 211 EUNUCHUS.

1558 174 1634 214 181

155 260 248 302 GN.
269 259 432 301 Eamus
448 273 554 314 ergo
574 259 630 301 ad
652 274 844 301 coenam:
876 260 982 314 quid
1004 262 1123 301 stas?
1167 260 1283 302 PAR.
1298 259 1415 301 Hem
1429 260 1635 312 alterum3

156 324 229 366 Ex
250 324 420 366 homine
440 324 556 366 hunc
576 332 725 366 natum
744 324 879 366 dicas.
931 323 1053 366 Tm.
1078 324 1168 367 Ubi
1187 325 1265 376 vis,
1286 339 1374 367 non
1393 339 1550 367 moror.

156 388 270 430 PAR.
293 388 458 439 Adibo,
479 396 610 444 atque
629 388 905 439 assimulabo,
926 390 1052 444 quasi
1073 405 1187 432 nunc
1205 404 1372 432 exeam.

155 453 332 503 Ituran',
354 453 509 504 Thais,
531 454 733 509 quopiam
752 455 830 495 es?

881 454 1003 497 Tm.
1027 455 1171 498 Ehem
1186 458 1195 498 !
1229 455 1458 506 Parmeno,

100 526 139 556 ιο
156 517 277 560 Bene
310 518 474 560 fecisti:
507 518 638 561 hodie
674 519 816 560 itura?
868 519 983 561 PAR.
1010 519 1141 568 Quo?
1192 520 1315 562 Tm.
1339 519 1491 569 Quid?
1522 519 1637 563 hunc

241 598 328 624 non
347 583 497 625 vides?

154 649 267 691 PAR.
294 649 454 700 Video,
475 657 520 696 et
538 665 606 692 me
627 651 761 692 taedet
778 667 787 692 :
821 650 896 692 ubi
916 650 994 700 vis,
1016 651 1130 692 dona
1150 651 1309 692 adsunt
1328 651 1408 692 tibi

152 713 197 755 A
219 714 437 756 Phaedria.
489 715 613 757 THR.
637 716 758 763 Quid
780 716 971 757 stamus?
1003 730 1080 757 cur
1099 730 1187 756 non
1205 716 1314 757 imus
1334 714 1464 757 hinc?

153 777 268 820 PAR.
292 779 457 827 Quaeso
478 779 622 822 hercle
644 787 692 822 ut
711 780 852 831 liceat,
875 794 982 835 pace
1003 779 1122 835 quod
1143 779 1220 821 fiat
1238 787 1329 831 tua,

94 890 168 920 664.
203 891 320 930 Qu'que
341 892 391 920 sui
411 901 552 921 memores
566 891 643 921 aliar
655 890 760 930 secere
778 901 840 921 me-

92 935 185 963 rendo
198 945 208 963 :
231 932 266 963 id
278 939 337 969 est,
348 939 457 973 gratos
471 932 533 963 sibi
545 932 715 964 reddidere
725 943 840 964 mune-

92 975 204 1006 rando.
234 975 489 1006 D.—1²10m·mum
497 975 621 1015 merito]
638 976 757 1006 Astuta
772 985 840 1006 me-

93 1017 206 1054 retrix,
222 1028 264 1048 ne
273 1017 417 1048 muneris
430 1017 535 1059 gratia
547 1017 671 1048 diceret
685 1027 720 1049 se
732 1028 841 1049 amare

93 1060 242 1097 militem,
267 1060 445 1101 respondit,
469 1070 544 1092 amo
571 1066 614 1098 te,
638 1060 706 1099 sed,
735 1063 843 1092 merito

93 1107 154 1133 tuo.
186 1102 225 1133 E.

135 1145 166 1175 6.
190 1147 305 1177 Eamus
320 1156 392 1186 ergo
402 1147 446 1177 ad
458 1145 591 1186 coenam]
611 1146 731 1177 Decuit
745 1156 842 1187 para-

92 1187 191 1219 situm
215 1188 257 1219 de
280 1198 372 1219 coena
396 1188 495 1220 etiam
517 1188 703 1230 importune
727 1189 841 1220 admo-

92 1241 180 1268 nere,
201 1241 275 1262 cum
291 1231 429 1272 quadam
438 1230 590 1270 ἐμφόσει
605 1232 696 1263 velut
717 1242 843 1272 magnae

91 1273 150 1304 rei.
194 1276 275 1305 Hem
301 1273 449 1315 alterum]
482 1275 573 1305 Bene
596 1277 735 1312 alterum,
767 1275 844 1315 quia

91 1316 156 1347 duo
170 1323 256 1347 sunt.
289 1319 368 1348 Hem
383 1317 529 1357 alterum]
545 1317 580 1348 Si
595 1317 648 1348 hic
664 1318 842 1359 reprehen-

91 1358 188 1390 datur
202 1359 304 1396 miles,
320 1361 450 1391 alterum
465 1362 602 1390 dicmm:
626 1360 652 1391 si
669 1360 843 1401 parasitus,

92 1403 222 1432 alterum
238 1404 392 1432 hominem.
430 1402 510 1433 Vult
526 1402 614 1433 enim
631 1403 793 1434 Parmeno
807 1409 841 1434 et

91 1445 234 1485 parasito
250 1455 321 1475 esse
335 1444 506 1481 versutior,
517 1451 550 1476 et
559 1445 655 1476 debet
668 1455 739 1476 esse
752 1445 839 1485 (edd.

95 1487 210 1518 Venet.
221 1490 274 1528 qui
282 1493 312 1518 et
327 1489 416 1518 debet
431 1488 521 1526 esse),
537 1498 612 1519 cum
627 1488 747 1529 pej0ris
763 1498 840 1518 con-

93 1529 226 1560 ditionis
248 1530 299 1560 sit.
344 1532 424 1561 Hem
439 1529 585 1570 alterum]
608 1533 759 1567 Alterum,
776 1541 842 1561 non

92 1572 283 1613 respective,
305 1572 362 1603 sed
383 1572 547 1608 absolute;
583 1583 620 1603 ac
645 1573 673 1604 si
694 1573 841 1610 dixisset,

91 1614 180 1646 aliud
195 1615 328 1652 dictum,
344 1615 395 1646 vel
411 1615 548 1646 alterum
563 1615 709 1646 stultum.
742 1616 784 1646 D.

137 1657 166 1690 7.
190 1659 241 1688 Ex
255 1660 371 1689 homine
385 1660 464 1688 hunc
484 1664 589 1689 natum
609 1657 712 1699 dicas]
738 1658 841 1689 Recte

91 1700 302 1741 reprehendit
317 1701 478 1731 Parmeno
493 1701 583 1738 duos,
600 1711 738 1741 quorum
756 1711 841 1732 unus

93 1743 288 1774 beneficium
314 1743 433 1774 Thaidi
459 1744 642 1784 exprobrat,
669 1744 752 1774 alter
780 1754 840 1785 pro

94 1785 252 1816 beneficio
281 1795 407 1816 coenam
435 1786 587 1823 ostendit,
619 1792 772 1826 tanquam
800 1786 842 1817 ad

94 1838 166 1858 eam
187 1827 384 1859 currendum
405 1828 466 1859 sit:
491 1838 566 1859 nam
590 1829 652 1859 hoc
670 1828 841 1869 significat,

97 1872 180 1904 Quid
203 1873 292 1901 stas?
325 1870 417 1911 quasi
441 1870 485 1901 sit
510 1881 607 1901 causa
635 1871 841 1912 properandi.

100 1915 161 1943 Ubi
174 1916 229 1950 vis,
245 1924 303 1944 non
317 1912 431 1954 moror]
464 1913 516 1944 Ad
532 1915 648 1944 Eamus
663 1916 706 1944 ad
718 1924 843 1951 coenam,

100 1957 161 1986 Ubi
175 1958 221 1987 vis
235 1955 348 1986 retulit
364 1957 430 1994 (ad,
445 1962 534 1987 recte
556 1956 714 1987 insertum
737 1963 787 1987 oet
809 1956 845 1987 in

94 1998 171 2030 edit.
186 1999 347 2030 Westerh.
373 1998 447 2039 Z.):
480 2000 564 2032 Quid
583 2002 673 2029 stas?
695 2000 766 2029 Non
781 2010 842 2030 mo-

94 2053 154 2072 ror.
179 2042 266 2072 D.—·
274 2043 334 2072 Ubi
348 2044 403 2079 vis,
416 2053 473 2072 non
487 2052 584 2072 moror
594 2041 627 2082 ἒ]
651 2043 722 2073 Νοη
737 2053 843 2079 moror,

95 2094 160 2116 non
175 2084 411 2126 impedimento
422 2095 504 2116 sum.
531 2085 661 2122 E.—Si,
678 2096 715 2116 er
730 2087 845 2116 homine

94 2129 173 2158 hunc
193 2134 297 2159 natam
318 2130 413 2165 dicas,
430 2128 500 2158 sine
521 2128 775 2169 interrogatione
790 2138 844 2158 ac-

94 2170 194 2212 cipian
218 2181 332 2202 sensus
348 2179 407 2208 est,
424 2177 598 2212 utrumque
620 2171 758 2202 stultitia
774 2181 845 2202 esse

94 2223 216 2254 parem.
249 2214 307 2245 Sin
323 2224 397 2245 cum
413 2214 682 2255 interrogatione;
707 2214 844 2245 eandem

95 2255 216 2288 habent
245 2257 322 2294 vim,
348 2267 445 2297 quam
474 2256 531 2287 illa
557 2257 644 2298 apud
676 2257 844 2294 Nostrum,

95 2300 204 2331 Nonne
226 2302 280 2330 hoc
305 2302 431 2331 monstri
453 2301 551 2330 simile
573 2302 647 2330 est?
674 2301 846 2330 Monstrum

95 2343 242 2373 heminas!
256 2342 344 2377 Quod
358 2345 506 2374 ismenem
519 2348 681 2374 monstrum
697 2346 764 2373 est?
781 2343 846 2373 Sed

95 2384 269 2416 admodum
290 2385 459 2426 ingeniosa
481 2392 532 2417 est
553 2385 696 2416 Bentleii
717 2387 845 2426 conjec-

97 2434 180 2465 tura,
204 2430 367 2459 Abdomini
390 2431 468 2459 hunc
494 2434 598 2460 natum
622 2430 716 2459 dicas.
757 2429 843 2459 Nam

97 2470 258 2511 parasitus
273 2477 348 2502 ante
368 2471 505 2508 dixerat,
521 2473 637 2502 Bauius
651 2474 694 2502 ad
706 2483 822 2502 coenam
832 2485 843 2502 :

97 2514 174 2552 qnid
185 2516 276 2544 stas?
306 2513 435 2545 Deinde
452 2514 566 2545 eadem
587 2514 715 2556 phrasis
731 2524 843 2545 occur-

97 2555 143 2585 rit
158 2555 250 2586 Cic.
241 2565 276 2586 m
298 2555 363 2587 Pis.
378 2556 457 2587 xvii.
474 2559 532 2588 Ille
550 2568 665 2598 gurges
678 2563 770 2598 atque
791 2560 843 2588 he-

97 2600 168 2628 luo:
190 2603 282 2671 κΖαὶιω
296 2600 448 2630 abdomini
461 2611 524 2637 eno,
539 2611 598 2631 non
620 2602 706 2631 laudi
726 2606 759 2632 et
776 2602 844 2641 glo-

97 2643 164 2671 riae.

143 2684 173 2713 8.
200 2685 296 2716 Quasi
324 2694 403 2714 nune
423 2683 544 2725 exeam]
568 2684 665 2723 Mire,
692 2697 772 2717 nunc
791 2696 845 2717 et-

98 2737 173 2762 eam,
183 2725 304 2766 quippe
319 2725 375 2766 qui
385 2726 577 2765 jamdudum
591 2728 703 2769 procul
719 2728 848 2759 steterit

99 2768 262 2808 (Uterque
278 2767 360 2799 liber
374 2767 474 2806 addit,
489 2771 534 2800 ibi
553 2771 720 2806 videlieet).

142 2812 171 2842 9.
189 2812 326 2848 numne,
346 2812 450 2848 Thais,
471 2814 610 2852 quopiam
625 2823 657 2843 es
669 2811 703 2853 2]
728 2813 775 2843 Ut
789 2823 846 2844 ex·

99 2853 244 2895 periatur
267 2853 402 2884 Thaidis
425 2854 580 2891 animum,
605 2854 701 2896 fingit
723 2855 849 2887 nescire

98 2906 163 2936 quo
173 2902 236 2927 eat.
259 2897 358 2926 Hem.
355 2899 364 2916 '
380 2896 546 2937 Parmeno]
571 2896 655 2927 Vide
666 2897 847 2939 deprehen-

96 2947 167 2970 sam
182 2938 385 2969 meretricem
401 2939 485 2970 velle
503 2939 734 2971 blandimentis
753 2941 847 2972 satis-

100 2980 203 3013 facere
226 2981 846 3024 Parmenoni.D.—1mmn·‚1⁷haa·a.⁷]

885 890 1071 963 interrogat
1094 890 1264 928 Parmeno,
1288 901 1329 921 an
1353 890 1461 931 aliquo
1482 890 1570 922 itura
1584 891 1636 923 sit.

931 975 980 1005 10.
998 976 1082 1006 Bene
1095 974 1222 1016 fecisti]
1246 975 1335 1011 Quid
1355 976 1439 1007 bene
1458 975 1535 1007 feeit
1556 976 1638 1008 Par·

884 1018 1003 1048 meno?
1022 1018 1076 1047 An
1092 1018 1184 1058 quasi
1198 1019 1388 1059 perturbata
1399 1018 1468 1049 haec
1484 1018 1637 1059 loquitur,

887 1059 986 1091 etiam
1010 1059 1051 1090 de
1075 1060 1178 1091 nihilo
1199 1060 1379 1097 blandiens,
1396 1067 1510 1102 utpote
1531 1071 1638 1092 mere-

887 1102 954 1133 trix
976 1108 1010 1133 et
1033 1102 1158 1133 faceta?
1187 1103 1241 1133 An
1262 1103 1348 1143 quod
1370 1103 1510 1134 illuserit
1524 1104 1638 1134 convi-

886 1145 961 1176 cio?
983 1145 1102 1186 Hodie]
1122 1145 1272 1176 Dulciter
1284 1145 1429 1177 additum
1438 1148 1535 1184 hodie,
1546 1147 1639 1187 quasi

886 1198 961 1219 cum
988 1188 1202 1230 exceptione:
1226 1199 1290 1229 quo
1313 1199 1349 1220 se
1375 1189 1548 1230 significat,
1571 1199 1639 1221 non

885 1237 1045 1273 perpetuo
1067 1233 1293 1263 obsecuturam
1316 1231 1430 1262 militi:
1455 1238 1488 1263 et
1507 1239 1545 1263 ut
1566 1242 1639 1272 quae

888 1275 967 1314 (Sed
979 1280 1015 1305 ut
1033 1286 1168 1315 quoque,·
1191 1282 1257 1312 aut,
1272 1276 1327 1306 sed
1341 1277 1376 1305 id
1389 1277 1469 1315 quod
1491 1274 1545 1315 Z.)
1561 1285 1638 1316 pro·

886 1316 1022 1354 miserit,
1038 1317 1172 1348 biduum
1196 1324 1323 1348 tantum
1340 1317 1526 1349 abfuturum
1544 1318 1638 1348 1³11ae-

887 1359 1002 1390 driam.
1030 1359 1138 1394 Quia?
1154 1362 1232 1390 hunc
1247 1371 1305 1391 non
1320 1362 1403 1391 m'dee
1413 1360 1446 1400 ?]
1466 1360 1501 1390 Si
1518 1360 1640 1392 dixerit

886 1402 994 1439 (forte,
1019 1403 1118 1439 dicat)
1143 1404 1279 1439 militem,
1305 1402 1395 1433 laedit
1420 1409 1637 1444 praesentem:

884 1444 912 1475 si
928 1447 1066 1482 amicum,
1082 1445 1171 1477 laedit
1187 1445 1435 1476 Parmenonem.
1473 1445 1560 1476 Mire
1575 1445 1638 1486 igi-

885 1493 939 1518 tur
959 1497 1139 1528 pronomen
1154 1487 1290 1518 invenit.
1323 1488 1497 1518 D.—Bene
1510 1487 1637 1529 sevisti]

887 1530 951 1560 Ms.
974 1530 1014 1560 R.
1040 1532 1125 1561 Bene
1145 1532 1199 1570 pol
1211 1530 1330 1570 fecisti.
1364 1530 1640 1562 L—Lectionem

885 1572 976 1603 codd.
1000 1579 1033 1603 et
1056 1573 1127 1603 edd.
1145 1573 1229 1603 Bene
1249 1575 1302 1612 pol
1312 1571 1423 1612 fecisti
1444 1583 1557 1604 versus
1573 1583 1640 1604 non

885 1615 1037 1652 admittit,
1062 1615 1126 1646 nisi
1149 1625 1277 1656 quoque
1301 1615 1391 1656 legas
1408 1615 1527 1656 fecstn':
1553 1616 1640 1656 quod

885 1664 936 1689 est
949 1657 1076 1688 durum.
1107 1658 1145 1688 B.

931 1702 980 1731 11.
1013 1702 1116 1738 Video,
1146 1706 1178 1732 et
1213 1712 1259 1732 me
1297 1700 1406 1741 tedet]
1445 1702 1639 1743 Opportune

885 1743 1047 1774 Parmeno
1061 1744 1181 1774 fatetur
1196 1743 1307 1774 odium
1326 1743 1449 1780 militis,
1466 1751 1503 1774 ut
1525 1750 1639 1775 retun-

884 1786 941 1816 dat
962 1786 1003 1816 ab
1025 1796 1065 1816 eo
1088 1786 1174 1827 (lege
1197 1786 1260 1823 vel,
1283 1789 1412 1826 repellat
1432 1788 1472 1817 ab
1494 1798 1528 1817 eo
1541 1799 1552 1821 ,-
1575 1787 1638 1823 vel,

885 1830 1031 1859 retundat
1058 1831 1133 1859 adeo
1156 1828 1211 1867 Z.)
1235 1839 1378 1860 amorem
1394 1828 1539 1859 Thaidis.
1578 1831 1640 1860 Ubi

886 1873 942 1907 vis,
958 1873 1036 1901 dona
1058 1873 1171 1902 adstent
1194 1873 1252 1901 tibi
1273 1883 1293 1901 a
1309 1870 1473 1910 Phaedria]
1501 1870 1558 1902 Nil
1578 1882 1639 1913 po·-

888 1913 952 1944 tuit
968 1913 1137 1945 exitiosius
1153 1913 1250 1944 militi
1265 1913 1464 1954 contingere,
1481 1924 1578 1954 quam
1601 1920 1640 1945 ut

887 1955 1043 1986 continuo
1057 1956 1169 1987 rivalis
1184 1956 1329 1987 mitteret
1341 1966 1470 1993 munus,
1481 1963 1514 1987 et
1528 1963 1639 1998 poste—

886 1998 964 2035 rior,
990 2005 1023 2029 et
1048 2009 1156 2029 coram
1179 1998 1262 2039 ipso.
1285 2000 1375 2030 Dona
1399 2001 1511 2030 adsunt
1535 2001 1593 2030 tibi
1618 2010 1639 2031 a

887 2040 1052 2082 Phaedria]
1076 2042 1159 2072 Cum
1183 2041 1240 2072 illa
1261 2042 1321 2072 sub
1342 2041 1535 2083 pronomine
1552 2042 1638 2074 cela-

891 2084 974 2115 verit
989 2094 1108 2115 nomen
1120 2084 1243 2121 militis,
1255 2095 1296 2115 ex
1308 2091 1377 2116 arte
1387 2084 1547 2116 Parmeno
1561 2095 1638 2127 pro-

889 2127 1058 2158 nunciavit
1071 2139 1091 2158 a
1107 2129 1262 2158 Phaedria.
1292 2127 1335 2158 D.

935 2171 984 2201 12.
1005 2172 1088 2204 Quid
1101 2176 1217 2201 stamus
1226 2169 1260 2211 ?]
1281 2171 1364 2203 Quid
1374 2175 1499 2206 stanam,
1511 2170 1553 2201 ad
1567 2180 1638 2202 mo—

888 2223 958 2244 ram
981 2213 1129 2244 refertur.
1163 2215 1247 2247 Quid
1260 2218 1375 2244 :tanim
1384 2211 1418 2253 ?]
1452 2213 1517 2244 His
1532 2213 1640 2245 verbis

887 2256 982 2287 miles
998 2256 1139 2287 insulsus
1154 2256 1263 2287 dolere
1279 2266 1314 2287 se
1336 2255 1468 2286 indicat-
1503 2257 1567 2287 Gur
1582 2267 1641 2287 non

887 2302 966 2330 imus
987 2301 1057 2330 hine
1066 2298 1099 2340 ?]
1129 2299 1194 2330 Ubi
1216 2309 1330 2330 servus
1350 2298 1463 2329 rivalis
1487 2304 1538 2330 est
1559 2299 1640 2330 Pan

888 2352 994 2373 meno.
1022 2342 1197 2375 D.—Quid
1209 2347 1324 2372 stamus
1333 2340 1367 2382 .⁷]
1386 2341 1494 2379 Miles,
1510 2348 1639 2383 postea-

890 2395 986 2425 quam
1004 2384 1116 2416 rivalis
1140 2395 1270 2416 servum
1292 2384 1380 2415 videt
1403 2383 1518 2415 afferre
1544 2384 1640 2422 dona,

886 2434 1042 2470 properat
1055 2434 1093 2458 ut
1107 2427 1254 2459 discedat
1268 2427 1435 2464 meretrix,
1449 2437 1492 2458 ne
1507 2433 1642 2468 cogatur

887 2481 927 2502 ea
941 2471 1098 2512 accipere.
1134 2471 1174 2502 E.

934 2514 983 2545 13.
1000 2515 1082 2544 Pace
1097 2515 1245 2554 quodfiat
1260 2512 1330 2554 tua]
1347 2515 1438 2551 Pace,
1455 2518 1511 2544 ant
1525 2512 1640 2554 gratia,

888 2563 945 2588 aut
966 2556 1151 2587 voluntate:
1176 2563 1210 2588 et
1231 2557 1322 2587 deest
1343 2567 1419 2587 cum.
1456 2556 1502 2587 Et
1523 2556 1570 2587 sic
1592 2555 1640 2587 lo-

889 2606 984 2631 cutus
1007 2606 1065 2636 est,
1086 2599 1178 2640 quasi
1202 2599 1321 2630 bellum
1343 2598 1395 2629 his
1410 2598 1519 2630 verbis
1533 2598 1640 2630 omni-

889 2643 951 2674 bus
965 2642 1132 2673 indixerit.
1149 2644 1232 2673 Pace
1243 2643 1323 2682 quod
1329 2643 1390 2680 fiat
1407 2646 1470 2679 tua,
1482 2643 1557 2673 dare
1571 2642 1643 2673 Mc

890 2696 957 2726 quae
983 2687 1125 2722 volumus,
1149 2686 1305 2715 convenire
1326 2689 1357 2715 et
1380 2683 1525 2725 colloqui]
1557 2684 1639 2715 Pro-

889 2727 980 2769 prie:
1005 2727 1081 2768 quia
1106 2738 1181 2767 pas,
1210 2729 1303 2764 datio,
1326 2728 1451 2764 deditio,
1478 2729 1641 2765 comalio,

890 2773 1079 2811 colloquium,
1104 2769 1230 2800 militie
1255 2769 1355 2800 verba
1378 2775 1475 2801 sunt:
1497 2775 1532 2801 et
1554 2769 1641 2801 invi·-

891 2813 982 2844 diose
997 2812 1043 2843 sic
1059 2812 1114 2849 ait,
1128 2812 1220 2852 quasi
1240 2821 1301 2854 per
1322 2821 1397 2844 eum
1411 2821 1479 2843 non
1493 2812 1641 2886 accipere

892 2855 989 2887 liceat
1004 2854 1173 2886 Thaidem.
1211 2855 1256 2886 Et
1279 2854 1326 2886 sic
1346 2854 1550 2896 pronunciari
1575 2865 1628 2886 um

891 2904 930 2929 ut
951 2898 1162 2929 subaudiatur
1184 2899 1253 2928 vel.-
1275 2903 1315 2929 ut
1329 2897 1382 2935 sit,
1405 2897 1458 2928 vel
1483 2897 1570 2934 dare,
1587 2897 1641 2928 vel

891 2940 1076 2972 convenire.
1095 2940 1138 2971 Et
1146 2939 1303 2980 colloqui:
1320 2946 1358 2971 nt
1371 2939 1577 2971 interhostes
1588 2950 1641 2971 so-

892 2983 946 3014 let.
972 2982 1143 3015 Sallustius
1153 2984 1306 3024 (uterque
1320 2982 1410 3015 locus
1426 2983 1460 3014 in
1474 2982 1638 3023 Fragm.):
