1852 3216
75 136 225 204 semu·
237 162 324 216 111.]

686 147 995 202 ANDRIA.

1558 161 1610 202 31

132 252 152 293 Ι
157 260 199 293 ta
219 258 370 306 aperte
389 250 527 305 ipsam
546 263 637 291 rem
656 248 786 290 modo
805 247 993 298 locutus,
1011 247 1117 290 nihil
1136 249 1385 291 circuitione
1414 263 1521 290 usus
1550 263 1612 291 eS.

131 318 196 359 Sl.
231 317 385 358 Ubivis
406 315 572 358 facilius
593 329 749 370 passus
770 314 863 363 sim,
884 328 1014 368 quam
1033 314 1076 355 in
1097 313 1179 355 hac
1200 328 1263 363 re,
1283 328 1351 355 me
1373 312 1584 354 deludier.

132 382 251 424 DAv.
285 381 409 423 Bona
430 381 562 422 verba
580 394 745 437 quaeso.
807 378 872 420 St.
905 378 1097 420 Irrides?
1130 377 1236 419 nihil
1256 392 1323 420 me
1354 376 1480 419 fallis.
1525 377 1615 418 Sed

217 447 314 488 dico
336 447 430 495 tibi,

131 511 204 553 Ne
225 519 384 554 temere
406 510 556 553 facias:
588 524 730 566 neque
750 516 798 552 tu
818 508 936 551 haud
957 509 1092 560 dicas,
1114 508 1194 550 tibi
1223 523 1311 550 non
1340 508 1615 564 praedictum:

216 591 332 619 cave·

351 740 606 789 ACTUS
653 739 883 788 PRIMI
929 739 1183 787 SCENA
1229 739 1340 787 ΙΙΙ.

756 865 927 897 DAVUS.

134 940 401 989 Emuvmto,
425 938 567 988 Dave,
589 936 695 979 nihil
714 935 797 978 loci
817 936 871 978 'st
892 935 1087 991 segnitiae
1107 949 1248 990 neque
1271 935 1496 986 socordiae,

130 1005 355 1053 Quantum
373 1002 565 1045 intellexi
585 1002 714 1044 modo
735 1001 850 1043 senis
874 1000 1128 1043 sententiam
1146 1000 1201 1041 de
1222 1000 1411 1054 nuptiis:

117 1138 170 1169 31.
193 1139 294 1178 Ipsam
310 1135 390 1177 rem]
410 1136 519 1178 Ipsam
537 1145 618 1172 rem,
634 1134 668 1166 id
690 1140 750 1172 est,
765 1144 823 1165 vo-

75 1181 232 1212 luntatem
278 1190 380 1216 suam,
425 1186 482 1210 aut
526 1177 825 1225 interminationem

75 1234 185 1260 suam·
208 1224 269 1254 hoc
283 1229 343 1260 est,
358 1222 532 1264 pistrinum
547 1228 580 1253 et
592 1231 707 1263 poenas
721 1219 824 1251 servi-

75 1266 133 1298 les.
182 1268 274 1298 Nilul
301 1264 495 1306 eir-cnsilium]
534 1266 634 1302 Nihil,
660 1273 721 1306 pro
748 1273 824 1294 ιιοιι.

77 1311 272 1346 (Συ-Μᾶρκε,
286 1308 480 1350 periphrasi.
524 1309 604 1338 Usus
618 1306 667 1347 es]
690 1306 827 1347 Legitur

76 1358 110 1384 et
124 1364 194 1383 nor
208 1363 249 1383 es.
288 1352 563 1383 D.—Gt'renitione
585 1361 657 1380 aeus
678 1348 727 1389 es]
754 1349 826 1380 MS.

79 1397 301 1426 Circa-uitione.
341 1393 512 1434 L—Iaege
534 1395 647 1423 circum
671 1394 763 1422 itione
786 1391 827 1422 ob

78 1438 175 1469 fidem
191 1436 421 1469 nonnullorum
435 1436 527 1467 codd.
544 1434 600 1476 qui
622 1435 744 1466 habent
765 1436 827 1465 eir-

77 1483 247 1517 coemitione,
266 1487 299 1511 et
320 1478 473 1521 inprimis
494 1479 535 1509 ob
557 1487 652 1508 usum
673 1476 827 1517 loquendi

77 1523 400 1597 3ἅᾶῗὲῒὲὴέ
419 1522 592 1595 {mmm
617 1519 673 1560 ‘¹¹¹⁵
698 1529 828 1561 mm

121 1610 172 1640 ³2.
202 1606 461 1647 Ultimis-facilius]
477 1604 677 1637 Admonitio.
722 1606 828 1636 Ubivis

70 1650 218 1692 facilins]
234 1650 359 1688 Cicero,
374 1651 444 1681 Non
459 1655 506 1680 est
520 1651 553 1679 in
567 1650 626 1680 hac
642 1659 735 1679 msa
753 1658 827 1688 pec-

78 1696 169 1725 candi
184 1696 265 1725 loeus
278 1695 370 1724 nllus.
402 1693 445 1723 D.

122 1738 174 1768 33.
198 1738 286 1767 Bona
299 1737 391 1767 verba
405 1733 521 1776 qaaeso]
547 1733 613 1765 Hic
633 1733 668 1765 in
692 1731 830 1773 εἰρωνείᾳ

79 1786 130 1811 est
151 1776 363 1819 εὖφημισμόςε
395 1777 487 1819 quasi
512 1777 608 1814 dicat,
625 1776 791 1807 melioral
792 1785 829 1805 o-

80 1832 190 1863 quere,
211 1831 292 1862 rogo
313 1827 365 1856 te;
499 1829 574 1851 cum
596 1819 829 1854 admonitione,

82 1865 175 1896 Bona
186 1863 424 1904 verba‚'1nquit,
435 1873 524 1904 rogo.
561 1863 655 1893 Nihil
667 1860 829 1902 nesallis]

81 1908 159 1939 Non
175 1913 208 1938 te
222 1907 347 1948 ignom,
363 1916 429 1937 non
444 1916 497 1936 me
512 1904 583 1936 deci
607 1904 646 1935 is.
685 1904 739 1935 Sic
756 1904 830 1935 Me·

81 1951 224 1982 nander·
249 1950 304 1981 νῦν
319 1947 354 1980 δὲ
367 1947 459 1980 οὕδὲν
472 1946 536 1979 λέλ
627 1959 668 1986 με
682 1946 730 1978 ἄν.
770 1948 831 1977 Νι·-

80 1995 127 2024 Ιιὶι
145 2004 192 2024 ne
203 1991 314 2032 sullis]
340 1991 462 2033 Figura
489 1997 539 2022 est
565 1988 778 2029 ἑλληνισμόςε
813 1999 833 2019 a

80 2036 152 2068 loco
167 2034 258 2067 οὐδέν
267 2047 308 2074 με
323 2033 489 2066 λανθάνοις
504 2033 551 2065 ἄν.
590 2032 706 2073 Panis]
724 2032 832 2068 Lates,

81 2085 120 2111 ut
135 2078 178 2110 sit
196 2077 287 2110 οὐδέν
299 2089 340 2116 με
362 2075 511 2114 λέληθας.
551 2077 642 2107 Nihil
662 2087 707 2106 me
719 2073 830 2115 fallis]

83 2123 184 2158 Nihil,
205 2131 267 2163 pro
288 2120 385 2151 etiam
409 2130 506 2151 nunc.
545 2118 737 2149 D.—Recte
754 2124 832 2148 vett.

82 2164 186 2196 nostri
196 2132 288 2195 codd.
301 2165 413 2194 irrides
423 2162 495 2194 sine
506 2161 761 2202 interrogatione
773 2171 833 2201 po-

83 2213 176 2239 nunt.
216 2207 303 2238 Illud
314 2212 422 2237 autem
434 2208 490 2236 sed
500 2207 567 2235 dico
578 2215 652 2235 cum
666 2203 701 2234 in
715 2214 752 2234 re
768 2210 834 2234 tam

83 2250 175 2292 gravi
207 2249 306 2281 nimis
342 2249 387 2280 sit
422 2247 579 2296 tepidum,
610 2246 836 2289 reponendum

83 2303 201 2324 censeo
214 2295 308 2329 edico,
324 2291 356 2322 h.
372 2301 400 2322 e.
417 2290 584 2322 denuntio.
617 2290 655 2320 Β.

127 2337 180 2367 ³4.
203 2337 292 2376 Nequ
294 2336 457 2366 etuhaud
477 2336 574 2370 dicas,
590 2334 648 2364 tibi
670 2342 830 2372 καιριω-

84 2377 215 2419 diet-n]
233 2379 316 2409 Duae
337 2377 497 2418 negativae
517 2375 642 2407 faciunt
663 2385 762 2406 unam
784 2374 832 2405 af-

86 2421 298 2453 firmativam:
322 2426 388 2451 tres
402 2419 562 2461 negativae
575 2429 636 2461 pro
652 2428 717 2449 una
733 2427 832 2459 nega-

86 2464 154 2495 tiva
169 2464 390 2506 accipiuntur:
413 2469 451 2494 ιιι
464 2462 529 2500 hic,
545 2463 653 2502 Neque
668 2462 752 2492 houd
766 2472 833 2491 nou.

87 2507 269 2543 Sallustius,
279 2507 403 2538 Hand
390 2507 530 2546 mpigre,
546 2515 640 2545 neque
654 2506 770 2534 ιἰιειίἰω
784 2514 833 2534 oc·

86 2552 211 2581 eidit-r.
249 2549 338 2580 Vera
357 2559 436 2590 ergo
457 2547 554 2579 lectio
575 2553 643 2578 est.
671 2547 779 2587 Neque
801 2551 836 2576 tu

86 2594 171 2623 hand
183 2593 289 2627 dicas,-
307 2591 393 2633 qnod
407 2590 550 2632 plurimi,
567 2600 632 2621 non
648 2589 835 2630 intelligen-

87 2641 147 2671 tes,
158 2634 441 2675 hocdicaelegunt.
470 2632 577 2674 Neque
589 2634 673 2664 hand
684 2638 717 2663 tu
732 2630 836 2672 dicas]

88 2677 176 2708 Vera
192 2676 299 2714 lectio,
315 2678 422 2718 Neque
444 2678 528 2707 had
546 2678 653 2711 dica-t,-
680 2681 731 2706 est
749 2674 837 2706 enim

87 2720 237 2761 quintum
259 2731 284 2749 ι-
420 2741 429 2750 .
469 2718 604 2749 Plautm
625 2718 660 2749 in
684 2717 837 2749 Bacchid.

89 2763 203 2803 (hodie
218 2772 284 2793 non
299 2767 490 2803 comparent
511 2761 589 2792 haec.
629 2761 728 2792 Forte
749 2760 838 2791 exci-

89 2805 209 2837 derunt
230 2815 272 2836 ex
294 2805 366 2836 Act.
389 2804 433 2834 iv.
451 2804 501 2834 Sc.
525 2804 556 2840 9,
579 2803 635 2835 nbi
656 2803 695 2834 fit
715 2802 840 2835 mentio

89 2858 176 2889 saepe
191 2847 304 2889 oppidi
321 2845 503 2887 Jocularis.)
540 2847 647 2886 Neque
662 2847 746 2877 haud
764 2848 836 2876 sub-

90 2893 189 2922 dieiva
211 2892 314 2932 gloria
343 2891 485 2930 oppidum
513 2891 657 2920 arbitror.
699 2889 839 2920 D.-—1·u

91 2935 175 2965 fiand
188 2932 291 2974 dicas]
313 2932 377 2964 Ma.
396 2932 436 2963 R.
450 2937 485 2962 et
499 2931 540 2962 V.
557 2931 594 2963 C.
611 2933 667 2962 hoc
680 2933 725 2962 sic
746 2933 838 2962 dices.

93 2975 241 3008 L—Pro
266 2978 353 3007 dicas
378 2980 466 3007 recte
495 2974 566 3006 cod.
591 2973 779 3012 Vaticanus,
807 2980 841 3005 et

868 1138 934 1164 tres
949 1131 1100 1163 meliores
1114 1142 1132 1162 e
1148 1130 1269 1162 nostris
1283 1131 1398 1172 legunt
1412 1133 1505 1163 dices.
1544 1131 1622 1163 Non

868 1175 956 1207 enim
968 1175 1068 1206 edicit
1080 1175 1180 1212 Simo,
1193 1185 1235 1205 ne
1252 1175 1366 1206 Davus
1380 1177 1464 1205 dicat
1477 1174 1539 1205 sibi
1556 1185 1622 1205 non

868 1217 1078 1260 praedictum:
1103 1217 1174 1259 ipse
1190 1218 1303 1248 Davus
1318 1219 1387 1258 jam
1410 1217 1623 1259 praemonitus

870 1272 935 1293 non
958 1261 1020 1292 hoc
1043 1263 1134 1297 dicet,
1154 1270 1215 1291 nec
1238 1260 1347 1292 dicere
1368 1260 1510 1291 audebit.
1548 1261 1621 1291 Cae-

870 1311 975 1335 terum
988 1314 1048 1346 pro
1060 1303 1200 1334 lectione
1210 1303 1360 1334 Vaticani
1373 1305 1427 1334 hoc
1441 1303 1514 1344 lege
1529 1305 1623 1339 haud,

869 1347 917 1378 ita
952 1353 990 1420 '1¹3‘
1026 1357 1120 1387 neque
1157 1348 1241 1377 haud
1282 1346 1460 1388 accipiatur
1495 1346 1621 1387 negati-

870 1400 920 1421 ve.
982 1411 991 1420 .

917 1433 945 1463 l.
972 1434 1141 1468 Enimvero,
1164 1431 1268 1472 Dave]
1294 1431 1361 1462 Hic
1382 1431 1491 1463 brevis
1513 1437 1546 1462 et
1567 1442 1622 1463 co·

870 1475 955 1506 mica
969 1475 1160 1506 deliberatio
1175 1481 1234 1512 est,
1248 1485 1366 1515 magna
1381 1474 1624 1516 exspectatione

869 1518 1027 1560 populum
1036 1527 1146 1548 rerum
1158 1517 1399 1548 imminentium
1412 1523 1624 1554 commotura,

872 1561 955 1601 (ΜΒ.
974 1560 1097 1591 Boend.
1113 1571 1226 1601 magna
1239 1562 1460 1600 exspectatione
1472 1562 1623 1600 plurima-

870 1614 937 1634 rum
960 1614 1062 1634 rerum
1087 1605 1307 1634 imminentium
1332 1605 1515 1634 commotiva.
1562 1602 1626 1634 Illa

871 1652 991 1683 autem,
1010 1648 1214 1686 plurimarum
1235 1656 1347 1683 rerum,
1370 1645 1469 1676 etiam
1491 1651 1569 1676 sunt
1588 1644 1624 1676 in

872 1689 923 1720 ed.
940 1689 1006 1720 Du.
1023 1688 1091 1728 Β.),
1106 1694 1197 1719 metu
1212 1694 1247 1719 et
1260 1698 1339 1719 cura
1353 1687 1522 1719 mamantis
1539 1687 1625 1719 Davi

872 1730 1313 1773 considerationeproposita.
1342 1733 1512 1768 Enimvero,
1520 1730 1624 1771 Dave]

874 1774 991 1806 Omnis
1005 1784 1146 1815 persona
1157 1780 1214 1805 aut
1231 1774 1272 1805 ab
1293 1773 1397 1805 altero
1417 1773 1625 1805 commenda-

873 1823 937 1853 tur,
953 1824 1009 1847 aut
1024 1827 1060 1848 se
1074 1816 1179 1858 ipsam
1194 1816 1316 1858 populo
1337 1817 1552 1853 commendat,
1569 1822 1628 1847 aut

874 1866 907 1891 et
921 1860 962 1890 ab
977 1859 1080 1890 altero
1099 1860 1180 1899 (Ms-
1199 1859 1311 1890 Hulst.
1327 1859 1419 1890 addit
1439 1861 1626 1890 conmenda-

876 1902 941 1942 tur)
958 1908 992 1933 et
1006 1912 1026 1932 a
1041 1912 1076 1933 se
1091 1902 1181 1943 ipsa;
1203 1908 1241 1932 ut
1258 1901 1311 1932 hic
1335 1901 1431 1939 Davi,
1447 1907 1481 1932 et
1501 1911 1562 1943 per
1575 1901 1627 1932 Si-

875 1954 1005 2018 ἳιιίιιιαειιι
1035 1954 1152 2018 supa
1162 1944 1327 1995 descripta
1353 1950 1413 2018 est,
1424 1944 1501 2018 hubi
1537 1944 1628 1982 dicit,

983 1998 1074 2024 mens,
1151 1999 1187 2018 us
1207 1998 1347 2018 omnus.-
1370 1997 1389 2018 e
1447 1997 1478 2018 ic
1541 1997 1560 2018 r
1580 1998 1627 2025 ae,

876 2031 954 2061 dum
969 2030 1031 2061 hoe
1045 2036 1140 2071 gestu
1154 2040 1192 2061 ac
1207 2039 1356 2061 sermone
1371 2029 1440 2071 agit
1454 1997 1627 2072 acliiispu-

878 2079 925 2104 tat
954 2083 1074 2104 secum.
1128 2074 1296 2110 Enimvero,
1327 2072 1433 2114 Dave]
1468 2074 1630 2104 Enimvero

877 2115 1149 2157 significationem
1162 2116 1260 2147 habet
1270 2115 1408 2147 nimium
1516 2115 1564 2146 oti
1578 2122 1628 2147 at-

877 2169 940 2200 que
963 2158 1082 2189 irritati
1106 2158 1218 2189 animi.
1265 2158 1390 2195 Cicero,
1410 2158 1505 2189 Verr.
1528 2158 1551 2189 i.
1576 2159 1628 2189 26.

877 2204 942 2233 Hic
957 2207 1020 2232 tum
1036 2203 1117 2232 alius
1131 2212 1168 2232 ex
1183 2203 1249 2231 alia
1264 2206 1376 2241 parte.-
1399 2202 1561 2232 Enimvero
1572 2199 1628 2241 se-

877 2246 1003 2276 rendum
1018 2246 1072 2275 hoc
1092 2255 1151 2274 non
1172 2249 1239 2274 est:
1262 2249 1383 2274 vocetur
1396 2245 1515 2274 mulier.
1553 2245 1630 2284 Seg-

878 2286 983 2327 nitiae]
999 2287 1053 2318 Ad
1074 2286 1246 2327 agendum.
1284 2285 1452 2326 Socordiae]
1475 2285 1530 2317 Ad
1550 2296 1629 2317 con-

874 2330 1093 2361 siderandum.
1122 2329 1162 2360 D.
1164 2329 1292 2360 —Haec
1303 2339 1401 2360 scena
1410 2327 1631 2360 deliberative

875 2373 942 2404 vim
966 2378 1065 2403 tenet.
1107 2372 1193 2403 Nam
1217 2378 1357 2403 terretur
1378 2381 1397 2402 a
1419 2371 1552 2402 domino
1575 2381 1628 2403 se-

876 2415 968 2447 niore
993 2415 1123 2451 Davus3
1154 2414 1313 2446 deliberat
1333 2414 1387 2445 cui
1409 2415 1629 2462 obtemperetg

877 2469 919 2490 an
941 2457 1156 2490 adolescentis
1177 2457 1297 2495 animo,
1316 2467 1358 2488 an
1380 2456 1520 2498 imperio
1540 2457 1631 2488 senis

878 2501 1063 2533 satisfaciat.
1103 2500 1235 2532 Habet'
1226 2500 1326 2542 igitur
1338 2499 1559 2531 deliberativae
1572 2509 1631 2531 ex-

879 2544 1016 2581 ordium,
1033 2544 1068 2575 in
1083 2554 1147 2584 qua
1162 2543 1345 2574 exhortatio
1367 2549 1436 2574 est:
1460 2543 1632 2580 ΕΜ

879 2589 978 2625 Dm,
994 2589 1073 2617 nihil
1087 2589 1146 2617 loci
1160 2587 1201 2617 'et
1214 2585 1371 2627 segnieiae]
1389 2586 1530 2626 Segi-itia
1542 2585 1632 2628 posi-

880 2637 950 2662 tum
963 2636 1022 2667 est,
1034 2635 1072 2660 ut
1084 2639 1123 2660 ea
1135 2639 1207 2669 quae
1218 2628 1352 2659 inventa
1366 2634 1452 2666 sunt,
1466 2637 1532 2660 non
1546 2638 1632 2670 pre-

882 2679 1067 2708 tereantur;
1090 2673 1227 2703 socordia
1240 2681 1327 2707 vero,
1349 2676 1388 2702 ut
1404 2681 1444 2702 ea
1462 2681 1535 2712 qim
1556 2677 1635 2703 sunt

881 2715 1074 2752 necessaria,
1095 2714 1192 2745 corde
1214 2713 1442 2750 inveniantur,
1468 2723 1542 2754 qum
1561 2713 1635 2763 ipsa

882 2758 1065 2790 exhortatio
1079 2767 1100 2788 a
1114 2756 1268 2798 periculis
1286 2755 1459 2792 incinunt-
1468 2724 1548 2788 qillis
1568 2756 1632 2788 sci-

882 2801 969 2838 licet,
989 2802 1178 2834 Quaesim
1199 2804 1269 2831 astu
1288 2801 1496 2840 providentur,
1511 2811 1557 2831 ne
1578 2805 1635 2830 aut

881 2847 985 2875 heram
999 2844 1247 2883 pessundabant.
1284 2843 1403 2874 Herum
1417 2848 1527 2873 autem
1549 2841 1636 2873 dixit

886 2885 1103 2928 Pamphilum.
1136 2885 1176 2916 B.

926 2931 957 2959 2.
998 2930 1151 2962 Qumis-⁸
1179 2927 1281 2970 nodo]
1315 2930 1480 2966 Quantum,
1512 2937 1572 2969 pro
1598 2926 1634 2958 in

883 2977 1049 3013 quantum.
1083 2971 1125 3002 D.
