1852 3216
95 175 235 203 SCENA
259 163 320 217 v.]

154 251 244 292 Sed
264 250 401 292 Thais
421 248 556 291 multo
575 256 675 292 ante
698 250 843 292 venit?

657 160 1070 203 EUNUCHUS.

1551 169 1636 210 213

894 249 979 291 PY.
1002 249 1075 291 An
1097 251 1202 292 abiit
1216 251 1306 307 jam
1327 267 1353 293 a
1370 253 1536 296 milite?

153 314 237 356 Cn.
255 314 536 364 Jamdudum,
557 321 753 356 aetatem:
785 313 882 355 lites
900 321 1000 355 sunt
1020 314 1131 356 inter
1150 330 1225 357 eos
1242 315 1368 358 factae
1390 332 1616 362 maxumae.

153 378 238 421 Pr.
267 378 390 420 Nihil
422 379 547 430 dixit,
575 386 624 421 ut
653 393 883 435 sequerere
915 380 1043 420 sese?
1095 379 1180 421 Cn.
1210 379 1349 431 Nihil,
1377 382 1459 423 nisi
1488 384 1637 426 abiens

236 443 341 484 mihi
360 444 512 485 innuit.

96 516 135 546 lo
153 506 236 549 Pr.
259 507 363 550 Eho
383 523 524 550 nonne
545 509 591 550 id
617 516 684 551 sat
703 510 826 551 erat?

236 573 335 624 lam,
358 574 439 615 nisi
459 575 560 629 quia

882 507 968 550 Cu.
990 506 1054 550 At
1074 509 1319 552 nesciebam
1348 510 1393 552 id
1414 511 1559 554 dicere
1588 512 1639 554 il-

151 637 354 681 Correxit
372 638 507 689 miles,
528 639 647 694 quod
676 637 868 681 intellexi
886 639 1025 680 minus
1046 655 1055 680 ε
1088 654 1187 681 nam
1210 654 1278 682 me
1298 641 1484 684 extrusit
1502 641 1659 695 foras.-

152 702 243 745 Sed
262 718 406 746 eccam
426 704 590 759 ipsam:
622 704 751 745 miror
771 705 847 746 ubi
865 719 947 759 ego
968 704 1070 746 huic
1090 706 1407 748 anteverterim.

93 881 224 910 alacrem
246 881 375 920 vigorem
399 881 529 909 incutiat
542 891 553 909 .·
576 880 633 909 hac
654 881 732 909 enim
747 880 842 909 silar-

93 924 162 952 ehia
182 924 336 963 navigium
363 923 487 952 Veneris
509 922 627 961 indiget
647 923 720 951 sola.
767 921 841 951 vid.

96 964 121 994 F
124 964 244 1005 ulgent.
263 964 400 1006 Mythol.
417 963 471 994 lib.
489 963 522 994 ii.
560 963 650 994 Serv.
674 963 804 994 AEneid.
821 963 841 994 i.

94 1007 303 1038 L.——Omnes
323 1006 427 1038 nostri
448 1006 579 1042 habent,
602 1011 657 1043 est,
680 1011 717 1036 ut
738 1006 842 1036 Andr.

94 1049 126 1079 ii.
151 1051 180 1080 5.
212 1051 260 1080 15.
305 1051 413 1080 Verum
433 1050 513 1079 illud
532 1050 654 1079 verbum
676 1053 730 1079 est.
777 1048 842 1079 Sed

94 1092 209 1133 optimi
224 1091 298 1123 libri
316 1091 443 1128 Fam-ni,
459 1093 519 1122 erit
528 1104 540 1126 ;
563 1101 627 1131 quo
644 1091 740 1122 verbo
755 1090 841 1121 anti-

93 1134 149 1175 qui
164 1134 262 1165 etiam
284 1134 457 1176 praesentia
472 1140 505 1164 et
526 1133 693 1175 praeterita
714 1133 841 1174 signifi-

93 1177 218 1208 cabant.
268 1177 384 1218 Igitur,
408 1179 478 1214 erit,
508 1176 716 1207 retinendum
745 1183 842 1218 puta-

93 1229 174 1251 mus.
210 1220 249 1250 B.

139 1263 167 1295 7.
192 1264 254 1293 Sed
276 1263 371 1293 Thais
386 1263 479 1293 multo
494 1267 564 1293 ante
578 1263 659 1293 venit
672 1260 706 1302 ?]
733 1261 841 1292 Inter-

93 1305 239 1346 rogative
264 1304 544 1346 pronunciandum
571 1304 642 1335 hoc.
689 1304 734 1335 Et
759 1304 843 1335 scias

94 1347 134 1378 de
151 1348 201 1379 his
216 1347 524 1388 interrogationibus
540 1347 624 1378 hanc
640 1346 745 1388 ipsam
762 1357 843 1384 esse,

93 1390 129 1421 in
151 1391 268 1431 quibus
290 1390 335 1421 ita
357 1389 541 1430 quaerimus,
561 1396 606 1426 ut,
623 1389 678 1429 qui
700 1389 840 1420 interro-

93 1440 222 1473 gantur,
242 1432 431 1471 responsuri
447 1431 541 1463 nobis
561 1442 596 1463 se
613 1432 704 1472 (qaid
719 1443 840 1471 respon-

93 1478 160 1506 sun·
168 1478 253 1506 nobis
261 1478 323 1506 sint
336 1475 392 1514 Z.)
405 1474 531 1506 nescire
543 1474 722 1505 videantur.
756 1475 844 1505 D.—

95 1520 145 1548 An
161 1520 239 1549 abiit
251 1518 285 1559 ?]
304 1518 343 1548 V.
361 1518 397 1549 C.
421 1528 499 1548 anne
513 1518 620 1548 abiit?
659 1517 841 1558 L—Lege‚

96 1562 157 1591 Sed
178 1563 270 1591 Thais
289 1562 381 1591 mullo
403 1571 448 1591 me
470 1562 649 1590 antevenit?
689 1561 726 1590 P.
752 1562 842 1590 Anne

93 1605 181 1640 abiit,
196 1609 253 1634 etc.
300 1603 395 1639 Nam,
418 1613 496 1633 anne
514 1604 602 1639 abiit,
624 1601 716 1633 codd.
739 1601 840 1644 pleri-

94 1655 167 1686 que.
210 1648 301 1677 Abiit
315 1645 368 1676 hic
384 1651 434 1676 est
449 1645 640 1685 disyllabon.
672 1645 710 1675 B.

139 1690 168 1719 8.
185 1690 378 1725 Iamdudum,
390 1687 527 1729 aetatem]
540 1687 635 1724 Quia,
638 1687 708 1728 jam
717 1688 841 1725 dudum,

95 1731 232 1762 infinitae
254 1741 352 1762 morae
374 1736 441 1766 est;
465 1730 556 1761 addit
577 1735 707 1767 nentem,
727 1736 765 1760 ut
786 1740 838 1761 os-

95 1774 207 1805 tendat
217 1773 355 1804 multum
367 1772 484 1804 abiisse
495 1772 661 1813 temporis,
672 1779 711 1803 ut
720 1772 841 1803 factum

95 1821 154 1847 est.
204 1817 398 1852 Iandudum,
415 1814 554 1855 aetatem]
579 1815 643 1846 Pro
664 1815 842 1856 longinquo

96 1865 260 1900 tempore;
306 1857 460 1895 Lucilius,
484 1863 519 1888 ut
541 1860 649 1888 multoe
672 1868 842 1897 mentesque

94 1904 216 1942 diesque
227 1913 238 1931 .-
274 1903 344 1932 Non
368 1906 467 1931 tamen
496 1906 627 1931 aetatem.
686 1899 842 1940 AEtatent]

97 1944 173 1981 Diu,
189 1943 430 1985 longinquoque
445 1950 589 1984 tempore
601 1952 639 1973 ac
654 1942 791 1984 prolixo,
808 1948 845 1973 ut

94 1993 145 2018 est
159 1993 245 2018 aetas.
292 1987 376 2017 Nam
393 1986 440 2017 sic
453 1985 591 2016 dicimus
605 1985 647 2016 de
661 1985 715 2016 die
730 1992 763 2016 et
777 1987 843 2016 die-

92 2031 201 2067 culam,
214 2029 446 2069 aliquantulam
460 2038 591 2059 moram.
619 2028 762 2059 D.—Ex
773 2038 843 2058 om-

93 2072 188 2103 nibus
204 2072 295 2103 codd.
312 2071 442 2109 colloca,
467 2073 536 2102 lites
548 2070 647 2111 saeta
668 2076 739 2101 sant
761 2073 843 2101 inter

93 2126 141 2146 eos
154 2126 191 2145 m.
226 2115 263 2145 B.

138 2158 167 2189 9.
192 2159 284 2188 Nihil
303 2159 384 2188 dixit
399 2162 471 2193 tum,
495 2161 530 2186 ut
551 2167 709 2196 sequerere
729 2166 793 2187 sese
806 2155 841 2196 ?]

95 2202 194 2237 Nihil,
205 2210 265 2241 pro
275 2210 349 2231 non.
365 2199 533 2240 Virgilius,
550 2199 625 2229 AEn.
639 2210 668 2230 v.
683 2199 756 2231 751.
776 2200 839 2229 De-

92 2248 216 2283 ponunt,
243 2245 358 2273 animos
380 2243 427 2272 nil
450 2253 566 2282 magna
589 2244 689 2272 laudis
712 2246 842 2282 egenter.

95 2287 195 2323 Nihil,
223 2288 284 2316 nisi
314 2287 418 2316 abiens
447 2287 522 2315 mihi
547 2284 664 2324 innuit]
696 2284 845 2325 Apparet

95 2328 186 2369 quasi
200 2328 315 2359 iratam
331 2327 517 2359 discessisse
531 2326 688 2358 Thaidem
701 2337 720 2357 a
729 2326 842 2363 milite,

96 2376 129 2401 et
145 2377 254 2402 tamen
268 2371 315 2402 sic
337 2371 463 2407 iratam,
478 2377 516 2401 ut
537 2369 586 2400 illi
607 2370 657 2400 ira
671 2369 842 2400 consilium

97 2423 162 2444 non
177 2413 343 2445 ademerit.
388 2415 504 2450 Imauit,
527 2412 642 2453 inquit,
667 2423 756 2453 quum
773 2414 842 2443 abi-

96 2461 152 2486 rel.
187 2456 388 2487 D.—Abiens
402 2458 476 2487 mihi
495 2454 613 2496 innuit]
632 2456 724 2486 Inter
738 2455 841 2496 signa,

97 2498 214 2538 quibus
232 2498 418 2530 meretrices
438 2498 507 2530 suis
521 2509 557 2529 se
571 2498 768 2529 amatoribus
783 2508 842 2539 ap·

97 2541 234 2581 probare
244 2540 403 2578 nituntur,
415 2540 582 2573 oculorum
593 2541 628 2572 hi
641 2547 749 2577 nutus,
761 2550 843 2581 quos

98 2582 238 2621 νεύματα
250 2582 345 2614 δόλια
358 2583 499 2624 Cyrillus
514 2589 616 2621 vocat,
629 2583 771 2614 maxime
784 2584 842 2614 ob-

97 2632 277 2656 servantur.
322 2625 456 2656 Naevius
469 2627 556 2667 apud
580 2626 695 2657 Isidor.
714 2625 841 2667 Origin-

98 2667 152 2698 lib.
181 2668 202 2699 i.
226 2679 254 2698 c.
281 2668 331 2698 25.
372 2669 478 2699 Aliam
499 2674 590 2706 tenet,
613 2671 671 2699 alii
693 2671 843 2705 adnictat,

97 2712 174 2741 alibi
188 2721 294 2741 manus
309 2712 371 2741 Est
381 2715 536 2750 occupata.
575 2711 614 2742 ld
629 2717 764 2753 propter
778 2721 844 2742 non

97 2753 242 2794 neglexit
264 2752 434 2784 Plautinus
456 2752 623 2790 Diabolus,
637 2753 716 2784 dum
731 2753 843 2784 amicae

97 2795 186 2836 leges
211 2795 402 2837 praescribit,
425 2795 460 2826 in
487 2795 648 2832 Annaria,
670 2795 714 2827 iv.
737 2797 765 2826 1.
789 2796 841 2828 39.

98 2839 205 2879 Neque
220 2840 276 2869 illa
291 2840 347 2869 ulli
361 2840 473 2869 homini
487 2843 583 2875 nutet,
598 2840 702 2876 nietet,
716 2844 842 2870 mm.

98 2880 152 2912 Sic
167 2881 359 2912 amatorium
375 2887 454 2917 erat,
469 2890 506 2911 os
519 2880 616 2912 alicui
632 2881 673 2911 ad
692 2881 842 2912 suavian-

98 2922 175 2954 dum
197 2924 344 2960 formare,
368 2923 529 2965 Apuleius
549 2923 584 2954 in
609 2922 716 2954 Miles.
735 2923 787 2954 vel
808 2923 843 2954 in

98 2965 245 2997 convivio
262 2973 407 2997 extrema
429 2972 519 3007 parte
543 2965 684 3007 potionis
698 2975 843 2997 commu-

887 878 1018 910 nicare:
1042 879 1121 916 sive,
1145 886 1182 910 ut
1203 879 1250 911 ait
1272 879 1448 922 Sophocles
1469 881 1503 913 in
1524 882 1637 923 Ajaoe,

887 922 1011 959 ὁμιλεῖν
1037 923 1168 957 βαθεῖαν
1202 921 1312 963 τέρψιν
1349 923 1503 955 atatam:
1549 925 1637 966 apud

888 964 994 995 Plaut.
1010 970 1043 995 et
1059 964 1146 995 Petr.
1163 965 1287 996 Arbitr.
1334 966 1430 997 Unde
1444 967 1532 1008 apud
1554 967 1637 998 For-

887 1006 1102 1043 tunatianum‚
1119 1010 1263 1038 meretrix
1277 1019 1315 1038 ez
1337 1011 1436 1040 tribus
1450 1012 1638 1041 amatm’bue

885 1051 979 1079 alium
997 1051 1133 1080 osculata
1147 1055 1203 1087 est,
1219 1051 1277 1080 alii
1291 1053 1445 1081 residuum
1465 1054 1567 1091 poculi
1581 1055 1635 1084 de-

885 1093 942 1127 dit,
957 1093 1051 1122 alium
1066 1094 1228 1123 coronavit.
1270 1094 1461 1124 Contendunt
1471 1106 1558 1134 quem
1569 1106 1636 1126 ma·

882 1136 934 1175 gis
945 1135 1068 1175 affligat.
1107 1135 1203 1170 Quod
1218 1135 1325 1176 ipsum
1342 1136 1478 1168 Photius
1486 1147 1528 1168 ex
1542 1138 1635 1168 Jam-

886 1176 982 1207 blichi
1009 1177 1167 1217 ἐρωτικοῖς
1193 1178 1293 1208 refert
1317 1178 1472 1210 Biblioth.
1499 1190 1532 1221 p.
1562 1181 1634 1211 133.

886 1219 938 1250 καὶ
954 1218 1016 1259 ἔρις
1027 1222 1121 1260 τριῶν
1133 1221 1274 1260 ἐραστῶν
1282 1219 1406 1260 ’γίνεται
1414 1244 1423 1252 .
1434 1244 1444 1252 .
1457 1224 1477 1243 ⁸
1490 1245 1499 1253 .
1510 1245 1518 1252 .
1530 1221 1579 1253 ὅτι
1590 1224 1637 1262 τῷ

885 1261 944 1300 μὲν
958 1261 979 1299 ἡ
996 1262 1226 1301 Μεσοποταμία
1240 1263 1301 1300 τὴν
1315 1262 1445 1303 φίαλην,
1462 1265 1495 1304 ἐξ
1514 1263 1552 1302 ἧς
1568 1265 1635 1296 ἔπι-

887 1316 949 1341 νεν,
960 1304 1068 1335 ἔδωκε·
1080 1305 1126 1344 τῷ
1135 1306 1169 1336 δὲ
1178 1305 1236 1336 τὸν
1245 1305 1307 1337 ἀπὸ
1315 1307 1374 1343 τῆς
1381 1308 1527 1347 κεφαλῆς
1536 1308 1569 1347 ἐξ
1580 1307 1634 1338 ἆν-

888 1345 966 1377 θέων
980 1346 1163 1386 ἀφελομένη
1179 1347 1338 1387 στέφανον
1348 1348 1524 1388 περιέθηκε·
1534 1349 1593 1381 τὸν
1601 1349 1636 1382 δὲ

887 1388 1033 1429 ἐφίλησε.
1080 1390 1132 1420 De
1147 1390 1276 1421 coronis
1290 1390 1442 1422 similiter
1455 1392 1542 1423 cavit
1556 1392 1636 1424 ado-

885 1431 1011 1463 lescens
1024 1432 1058 1463 in
1072 1432 1233 1470 Asinaria,
1250 1433 1291 1463 iv.
1307 1434 1333 1464 1.
1351 1435 1403 1464 58.
1451 1436 1526 1466 Tum
1540 1437 1569 1465 n·
1584 1446 1634 1467 eo-

885 1485 984 1511 ronas,
1014 1480 1107 1512 serta,
1137 1481 1292 1516 unguenta
1319 1476 1453 1516 jusserit
1479 1479 1636 1509 Ancillam

876 1515 966 1557 serre
982 1528 1067 1548 suam
1093 1519 1202 1548 Veneri
1216 1524 1272 1549 aut
1289 1520 1444 1558 Cupidini,
1471 1521 1554 1551 Tuus
1567 1532 1634 1552 ser-

885 1570 939 1590 vus
953 1565 1060 1596 servet,
1081 1562 1227 1591 Venerine
1241 1571 1294 1592 eas
1307 1563 1369 1597 det,
1385 1573 1426 1592 an
1440 1564 1513 1593 viro.
1553 1563 1635 1595 Haec

886 1611 963 1642 ergo
978 1603 1038 1633 sub
1055 1603 1194 1634 Veneris
1210 1603 1303 1644 signo
1318 1603 1529 1636 militantium
1545 1605 1638 1637 velut

884 1644 1154 1685 παρωννθήματα
1178 1645 1344 1683 Chremes,
1370 1652 1406 1677 ut
1429 1647 1571 1688 simplex
1597 1658 1638 1679 ac

884 1687 1035 1725 rusticus,
1060 1687 1197 1719 minime
1220 1698 1256 1719 se
1279 1688 1481 1721 intellexisse
1505 1690 1636 1728 fatetur,

884 1729 958 1761 ideo
988 1740 1008 1761 a
1042 1730 1239 1762 Strationico
1275 1734 1507 1772 στρατιωτικῶς
1536 1733 1635 1764 etiam

885 1779 1049 1804 tractatur.
1088 1774 1272 1815 L.-·Lege,
1295 1776 1355 1805 Nil
1374 1777 1464 1812 dixit,
1482 1781 1517 1806 tu
1532 1781 1567 1806 ut
1586 1787 1636 1807 se-

885 1826 1008 1855 querere
1043 1819 1132 1847 seee?
1184 1817 1280 1853 Nam,
1318 1822 1361 1854 tu,
1393 1823 1427 1848 et
1454 1817 1489 1848 in
1520 1818 1636 1850 Bemb.

886 1858 1012 1888 duobus
1044 1858 1118 1889 aliis
1155 1865 1232 1889 vett.
1269 1859 1442 1900 reperitur,
1477 1867 1510 1891 et
1543 1871 1637 1892 suam

886 1900 939 1930 hic
984 1900 1082 1973 {gibet
1120 1901 1300 1942 emphasin.
1361 1901 1468 1943 Vulgo
1503 1902 1634 1944 leg-itur,

887 1948 959 1973 tum.
1020 1965 1029 1973 .

934 1986 983 2015 10.
1006 1987 1074 2016 Eho
1086 1996 1181 2016 norme
1198 1987 1233 2016 id
1246 1991 1295 2017 sat
1310 1991 1378 2018 erat
1389 1986 1422 2028 ?]
1440 1987 1534 2019 Adeo
1555 1988 1635 2020 sim-

887 2027 965 2069 plex
979 2027 1032 2058 hic
1048 2027 1213 2059 inducitur
1227 2028 1424 2067 adolescens,
1437 2036 1502 2062 uta
1518 2031 1637 2072 Pythia

883 2070 1080 2111 reprebendi
1105 2071 1218 2111 possit.
1264 2072 1350 2103 Nam
1372 2072 1451 2112 quid
1470 2083 1553 2114 opus
1572 2073 1637 2106 fuit

885 2112 1002 2149 dicere,
1019 2113 1047 2144 si
1063 2113 1192 2143 innuit?
1219 2113 1281 2153 (nil
1292 2117 1354 2145 nisi
1369 2117 1471 2146 innuit
1486 2115 1552 2155 Ζ.).
1589 2119 1637 2148 Ae

886 2158 1053 2186 nesciebam
1068 2157 1103 2186 id
1116 2158 1216 2187 dicere
1227 2156 1330 2197 illam]
1346 2159 1456 2189 Dicere
1467 2168 1529 2199 pro
1539 2158 1635 2197 velle,

886 2198 938 2229 vel
960 2198 1155 2239 significare.
1201 2198 1255 2230 Sic
1277 2199 1365 2236 alibi,
1382 2202 1470 2239 quasi
1492 2206 1527 2231 ta
1547 2203 1636 2233 dicas

886 2243 921 2271 id
935 2240 1058 2280 sactum
1082 2243 1206 2272 coneilio
1228 2252 1291 2273 meo
1313 2242 1382 2283 (Sic
1404 2242 1485 2283 φημὶ
1510 2243 1636 2276 Graeeis

887 2283 1015 2315 dicitur.
1034 2283 1098 2323 Ζ.).
1137 2286 1211 2314 Nisi
1221 2287 1294 2324 quia
1305 2287 1437 2316 correxit
1446 2287 1541 2324 miles,
1557 2289 1638 2327 qaod

887 2328 1024 2357 intellexi
1044 2326 1160 2367 minus]
1189 2327 1262 2358 Hoc
1287 2327 1416 2359 videtur
1439 2327 1575 2360 facetius
1602 2335 1638 2360 et

886 2368 1638 2446 Zisslssscmssffieqissfflisssslabfiffiissfflffi

886 2455 934 2491 fit,
949 2464 1048 2495 quum
1063 2461 1169 2496 poetae
1181 2454 1349 2496 ingenium
1362 2466 1456 2487 suum
1472 2456 1506 2487 in
1520 2466 1636 2498 perso-

886 2507 945 2528 nas
960 2497 1140 2528 conferunt.
1172 2498 1213 2528 D.

933 2541 981 2570 ll.
1019 2542 1107 2573 Quod
1132 2542 1269 2571 intellexi
1296 2539 1410 2581 minae]
1437 2541 1635 2581 Verisimile,

885 2582 972 2613 hunc
995 2588 1120 2614 tantum
1139 2589 1307 2614 extrusum
1322 2583 1431 2621 fuisse,
1454 2594 1521 2615 non
1535 2585 1637 2618 etiam

886 2625 1056 2699 ζερυζεεεε
1063 2637 1075 2674 ,³
1098 2625 1174 2665 quia
1169 2625 1277 2698 1{niles
1287 2625 1405 2656 Thaidi
1414 2626 1529 2667 magis,
1538 2637 1638 2669 quamv

910 2678 962 2699 uic
977 2675 1136 2698 irascitur.
1203 2690 1210 2697 .

934 2712 982 2741 12.
1006 2712 1117 2748 Miror,
1145 2712 1198 2740 ubi
1222 2721 1276 2750 ego
1306 2712 1377 2741 kaie
1404 2712 1634 2754 mummia]

888 2753 928 2784 Id
948 2759 1007 2790 est,
1030 2753 1114 2784 hanc
1140 2752 1371 2794 praecesserim.
1422 2755 1493 2790 Ubi,
1512 2753 1549 2786 in
1570 2765 1635 2796 qua

885 2802 977 2837 parte
1007 2795 1076 2826 viae.
1124 2795 1278 2826 D.—U1n·
1307 2796 1536 2838 materiari-u]
1568 2798 1634 2830 Ubi

886 2849 964 2912 ‘1³:¹³⁰
975 2838 1373 2921 &Jecssleffffpfffssfffl
1389 2840 1634 2914 &wmfim‘

886 2926 982 2964 ipsam
998 2925 1092 2995 {ideo-
1144 2925 1205 2954 Ubi
1219 2934 1273 2964 ego
1287 2923 1373 2964 haic]
1390 2924 1429 2955 V.
1446 2924 1484 2956 C.
1505 2927 1567 2957 Ubi
1579 2937 1636 2967 ego

887 2968 965 2996 hinc.
1027 2988 1034 2995 .
