1852 3216
431 159 1393 207 HEAUTONTIMORUMENON.

1586 162 1665 206 261

257 254 462 297 Vostrum
477 254 688 310 judicium
707 253 832 296 fecit:
864 268 931 295 me
951 261 1139 295 actorem
1159 252 1293 295 dedit.

256 321 344 362 Sed
364 320 433 362 hic
453 328 573 363 actor
593 327 757 362 tantum
776 319 935 374 poterit
954 334 980 360 a
1002 319 1216 369 facundia,

257 386 479 434 Quantum
497 385 565 427 ille
586 386 728 441 potuit
746 385 935 441 cogitare
955 384 1190 434 commode,

201 459 239 489 15
257 451 346 499 Qui
363 453 597 494 orationem
617 451 728 493 hanc
749 451 933 506 scripsit,
953 465 1080 505 quam
1100 450 1294 492 dicturus
1316 464 1424 491 sum.

254 517 369 559 Nam
389 518 507 573 quod
525 532 716 559 rumores
738 515 996 558 distulerunt
1015 514 1223 566 malevoli,

254 582 418 625 Multas
441 583 752 625 contaminasse
773 581 967 629 Graecas,
990 581 1092 623 dum
1112 580 1214 623 fecit

254 649 422 691 Paucas
443 648 645 702 Latinas:
677 648 836 690 factum
855 647 924 690 hic
944 661 1039 688 esse
1060 646 1105 688 id
1126 661 1211 688 non
1231 653 1376 701 negat,

254 715 412 770 Neque
434 730 480 756 se
501 715 675 770 pigere:
706 721 751 756 et
772 713 927 756 deinde
946 713 1159 755 facturum
1178 718 1383 754 autumat.

198 789 238 819 20
254 781 403 823 Habet
423 782 632 822 bonorum
651 779 916 835 exemplum:
948 794 1035 834 quo
1054 777 1252 833 exemplo
1273 778 1355 819 sibi

256 846 408 888 Licere
430 846 474 887 id
495 845 649 895 facere,
671 846 788 900 quod
809 845 868 886 illi
887 844 1095 894 fecerunt,
1116 850 1254 898 putat.

255 911 370 953 Tum
391 911 507 966 quod
527 910 757 952 malevolus
778 918 899 952 vetus
920 916 1049 965 poeta
1070 909 1256 958 dictitat3

254 977 454 1033 Repente
475 977 531 1018 ad
553 977 741 1018 studium
761 976 876 1018 hunc
897 990 942 1017 se
960 973 1198 1029 applicasse
1218 973 1440 1023 musicum,

140 1111 270 1147 dictum,
301 1116 357 1141 aut
392 1117 617 1151 argumentum
653 1116 794 1147 narrant,
825 1116 882 1140 aut

138 1162 242 1196 poetae
263 1163 433 1196 personam
455 1153 690 1190 commendant,
711 1160 767 1184 aut
788 1153 880 1184 audi-

139 1197 259 1229 entiam
274 1196 456 1239 postulant:
481 1207 567 1228 nunc
590 1203 697 1227 autem
720 1207 779 1238 ego
795 1197 880 1238 apud

137 1251 194 1272 vos
209 1247 338 1271 acturus
360 1250 430 1271 sum
446 1250 585 1276 causam,
603 1246 635 1270 et
657 1239 836 1278 defendam,
853 1239 880 1270 si

138 1283 223 1324 quod
238 1283 335 1314 fuerit
350 1283 431 1314 forte
446 1283 481 1314 in
497 1283 685 1314 Terentium
706 1284 746 1314 ab
766 1283 881 1314 adver-

138 1327 232 1364 sario,
242 1327 312 1358 loco
321 1326 465 1358 criminis
476 1326 680 1357 intentatum.
706 1327 785 1357 Ideo
795 1327 882 1357 enim

139 1370 232 1407 dixit,
254 1375 383 1401 vostrum
397 1370 552 1410 judicium
564 1369 664 1410 fecit.-
687 1381 732 1400 me
754 1375 883 1401 actorem

139 1415 232 1445 dedit.
278 1415 338 1444 Sed
359 1415 408 1443 hic
429 1418 514 1443 actor
535 1418 651 1443 tantum
669 1415 783 1452 poterit
798 1411 882 1453 afa-

139 1458 259 1493 cundia,
276 1462 418 1497 quantum
434 1458 485 1486 ille
496 1458 597 1495 potuit
612 1458 745 1496 cogitare
759 1467 882 1487 commo-

140 1502 186 1537 de,
203 1502 254 1540 qui
270 1502 431 1530 orationem
446 1501 523 1530 hanc
536 1501 667 1539 scripsit,
679 1510 767 1539 quam
782 1501 882 1530 dictu-

139 1554 192 1574 rus
212 1554 286 1574 sum.
332 1543 440 1579 Poeta,
465 1541 580 1582 inquit,
596 1553 642 1573 me
663 1548 791 1574 actorem
813 1553 884 1573 esse

139 1585 250 1622 voluit,
267 1586 322 1626 qui
338 1592 462 1616 tantum
485 1585 519 1616 in
533 1585 681 1616 facundia
696 1585 834 1623 excellit,
851 1592 884 1616 et

140 1628 294 1671 praevalet
305 1628 446 1670 ingenio,
457 1636 613 1669 quantum
625 1635 658 1659 et
671 1638 730 1669 ego
740 1628 794 1669 qui
808 1639 885 1660 ean-

141 1673 215 1704 dem
237 1672 426 1703 comoediam
448 1679 578 1703 acturus
599 1682 681 1709 sum,
704 1671 738 1702 in
761 1671 885 1713 agendo

141 1715 318 1757 praevaleo:
342 1715 388 1746 ita
403 1717 452 1746 hic
467 1721 561 1751 actor,
577 1715 637 1746 hoc
653 1721 711 1752 est,
729 1725 798 1756 ego,
816 1721 884 1746 tan-

143 1764 205 1789 tum
216 1764 321 1799 potero
335 1770 354 1789 a
367 1757 528 1798 facundia,
544 1758 605 1789 boc
627 1765 684 1795 est,
702 1769 767 1789 nou
789 1758 885 1799 dege-

143 1802 263 1833 nerabo
278 1802 318 1832 ab
334 1811 372 1832 eo
387 1801 441 1841 qui
457 1801 619 1842 cogitavit.
651 1801 690 1832 Ε.

189 1846 237 1875 13.
264 1843 409 1884 Tantum]
426 1843 525 1880 Quasi
542 1844 645 1875 dicat:
669 1850 757 1876 actor
774 1844 885 1876 facun-

142 1888 197 1919 dia
219 1895 344 1919 tantum
367 1887 486 1918 valebit
507 1898 565 1918 seu
586 1887 714 1929 poterit,
731 1894 886 1928 quantum

142 1937 239 1974 poeta
253 1931 440 1962 inventione
459 1931 635 1961 commoda.
678 1933 710 1961 A
716 1930 885 1972 facundia]

144 1975 235 2005 Bene
250 1974 411 2015 facundia,
431 1984 496 2005 non
518 1975 694 2014 eloquentia.
724 1976 887 2005 Facundus

142 2017 270 2055 dicitur,
293 2017 346 2058 qui
375 2018 456 2048 bene
481 2017 540 2048 fari
566 2023 681 2058 potest.
726 2019 885 2058 Eloquens,

144 2061 199 2102 qui
227 2068 260 2092 et
284 2061 419 2098 invenit,
442 2067 475 2091 et
496 2060 583 2091 dicit.
609 2060 738 2092 c.—Ut
761 2060 886 2091 vanitas

143 2104 284 2142 tollatur,
300 2114 371 2145 quae
392 2105 432 2134 ab
454 2103 558 2134 officio
577 2103 702 2145 prologi
726 2103 885 2141 abhorret,

144 2158 203 2189 pro
213 2149 274 2179 Sed
287 2147 509 2189 reponendum
521 2157 637 2178 censeo
651 2149 694 2182 Si,
708 2154 743 2178 ut
755 2147 798 2178 sit
812 2157 885 2178 sen-

144 2201 216 2222 sus:
242 2190 426 2222 Dummodo
448 2201 519 2221 mea
541 2190 699 2227 facundia,
721 2190 751 2220 h.
769 2201 795 2221 e.
812 2200 886 2227 vox,

144 2234 378 2276 pronunciatio,
405 2240 515 2275 gestus
544 2240 648 2275 poetae
672 2233 824 2265 virtutem
855 2240 889 2264 et

144 2277 335 2308 industriam
357 2277 461 2319 possit
483 2287 619 2317 aequare,
643 2287 713 2317 quae
737 2287 889 2318 expressa

144 2327 197 2352 est
205 2321 238 2352 in
249 2321 393 2352 oratione
402 2319 593 2358 Chremetis,
603 2331 698 2362 quam
709 2330 768 2361 ego
777 2327 889 2362 postea

144 2373 218 2395 sum
234 2364 434 2395 recitaturus.
470 2364 508 2395 B.

152 2421 154 2424 ’
193 2407 241 2437 16.
265 2409 346 2438 Nam
369 2409 448 2447 quod
470 2418 602 2438 rumores
622 2406 822 2448 distulerunt]
849 2406 889 2437 Id

148 2450 232 2490 quod
254 2450 403 2481 malevoli
422 2450 501 2482 vitio
523 2450 602 2481 dant
622 2450 693 2487 sibi,
717 2450 779 2481 sibi
800 2450 888 2481 laudi

148 2492 295 2524 ascribit:
318 2503 415 2534 seque
437 2493 586 2534 exemplo
606 2493 887 2535 praestantissimo-

148 2545 220 2566 rum
236 2542 402 2577 poetarum
417 2536 568 2574 defendit,
585 2537 639 2577 qui
653 2536 738 2568 idem
762 2536 887 2567 factita-

148 2586 273 2609 verunt.
311 2580 512 2616 Distulerunt,
528 2579 783 2621 divulgaverunt.
808 2580 890 2611 C.—

149 2623 231 2652 Nam
246 2623 324 2662 quod
336 2633 467 2653 rumores
481 2622 628 2663 malivoli]
648 2623 712 2654 Hic
724 2625 791 2664 jam
806 2623 888 2654 inci-

148 2664 198 2705 pit
210 2674 338 2696 causam
354 2665 460 2696 dicere
474 2675 532 2696 cur
543 2666 677 2703 venerit,
693 2666 776 2697 sicut
790 2677 888 2708 supra

148 2707 299 2745 diximus,
322 2714 359 2738 ut
378 2714 495 2749 purget
519 2708 711 2748 questiones
736 2710 833 2751 ipsas,
856 2716 889 2740 et

149 2751 273 2791 objecta
301 2751 341 2782 ab
371 2750 561 2782 adversariis
593 2751 705 2783 solvat.
749 2754 888 2784 Malivoli

147 2801 266 2831 autem,
283 2794 367 2834 quod
382 2793 474 2830 dixit,
488 2793 539 2825 vel
561 2804 695 2826 numero
711 2795 838 2836 plurali,
853 2803 889 2827 ut

146 2837 290 2868 malivoli
306 2847 450 2868 rumores
461 2836 542 2878 ipsi:
566 2837 617 2868 vel
627 2837 791 2878 singulari,
801 2844 839 2869 ut
848 2839 891 2870 sit

147 2880 244 2921 hujus
266 2880 418 2917 malivoli,
441 2880 500 2911 hoc
525 2887 583 2915 est,
607 2880 717 2911 Luscii
740 2881 889 2913 Lanvini.

148 2925 352 2961 Distulerunt,
373 2923 406 2954 id
428 2930 486 2961 est,
502 2922 536 2954 in
558 2923 721 2955 diversum
742 2923 889 2956 dissemi-

146 2973 275 2998 narunt.
299 2967 339 2998 E.

194 3011 242 3044 17.
267 3012 383 3042 Multas
406 3009 638 3050 contaminasse]
658 3010 731 3042 Hoc
746 3017 796 3042 est
810 3010 889 3043 illud

925 1107 1009 1149 quod
1025 1107 1175 1144 diximus,
1193 1106 1320 1147 quando
1334 1105 1387 1137 hic
1400 1105 1594 1147 praelocutus
1610 1111 1669 1142 est,

925 1158 962 1182 ut
977 1151 1108 1188 diceret,
1124 1160 1159 1181 ex
1174 1152 1295 1191 integra
1320 1151 1428 1180 Graeca
1450 1152 1599 1190 integram
1621 1160 1670 1180 co-

924 1197 1062 1226 moediam
1077 1205 1141 1225 sum
1157 1199 1280 1224 acturus
1295 1195 1381 1224 hodie
1392 1206 1402 1223 .·
1425 1192 1470 1223 ita
1486 1199 1519 1223 et
1534 1192 1596 1229 hic,
1609 1192 1671 1222 hoc

924 1238 985 1270 sibi
1007 1237 1130 1269 crimen
1152 1236 1231 1267 dicit
1253 1236 1422 1277 objectum,
1439 1236 1522 1276 quod
1545 1236 1669 1266 Teren-

925 1282 990 1312 tius
1005 1280 1122 1312 multas
1133 1281 1262 1311 Graecas
1273 1278 1540 1310 contaminaverit
1550 1289 1670 1310 comoe-

925 1325 1004 1362 dias,
1020 1324 1096 1355 dum
1107 1334 1227 1365 paucas
1243 1322 1376 1354 Latinas
1391 1322 1477 1354 facit.
1523 1322 1598 1353 Hoc
1611 1332 1669 1353 au-

926 1374 991 1398 tem
1013 1367 1135 1398 crimen
1157 1366 1329 1397 Terentius
1350 1377 1408 1396 non
1430 1371 1522 1406 negat
1538 1364 1671 1405 sactum,

925 1411 982 1442 sed
996 1412 1056 1441 sibi
1072 1412 1160 1441 licere
1173 1410 1381 1446 demonstrat,
1395 1415 1428 1440 ct
1439 1408 1536 1439 licere
1548 1408 1672 1439 scilicet

926 1464 984 1495 per
1014 1453 1150 1484 aliorum
1181 1452 1338 1494 exempla.
1391 1451 1671 1488 Quemadmodum

926 1497 1052 1528 Tullius
1083 1496 1175 1534 dixit,
1206 1495 1316 1527 Divin.
1345 1505 1413 1537 cap.
1443 1497 1472 1526 2.
1512 1497 1672 1526 Adductus

925 1552 999 1579 sum,
1017 1540 1150 1580 judices,
1166 1542 1240 1579 fide,
1267 1541 1483 1575 misericordia,
1513 1540 1672 1569 multorum

926 1586 1055 1623 exemplo
1078 1585 1224 1614 honorum.
1270 1582 1315 1613 Et
1329 1581 1391 1619 hic,
1412 1583 1516 1613 Habet
1533 1583 1673 1612 bonorum

928 1629 1100 1667 exemplum.
1133 1626 1338 1657 E.—Sensus
1359 1624 1487 1656 videtur
1507 1635 1671 1655 commen-

929 1670 1005 1701 dare
1031 1669 1202 1701 lectionem
1231 1668 1358 1705 Faerni,
1382 1678 1476 1709 quam
1505 1667 1674 1699 Bentleius

929 1723 1054 1754 quoque
1070 1720 1199 1744 secutus
1214 1719 1272 1750 est,
1278 1712 1371 1753 facit,
1387 1710 1542 1753 profecit.
1578 1711 1615 1741 Z.

975 1758 1023 1787 18.
1047 1758 1174 1787 Factum
1195 1758 1244 1787 hic
1259 1767 1322 1787 esse
1342 1754 1392 1796 id]
1410 1755 1473 1786 Ms.
1490 1755 1532 1785 R.
1562 1756 1598 1785 id
1610 1765 1674 1785 esse

919 1799 1041 1840 sactum
1056 1801 1112 1830 hic.
1150 1800 1320 1840 L.—Lege
1338 1809 1411 1829 cum
1428 1798 1576 1829 omnibus
1596 1807 1672 1828 nos-

929 1842 997 1880 tris,
1021 1850 1054 1874 et
1076 1843 1147 1874 edd.
1172 1848 1248 1874 vett.
1272 1845 1306 1873 id
1326 1853 1389 1873 esse
1402 1840 1524 1881 sactum
1545 1843 1595 1871 hic
1615 1843 1675 1871 m'm

928 1891 1030 1927 negat.
1060 1886 1096 1917 B.

976 1930 1024 1960 19.
1047 1928 1213 1969 Autumat]
1241 1927 1412 1969 Opinatur‚
1441 1926 1528 1964 dicit,
1552 1932 1673 1958 censet.

930 1972 1176 2003 c.»—Facturum
1191 1970 1346 2011 autumat]
1358 1971 1531 2001 Facturum
1547 1970 1627 2001 dicit
1641 1976 1676 2001 et

928 2015 1108 2057 profitetur.
1132 2013 1456 2055 E.-—Prosacturum‚
1471 2013 1596 2055 corrige
1599 2012 1673 2053 fac-

930 2064 992 2090 tum
1007 2061 1056 2089 iri.
1090 2058 1128 2089 Β.

973 2103 1023 2133 20.
1046 2103 1151 2133 Habet
1167 2103 1304 2132 bonorum
1318 2099 1498 2141 exemplum]
1514 2098 1676 2131 Videlicet

930 2145 1047 2183 Plauti,
1064 2144 1180 2182 Naevii,
1206 2144 1316 2182 Ennii,
1340 2154 1419 2185 quos
1440 2150 1588 2174 auctores
1609 2142 1674 2173 Te-

930 2188 1054 2220 rentius
1069 2188 1216 2224 habebat,
1232 2194 1268 2218 ut
1283 2187 1317 2218 in
1332 2186 1466 2229 prologo
1477 2186 1611 2217 Andriae
1626 2186 1673 2216 fa-

931 2238 1034 2263 tetur:
1060 2233 1119 2265 Qui
1142 2242 1231 2272 qaum
1252 2233 1330 2261 hunc
1353 2235 1506 2267 accusant,
1523 2230 1673 2266 Naem‘um,

931 2277 1084 2312 Plautum,
1096 2277 1228 2306 Ennium
1243 2278 1385 2305 accusant
1395 2286 1406 2304 .·
1429 2284 1500 2313 quos
1510 2274 1560 2303 hic
1574 2278 1676 2304 noster

930 2324 1066 2350 auctores
1081 2320 1179 2349 habet.
1213 2318 1250 2348 C.

975 2363 1025 2393 22.
1052 2363 1127 2392 Tum
1147 2363 1225 2402 quod
1238 2361 1397 2391 malevolus
1417 2364 1502 2391 vetus
1518 2357 1626 2400 poeta]
1641 2358 1673 2390 A

931 2411 1055 2443 natura,
1071 2406 1249 2436 malevolus.-
1272 2414 1292 2434 a
1309 2410 1453 2444 tempore
1468 2402 1520 2434 vel
1541 2402 1674 2439 invidia,

930 2454 1014 2480 vetus
1024 2461 1034 2479 :
1057 2458 1077 2479 a
1091 2448 1184 2489 signo
1199 2446 1422 2483 aemulationis,
1434 2451 1532 2486 poeta.
1572 2447 1674 2483 Vetus,

931 2492 1120 2534 plerumque
1143 2491 1183 2522 ad
1205 2491 1332 2522 laudem
1347 2486 1494 2527 refertur,
1510 2489 1674 2521 interdum

931 2535 971 2566 ad
987 2534 1264 2576 vituperationem.
1314 2535 1414 2570 Vetus,
1437 2532 1470 2563 id
1493 2538 1551 2570 est,
1571 2532 1675 2564 cario·-

932 2589 996 2616 sus,
1021 2585 1054 2609 et
1082 2578 1172 2619 quasi
1202 2577 1361 2608 rancidus.
1405 2577 1581 2613 Malevolus,
1609 2586 1675 2607 non

931 2621 1129 2659 criminibus,
1143 2621 1199 2652 sed
1211 2619 1398 2651 maledictis.
1421 2619 1584 2650 C.—Nam
1597 2620 1677 2660 quod

930 2667 1086 2696 malivolus
1110 2670 1194 2695 vetus
1220 2663 1313 2704 dicit]
1336 2662 1437 2693 Aliud
1462 2662 1584 2693 crimen
1613 2669 1673 2700 est,

930 2708 1016 2749 quod
1037 2709 1196 2748 objectum
1219 2717 1305 2738 nunc
1327 2705 1496 2748 proponit;
1522 2705 1675 2747 quoniam

932 2751 1068 2783 Luscius
1094 2750 1260 2781 Lanvinus
1286 2749 1374 2786 dicit,
1397 2748 1585 2780 Terentium
1608 2759 1675 2781 non

930 2795 1071 2837 peritum
1092 2794 1171 2825 artis
1191 2792 1332 2831 musicae,
1347 2792 1389 2824 ad
1406 2791 1578 2824 comoedias
1593 2792 1674 2824 scri-

934 2838 1054 2869 bendas
1074 2836 1256 2873 accessisse,
1271 2841 1486 2878 praesumente
1499 2835 1608 2878 potius
1621 2835 1673 2867 in-

932 2881 1028 2923 genio
1043 2879 1228 2917 amicorum,
1245 2890 1310 2911 non
1325 2889 1393 2911 suo.
1424 2879 1464 2910 E.

977 2925 1027 2955 23.
1051 2925 1143 2954 Hunc
1167 2921 1327 2964 musicum]
1354 2921 1515 2954 Videlicet
1542 2929 1672 2964 poetam

933 2967 1121 3007 elegantem.
1165 2967 1311 3004 Musteus,
1330 2965 1445 2998 Latine
1466 2965 1584 2997 dicitur
1606 2965 1671 2996 ele-

932 3021 1029 3052 gans,
1068 3010 1204 3049 ἄμουσος
1233 3019 1310 3042 vero
1345 3010 1469 3048 Graece,
1496 3009 1671 3050 inelegans.
