<?xml version="1.0" encoding="UTF-8"?>
<!DOCTYPE html PUBLIC "-//W3C//DTD XHTML 1.0 Transitional//EN"
    "http://www.w3.org/TR/xhtml1/DTD/xhtml1-transitional.dtd">
<html xmlns="http://www.w3.org/1999/xhtml" xml:lang="en" lang="en">
 <head>
  <title>
</title>
<meta http-equiv="Content-Type" content="text/html;charset=utf-8" />
  <meta name='ocr-system' content='tesseract 3.04.00' />
  <meta name='ocr-capabilities' content='ocr_page ocr_carea ocr_par ocr_line ocrx_word'/>
</head>
<body>
  <div class='ocr_page' id='page_1' title='image "./comoediaesex00tereuoft_0355.png"; bbox 0 0 1852 3216; ppageno 0'>
   <div class='ocr_carea' id='block_1_1' title="bbox 109 177 385 235">
    <p class='ocr_par' dir='ltr' id='par_1_1' title="bbox 109 177 385 235">
     <span class='ocr_line' id='line_1_1' title="bbox 109 177 385 235; baseline -0.011 -12"><span class='ocrx_word' id='word_1_1' title='bbox 109 192 247 223; x_wconf 65' lang='lat' dir='ltr'><strong>scam</strong></span> <span class='ocrx_word' id='word_1_2' title='bbox 268 177 385 235; x_wconf 84' lang='lat' dir='ltr'><strong>v111.]</strong></span> 
     </span>
    </p>
   </div>
   <div class='ocr_carea' id='block_1_2' title="bbox 667 177 1078 222">
    <p class='ocr_par' dir='ltr' id='par_1_2' title="bbox 667 177 1078 222">
     <span class='ocr_line' id='line_1_2' title="bbox 667 177 1078 222; baseline -0.002 -1"><span class='ocrx_word' id='word_1_3' title='bbox 667 177 1078 222; x_wconf 88' lang='lat' dir='ltr'><strong>EUNUCHUS.</strong></span> 
     </span>
    </p>
   </div>
   <div class='ocr_carea' id='block_1_3' title="bbox 1544 179 1629 222">
    <p class='ocr_par' dir='ltr' id='par_1_3' title="bbox 1544 179 1629 222">
     <span class='ocr_line' id='line_1_3' title="bbox 1544 179 1629 222; baseline 0.012 -1"><span class='ocrx_word' id='word_1_4' title='bbox 1544 179 1629 222; x_wconf 72' lang='lat'><strong>253</strong></span> 
     </span>
    </p>
   </div>
   <div class='ocr_carea' id='block_1_4' title="bbox 109 265 1630 389">
    <p class='ocr_par' dir='ltr' id='par_1_4' title="bbox 109 265 1630 389">
     <span class='ocr_line' id='line_1_4' title="bbox 109 265 1627 324; baseline 0.001 -16"><span class='ocrx_word' id='word_1_5' title='bbox 109 278 151 309; x_wconf 76' lang='grc' dir='ltr'><strong>σο</strong></span> <span class='ocrx_word' id='word_1_6' title='bbox 167 268 323 324; x_wconf 83' lang='lat' dir='ltr'>Neque</span> <span class='ocrx_word' id='word_1_7' title='bbox 342 268 470 311; x_wconf 89' lang='lat' dir='ltr'><strong>istum</strong></span> <span class='ocrx_word' id='word_1_8' title='bbox 489 272 670 319; x_wconf 82' lang='lat' dir='ltr'><strong>metuas,</strong></span> <span class='ocrx_word' id='word_1_9' title='bbox 688 281 742 310; x_wconf 89' lang='lat' dir='ltr'><strong>ne</strong></span> <span class='ocrx_word' id='word_1_10' title='bbox 761 275 874 310; x_wconf 87' lang='lat' dir='ltr'><strong>amet</strong></span> <span class='ocrx_word' id='word_1_11' title='bbox 891 266 1064 310; x_wconf 89' lang='lat' dir='ltr'><strong>mulier:</strong></span> <span class='ocrx_word' id='word_1_12' title='bbox 1096 266 1219 311; x_wconf 84' lang='lat' dir='ltr'><strong>facile</strong></span> <span class='ocrx_word' id='word_1_13' title='bbox 1238 265 1388 323; x_wconf 85' lang='lat' dir='ltr'><strong>pellas,</strong></span> <span class='ocrx_word' id='word_1_14' title='bbox 1415 267 1492 309; x_wconf 87' lang='lat' dir='ltr'><strong>ubi</strong></span> <span class='ocrx_word' id='word_1_15' title='bbox 1508 267 1627 310; x_wconf 83' lang='lat' dir='ltr'><strong>velis.</strong></span> 
     </span>
     <span class='ocr_line' id='line_1_5' title="bbox 167 332 1630 389; baseline -0.001 -13"><span class='ocrx_word' id='word_1_16' title='bbox 167 334 253 376; x_wconf 75' lang='lat' dir='ltr'><strong>Pu.</strong></span> <span class='ocrx_word' id='word_1_17' title='bbox 275 333 395 382; x_wconf 82' lang='lat' dir='ltr'><strong>Quid</strong></span> <span class='ocrx_word' id='word_1_18' title='bbox 426 334 619 389; x_wconf 71' lang='lat' dir='ltr'><strong>agimus?</strong></span> <span class='ocrx_word' id='word_1_19' title='bbox 669 333 763 376; x_wconf 68' lang='lat' dir='ltr'><strong>Gn.</strong></span> <span class='ocrx_word' id='word_1_20' title='bbox 786 333 1004 376; x_wconf 86' lang='lat' dir='ltr'><strong>Praeterea</strong></span> <span class='ocrx_word' id='word_1_21' title='bbox 1032 333 1114 376; x_wconf 89' lang='lat' dir='ltr'><strong>hoc</strong></span> <span class='ocrx_word' id='word_1_22' title='bbox 1143 333 1285 384; x_wconf 87' lang='lat' dir='ltr'><strong>etiam,</strong></span> <span class='ocrx_word' id='word_1_23' title='bbox 1315 332 1432 388; x_wconf 91' lang='lat' dir='ltr'><strong>quod</strong></span> <span class='ocrx_word' id='word_1_24' title='bbox 1461 347 1543 389; x_wconf 91' lang='lat' dir='ltr'><strong>ego</strong></span> <span class='ocrx_word' id='word_1_25' title='bbox 1563 333 1630 375; x_wconf 90' lang='lat' dir='ltr'><strong>vel</strong></span> 
     </span>
    </p>
   </div>
   <div class='ocr_carea' id='block_1_5' title="bbox 252 400 576 456">
    <p class='ocr_par' dir='ltr' id='par_1_5' title="bbox 252 400 576 456">
     <span class='ocr_line' id='line_1_6' title="bbox 252 400 576 456; baseline 0 -14"><span class='ocrx_word' id='word_1_26' title='bbox 252 400 434 456; x_wconf 86' lang='lat' dir='ltr'><strong>primum</strong></span> <span class='ocrx_word' id='word_1_27' title='bbox 453 407 576 456; x_wconf 89' lang='lat' dir='ltr'><strong>puto,</strong></span> 
     </span>
    </p>
   </div>
   <div class='ocr_carea' id='block_1_6' title="bbox 168 463 1495 522">
    <p class='ocr_par' dir='ltr' id='par_1_6' title="bbox 168 463 1495 522">
     <span class='ocr_line' id='line_1_7' title="bbox 168 463 1495 522; baseline -0.002 -14"><span class='ocrx_word' id='word_1_28' title='bbox 168 465 342 522; x_wconf 86' lang='lat' dir='ltr'><strong>Accipit</strong></span> <span class='ocrx_word' id='word_1_29' title='bbox 361 466 574 507; x_wconf 89' lang='lat' dir='ltr'><strong>hominem</strong></span> <span class='ocrx_word' id='word_1_30' title='bbox 593 479 716 507; x_wconf 91' lang='lat' dir='ltr'><strong>nemo</strong></span> <span class='ocrx_word' id='word_1_31' title='bbox 733 463 882 507; x_wconf 90' lang='lat' dir='ltr'><strong>melius</strong></span> <span class='ocrx_word' id='word_1_32' title='bbox 902 479 1095 522; x_wconf 84' lang='lat' dir='ltr'><strong>prorsus,</strong></span> <span class='ocrx_word' id='word_1_33' title='bbox 1116 478 1254 519; x_wconf 90' lang='lat' dir='ltr'><strong>neque</strong></span> <span class='ocrx_word' id='word_1_34' title='bbox 1274 463 1495 520; x_wconf 86' lang='lat' dir='ltr'><strong>prolixius.</strong></span> 
     </span>
    </p>
   </div>
   <div class='ocr_carea' id='block_1_7' title="bbox 167 530 1354 586">
    <p class='ocr_par' dir='ltr' id='par_1_7' title="bbox 167 530 1354 586">
     <span class='ocr_line' id='line_1_8' title="bbox 167 530 1354 586; baseline -0.003 -10"><span class='ocrx_word' id='word_1_35' title='bbox 167 532 253 575; x_wconf 82' lang='grc' dir='ltr'><strong>ΡΗ.</strong></span> <span class='ocrx_word' id='word_1_36' title='bbox 276 531 453 582; x_wconf 91' lang='lat' dir='ltr'><strong>Mirum,</strong></span> <span class='ocrx_word' id='word_1_37' title='bbox 474 532 519 573; x_wconf 91' lang='lat' dir='ltr'><strong>ni</strong></span> <span class='ocrx_word' id='word_1_38' title='bbox 537 530 632 574; x_wconf 89' lang='lat' dir='ltr'><strong>illoc</strong></span> <span class='ocrx_word' id='word_1_39' title='bbox 652 530 822 573; x_wconf 88' lang='lat' dir='ltr'><strong>homine</strong></span> <span class='ocrx_word' id='word_1_40' title='bbox 851 545 1024 586; x_wconf 93' lang='lat' dir='ltr'><strong>quoquo</strong></span> <span class='ocrx_word' id='word_1_41' title='bbox 1052 538 1180 586; x_wconf 87' lang='lat' dir='ltr'><strong>pacto</strong></span> <span class='ocrx_word' id='word_1_42' title='bbox 1200 530 1354 586; x_wconf 86' lang='lat' dir='ltr'><strong>opu’st.</strong></span> 
     </span>
    </p>
   </div>
   <div class='ocr_carea' id='block_1_8' title="bbox 253 598 554 654">
    <p class='ocr_par' dir='ltr' id='par_1_8' title="bbox 253 598 554 654">
     <span class='ocr_line' id='line_1_9' title="bbox 253 598 554 654; baseline -0.003 -15"><span class='ocrx_word' id='word_1_43' title='bbox 253 612 335 654; x_wconf 89' lang='lat' dir='ltr'><strong>ego</strong></span> <span class='ocrx_word' id='word_1_44' title='bbox 355 598 554 639; x_wconf 86' lang='lat' dir='ltr'><strong>arbitror.</strong></span> 
     </span>
    </p>
   </div>
   <div class='ocr_carea' id='block_1_9' title="bbox 1406 529 1633 573">
    <p class='ocr_par' dir='ltr' id='par_1_9' title="bbox 1406 529 1633 573">
     <span class='ocr_line' id='line_1_10' title="bbox 1406 529 1633 573; baseline 0.004 -1"><span class='ocrx_word' id='word_1_45' title='bbox 1406 530 1489 573; x_wconf 75' lang='lat' dir='ltr'><strong>Cn.</strong></span> <span class='ocrx_word' id='word_1_46' title='bbox 1511 529 1633 573; x_wconf 87' lang='lat' dir='ltr'><strong>Idem</strong></span> 
     </span>
    </p>
   </div>
   <div class='ocr_carea' id='block_1_10' title="bbox 169 661 1633 712">
    <p class='ocr_par' dir='ltr' id='par_1_10' title="bbox 169 661 1633 712">
     <span class='ocr_line' id='line_1_11' title="bbox 169 661 1633 712; baseline -0.001 -7"><span class='ocrx_word' id='word_1_47' title='bbox 169 662 263 705; x_wconf 77' lang='lat' dir='ltr'><strong>GN.</strong></span> <span class='ocrx_word' id='word_1_48' title='bbox 287 662 426 706; x_wconf 85' lang='lat' dir='ltr'>Recte</span> <span class='ocrx_word' id='word_1_49' title='bbox 447 662 584 705; x_wconf 86' lang='lat' dir='ltr'><strong>facitis</strong></span> <span class='ocrx_word' id='word_1_50' title='bbox 601 678 611 704; x_wconf 72' lang='grc' dir='ltr'><strong><em>ε</em></strong></span> <span class='ocrx_word' id='word_1_51' title='bbox 642 670 773 706; x_wconf 83' lang='grc' dir='ltr'>ιιιιιιιιι</span> <span class='ocrx_word' id='word_1_52' title='bbox 792 662 919 704; x_wconf 86' lang='lat' dir='ltr'><strong>etiam</strong></span> <span class='ocrx_word' id='word_1_53' title='bbox 937 661 1020 704; x_wconf 89' lang='lat' dir='ltr'><strong>hoc</strong></span> <span class='ocrx_word' id='word_1_54' title='bbox 1038 676 1112 703; x_wconf 89' lang='lat' dir='ltr'><strong>vos</strong></span> <span class='ocrx_word' id='word_1_55' title='bbox 1133 676 1224 712; x_wconf 92' lang='lat' dir='ltr'><strong>oro,</strong></span> <span class='ocrx_word' id='word_1_56' title='bbox 1238 669 1287 704; x_wconf 88' lang='lat' dir='ltr'><strong>ut</strong></span> <span class='ocrx_word' id='word_1_57' title='bbox 1304 676 1371 704; x_wconf 90' lang='lat' dir='ltr'><strong>me</strong></span> <span class='ocrx_word' id='word_1_58' title='bbox 1387 661 1431 703; x_wconf 89' lang='lat' dir='ltr'><strong>in</strong></span> <span class='ocrx_word' id='word_1_59' title='bbox 1442 669 1633 704; x_wconf 89' lang='lat' dir='ltr'><strong>vostrum</strong></span> 
     </span>
    </p>
   </div>
   <div class='ocr_carea' id='block_1_11' title="bbox 254 743 430 785">
    <p class='ocr_par' dir='ltr' id='par_1_11' title="bbox 254 743 430 785">
     <span class='ocr_line' id='line_1_12' title="bbox 254 743 430 785; baseline -0.006 -14"><span class='ocrx_word' id='word_1_60' title='bbox 254 743 430 785; x_wconf 86' lang='lat' dir='ltr'><strong>gregem</strong></span> 
     </span>
    </p>
   </div>
   <div class='ocr_carea' id='block_1_12' title="bbox 113 790 1193 850">
    <p class='ocr_par' dir='ltr' id='par_1_12' title="bbox 113 790 1193 850">
     <span class='ocr_line' id='line_1_13' title="bbox 113 790 1193 850; baseline 0 -17"><span class='ocrx_word' id='word_1_61' title='bbox 113 803 155 834; x_wconf 85' lang='lat'><strong>55</strong></span> <span class='ocrx_word' id='word_1_62' title='bbox 170 794 430 850; x_wconf 87' lang='lat' dir='ltr'><strong>Recipiatis:</strong></span> <span class='ocrx_word' id='word_1_63' title='bbox 463 794 566 836; x_wconf 89' lang='lat' dir='ltr'><strong>satis</strong></span> <span class='ocrx_word' id='word_1_64' title='bbox 587 794 661 836; x_wconf 91' lang='lat' dir='ltr'><strong>diu</strong></span> <span class='ocrx_word' id='word_1_65' title='bbox 680 793 764 836; x_wconf 89' lang='lat' dir='ltr'><strong>hoc</strong></span> <span class='ocrx_word' id='word_1_66' title='bbox 777 794 868 849; x_wconf 88' lang='lat' dir='ltr'><strong>jam</strong></span> <span class='ocrx_word' id='word_1_67' title='bbox 888 807 1038 835; x_wconf 86' lang='lat' dir='ltr'><strong>saxum</strong></span> <span class='ocrx_word' id='word_1_68' title='bbox 1057 790 1193 834; x_wconf 91' lang='lat' dir='ltr'><strong>volvo.</strong></span> 
     </span>
    </p>
   </div>
   <div class='ocr_carea' id='block_1_13' title="bbox 107 903 863 3060">
    <p class='ocr_par' dir='ltr' id='par_1_13' title="bbox 113 903 855 1120">
     <span class='ocr_line' id='line_1_14' title="bbox 114 903 853 946; baseline -0.004 -8"><span class='ocrx_word' id='word_1_69' title='bbox 114 906 262 938; x_wconf 86' lang='lat' dir='ltr'><strong>omnibus</strong></span> <span class='ocrx_word' id='word_1_70' title='bbox 277 912 380 937; x_wconf 83' lang='lat' dir='ltr'><strong>esset.</strong></span> <span class='ocrx_word' id='word_1_71' title='bbox 404 905 461 937; x_wconf 85' lang='lat' dir='ltr'><strong>sed</strong></span> <span class='ocrx_word' id='word_1_72' title='bbox 481 905 607 946; x_wconf 75' lang='lat' dir='ltr'><strong>ingrata</strong></span> <span class='ocrx_word' id='word_1_73' title='bbox 619 910 695 936; x_wconf 87' lang='lat' dir='ltr'><strong>sunt</strong></span> <span class='ocrx_word' id='word_1_74' title='bbox 709 903 853 935; x_wconf 88' lang='lat' dir='ltr'><strong>mulieri-</strong></span> 
     </span>
     <span class='ocr_line' id='line_1_15' title="bbox 113 946 854 989; baseline -0.005 -8"><span class='ocrx_word' id='word_1_75' title='bbox 113 951 182 987; x_wconf 88' lang='lat' dir='ltr'><strong>bus,</strong></span> <span class='ocrx_word' id='word_1_76' title='bbox 199 949 398 989; x_wconf 82' lang='lat' dir='ltr'><strong>maximeque</strong></span> <span class='ocrx_word' id='word_1_77' title='bbox 413 947 550 985; x_wconf 85' lang='lat' dir='ltr'><strong>lascivis,</strong></span> <span class='ocrx_word' id='word_1_78' title='bbox 565 947 633 979; x_wconf 79' lang='lat' dir='ltr'><strong>haec</strong></span> <span class='ocrx_word' id='word_1_79' title='bbox 655 946 763 978; x_wconf 89' lang='lat' dir='ltr'><strong>omnia</strong></span> <span class='ocrx_word' id='word_1_80' title='bbox 783 957 854 988; x_wconf 86' lang='lat' dir='ltr'><strong>quae</strong></span> 
     </span>
     <span class='ocr_line' id='line_1_16' title="bbox 114 970 855 1034; baseline -0.007 -9"><span class='ocrx_word' id='word_1_81' title='bbox 114 993 251 1034; x_wconf 84' lang='lat' dir='ltr'><strong>subjicit.</strong></span> <span class='ocrx_word' id='word_1_82' title='bbox 295 993 412 1023; x_wconf 76' lang='lat' dir='ltr'><strong>Fatuus</strong></span> <span class='ocrx_word' id='word_1_83' title='bbox 440 996 495 1029; x_wconf 76' lang='lat' dir='ltr'><strong>est,</strong></span> <span class='ocrx_word' id='word_1_84' title='bbox 518 970 665 1031; x_wconf 69' lang='lat' dir='ltr'><strong>iris-alsus]</strong></span> <span class='ocrx_word' id='word_1_85' title='bbox 693 990 765 1021; x_wconf 89' lang='lat' dir='ltr'><strong>Hoc</strong></span> <span class='ocrx_word' id='word_1_86' title='bbox 794 1000 855 1031; x_wconf 90' lang='lat' dir='ltr'><strong>pro</strong></span> 
     </span>
     <span class='ocr_line' id='line_1_17' title="bbox 114 1032 852 1074; baseline -0.004 -7"><span class='ocrx_word' id='word_1_87' title='bbox 114 1046 228 1068; x_wconf 86' lang='lat' dir='ltr'><strong>acervo</strong></span> <span class='ocrx_word' id='word_1_88' title='bbox 243 1035 404 1072; x_wconf 88' lang='lat' dir='ltr'><strong>vitiorum,</strong></span> <span class='ocrx_word' id='word_1_89' title='bbox 419 1044 492 1066; x_wconf 92' lang='lat' dir='ltr'><strong>cum</strong></span> <span class='ocrx_word' id='word_1_90' title='bbox 514 1033 650 1074; x_wconf 86' lang='lat' dir='ltr'><strong>quadam</strong></span> <span class='ocrx_word' id='word_1_91' title='bbox 665 1032 799 1064; x_wconf 88' lang='lat' dir='ltr'><strong>vultus</strong></span> <span class='ocrx_word' id='word_1_92' title='bbox 791 1043 852 1064; x_wconf 79' lang='lat' dir='ltr'><strong>lm-</strong></span> 
     </span>
     <span class='ocr_line' id='line_1_18' title="bbox 136 1075 850 1126; baseline -0.006 -15"><span class='ocrx_word' id='word_1_93' title='bbox 136 1079 272 1111; x_wconf 81' lang='lat' dir='ltr'><strong>robitate</strong></span> <span class='ocrx_word' id='word_1_94' title='bbox 301 1078 460 1126; x_wconf 80' lang='lat' dir='ltr'><strong>prolatum</strong></span> <span class='ocrx_word' id='word_1_95' title='bbox 485 1076 756 1117; x_wconf 73' lang='lat' dir='ltr'><strong>(prmmneiandnm</strong></span> <span class='ocrx_word' id='word_1_96' title='bbox 787 1075 850 1107; x_wconf 77' lang='lat' dir='ltr'><strong>Ms-</strong></span> 
     </span>
    </p>

    <p class='ocr_par' dir='ltr' id='par_1_14' title="bbox 107 1090 858 2284">
     <span class='ocr_line' id='line_1_19' title="bbox 113 1090 853 1163; baseline -0.005 -9"><span class='ocrx_word' id='word_1_97' title='bbox 113 1090 170 1163; x_wconf 52' lang='grc' dir='ltr'><strong>ἱ.)</strong></span> <span class='ocrx_word' id='word_1_98' title='bbox 196 1128 254 1158; x_wconf 83' lang='lat' dir='ltr'><strong>est,</strong></span> <span class='ocrx_word' id='word_1_99' title='bbox 270 1131 334 1162; x_wconf 89' lang='lat' dir='ltr'><strong>quo</strong></span> <span class='ocrx_word' id='word_1_100' title='bbox 356 1120 459 1161; x_wconf 77' lang='lat' dir='ltr'><strong>magis</strong></span> <span class='ocrx_word' id='word_1_101' title='bbox 480 1130 532 1151; x_wconf 87' lang='lat' dir='ltr'><strong>res</strong></span> <span class='ocrx_word' id='word_1_102' title='bbox 557 1119 591 1151; x_wconf 88' lang='lat' dir='ltr'><strong>in</strong></span> <span class='ocrx_word' id='word_1_103' title='bbox 615 1119 722 1151; x_wconf 88' lang='lat' dir='ltr'><strong>medio</strong></span> <span class='ocrx_word' id='word_1_104' title='bbox 746 1119 853 1161; x_wconf 87' lang='lat' dir='ltr'><strong>posita</strong></span> 
     </span>
     <span class='ocr_line' id='line_1_20' title="bbox 114 1162 851 1204; baseline -0.006 -7"><span class='ocrx_word' id='word_1_105' title='bbox 114 1175 185 1197; x_wconf 85' lang='lat' dir='ltr'><strong>esse</strong></span> <span class='ocrx_word' id='word_1_106' title='bbox 200 1165 356 1196; x_wconf 86' lang='lat' dir='ltr'><strong>videatur.</strong></span> <span class='ocrx_word' id='word_1_107' title='bbox 403 1162 539 1204; x_wconf 75' lang='lat' dir='ltr'><strong>Tardus]</strong></span> <span class='ocrx_word' id='word_1_108' title='bbox 557 1163 597 1194; x_wconf 91' lang='lat' dir='ltr'><strong>In</strong></span> <span class='ocrx_word' id='word_1_109' title='bbox 613 1163 773 1194; x_wconf 85' lang='lat' dir='ltr'><strong>Venerem</strong></span> <span class='ocrx_word' id='word_1_110' title='bbox 789 1162 851 1194; x_wconf 90' lang='lat' dir='ltr'><strong>sci-</strong></span> 
     </span>
     <span class='ocr_line' id='line_1_21' title="bbox 113 1205 852 1249; baseline -0.004 -9"><span class='ocrx_word' id='word_1_111' title='bbox 113 1208 198 1240; x_wconf 89' lang='lat' dir='ltr'><strong>licet.</strong></span> <span class='ocrx_word' id='word_1_112' title='bbox 224 1206 360 1248; x_wconf 75' lang='lat' dir='ltr'><strong>Tardus]</strong></span> <span class='ocrx_word' id='word_1_113' title='bbox 367 1207 510 1249; x_wconf 84' lang='lat' dir='ltr'><strong>Corpore</strong></span> <span class='ocrx_word' id='word_1_114' title='bbox 519 1212 553 1238; x_wconf 90' lang='lat' dir='ltr'><strong>et</strong></span> <span class='ocrx_word' id='word_1_115' title='bbox 561 1205 727 1238; x_wconf 85' lang='lat' dir='ltr'><strong>membris·</strong></span> <span class='ocrx_word' id='word_1_116' title='bbox 741 1216 852 1247; x_wconf 86' lang='lat' dir='ltr'><strong>quam-</strong></span> 
     </span>
     <span class='ocr_line' id='line_1_22' title="bbox 114 1248 854 1293; baseline -0.004 -10"><span class='ocrx_word' id='word_1_117' title='bbox 114 1262 210 1293; x_wconf 89' lang='lat' dir='ltr'><strong>quam</strong></span> <span class='ocrx_word' id='word_1_118' title='bbox 234 1258 267 1283; x_wconf 86' lang='lat' dir='ltr'><strong>et</strong></span> <span class='ocrx_word' id='word_1_119' title='bbox 290 1250 456 1282; x_wconf 86' lang='lat' dir='ltr'><strong>intellectu</strong></span> <span class='ocrx_word' id='word_1_120' title='bbox 486 1252 589 1281; x_wconf 78' lang='lat' dir='ltr'><strong>tardor</strong></span> <span class='ocrx_word' id='word_1_121' title='bbox 614 1259 774 1286; x_wconf 85' lang='lat' dir='ltr'><strong>vocamus,</strong></span> <span class='ocrx_word' id='word_1_122' title='bbox 798 1248 854 1290; x_wconf 91' lang='lat' dir='ltr'><strong>qui</strong></span> 
     </span>
     <span class='ocr_line' id='line_1_23' title="bbox 114 1292 853 1333; baseline -0.005 -6"><span class='ocrx_word' id='word_1_123' title='bbox 114 1295 205 1327; x_wconf 84' lang='lat' dir='ltr'><strong>stulti</strong></span> <span class='ocrx_word' id='word_1_124' title='bbox 220 1301 304 1326; x_wconf 86' lang='lat' dir='ltr'><strong>sunt.</strong></span> <span class='ocrx_word' id='word_1_125' title='bbox 349 1293 413 1325; x_wconf 89' lang='lat' dir='ltr'><strong>Sed</strong></span> <span class='ocrx_word' id='word_1_126' title='bbox 435 1293 551 1325; x_wconf 87' lang='lat' dir='ltr'><strong>melius</strong></span> <span class='ocrx_word' id='word_1_127' title='bbox 573 1300 622 1324; x_wconf 87' lang='lat' dir='ltr'><strong>est</strong></span> <span class='ocrx_word' id='word_1_128' title='bbox 642 1292 688 1324; x_wconf 84' lang='lat' dir='ltr'><strong>sic</strong></span> <span class='ocrx_word' id='word_1_129' title='bbox 706 1292 853 1333; x_wconf 86' lang='lat' dir='ltr'><strong>intelligi,</strong></span> 
     </span>
     <span class='ocr_line' id='line_1_24' title="bbox 116 1335 854 1376; baseline -0.004 -7"><span class='ocrx_word' id='word_1_130' title='bbox 116 1345 153 1370; x_wconf 89' lang='lat' dir='ltr'><strong>ut</strong></span> <span class='ocrx_word' id='word_1_131' title='bbox 168 1348 206 1369; x_wconf 87' lang='lat' dir='ltr'><strong>ea</strong></span> <span class='ocrx_word' id='word_1_132' title='bbox 220 1337 300 1369; x_wconf 84' lang='lat' dir='ltr'><strong>vitia</strong></span> <span class='ocrx_word' id='word_1_133' title='bbox 313 1336 461 1368; x_wconf 80' lang='lat' dir='ltr'><strong>videatur</strong></span> <span class='ocrx_word' id='word_1_134' title='bbox 481 1336 598 1374; x_wconf 88' lang='lat' dir='ltr'><strong>dicere,</strong></span> <span class='ocrx_word' id='word_1_135' title='bbox 611 1346 682 1376; x_wconf 82' lang='lat' dir='ltr'><strong>quae</strong></span> <span class='ocrx_word' id='word_1_136' title='bbox 697 1335 854 1367; x_wconf 88' lang='lat' dir='ltr'><strong>inamabi-</strong></span> 
     </span>
     <span class='ocr_line' id='line_1_25' title="bbox 115 1379 853 1420; baseline -0.003 -8"><span class='ocrx_word' id='word_1_137' title='bbox 115 1381 179 1412; x_wconf 87' lang='lat' dir='ltr'><strong>lem</strong></span> <span class='ocrx_word' id='word_1_138' title='bbox 187 1381 307 1412; x_wconf 81' lang='lat' dir='ltr'><strong>faciant</strong></span> <span class='ocrx_word' id='word_1_139' title='bbox 316 1380 412 1411; x_wconf 86' lang='lat' dir='ltr'><strong>etiam</strong></span> <span class='ocrx_word' id='word_1_140' title='bbox 422 1379 556 1410; x_wconf 90' lang='lat' dir='ltr'><strong>divitem</strong></span> <span class='ocrx_word' id='word_1_141' title='bbox 568 1379 755 1420; x_wconf 85' lang='lat' dir='ltr'><strong>largumque</strong></span> <span class='ocrx_word' id='word_1_142' title='bbox 767 1389 853 1410; x_wconf 84' lang='lat' dir='ltr'><strong>ama-</strong></span> 
     </span>
     <span class='ocr_line' id='line_1_26' title="bbox 116 1422 852 1459; baseline -0.004 -4"><span class='ocrx_word' id='word_1_143' title='bbox 116 1431 227 1456; x_wconf 88' lang='lat' dir='ltr'><strong>torem.</strong></span> <span class='ocrx_word' id='word_1_144' title='bbox 266 1424 296 1455; x_wconf 92' lang='lat' dir='ltr'>N</span> <span class='ocrx_word' id='word_1_145' title='bbox 301 1434 353 1454; x_wconf 90' lang='lat' dir='ltr'><strong>am</strong></span> <span class='ocrx_word' id='word_1_146' title='bbox 364 1429 420 1454; x_wconf 86' lang='lat' dir='ltr'><strong>aut</strong></span> <span class='ocrx_word' id='word_1_147' title='bbox 430 1423 527 1454; x_wconf 83' lang='lat' dir='ltr'><strong>verba</strong></span> <span class='ocrx_word' id='word_1_148' title='bbox 541 1422 783 1453; x_wconf 81' lang='lat' dir='ltr'><strong>commendant:</strong></span> <span class='ocrx_word' id='word_1_149' title='bbox 806 1429 852 1459; x_wconf 88' lang='lat' dir='ltr'><strong>ut,</strong></span> 
     </span>
     <span class='ocr_line' id='line_1_27' title="bbox 116 1466 855 1507; baseline -0.003 -9"><span class='ocrx_word' id='word_1_150' title='bbox 116 1467 193 1498; x_wconf 83' lang='lat' dir='ltr'><strong>AEn.</strong></span> <span class='ocrx_word' id='word_1_151' title='bbox 210 1467 251 1498; x_wconf 85' lang='lat' dir='ltr'><strong>iv.</strong></span> <span class='ocrx_word' id='word_1_152' title='bbox 269 1466 319 1499; x_wconf 84' lang='lat'><strong>79.</strong></span> <span class='ocrx_word' id='word_1_153' title='bbox 336 1468 508 1507; x_wconf 78' lang='lat' dir='ltr'><strong>Pendetque</strong></span> <span class='ocrx_word' id='word_1_154' title='bbox 523 1468 631 1497; x_wconf 77' lang='lat' dir='ltr'><strong>iterum</strong></span> <span class='ocrx_word' id='word_1_155' title='bbox 646 1468 801 1496; x_wconf 74' lang='lat' dir='ltr'><strong>narrantis</strong></span> <span class='ocrx_word' id='word_1_156' title='bbox 815 1467 855 1496; x_wconf 85' lang='lat' dir='ltr'><strong>ab</strong></span> 
     </span>
     <span class='ocr_line' id='line_1_28' title="bbox 115 1508 855 1560; baseline -0.005 -18"><span class='ocrx_word' id='word_1_157' title='bbox 115 1522 174 1542; x_wconf 86' lang='lat' dir='ltr'><strong>ore.</strong></span> <span class='ocrx_word' id='word_1_158' title='bbox 222 1509 286 1541; x_wconf 84' lang='lat' dir='ltr'><strong>Hic</strong></span> <span class='ocrx_word' id='word_1_159' title='bbox 302 1509 417 1541; x_wconf 77' lang='lat' dir='ltr'><strong>fatuus.</strong></span> <span class='ocrx_word' id='word_1_160' title='bbox 462 1509 531 1540; x_wconf 79' lang='lat' dir='ltr'><strong>Aut</strong></span> <span class='ocrx_word' id='word_1_161' title='bbox 551 1508 711 1550; x_wconf 87' lang='lat' dir='ltr'><strong>sapientia</strong></span> <span class='ocrx_word' id='word_1_162' title='bbox 728 1514 855 1560; x_wconf 81' lang='lat' dir='ltr'><strong>gratum</strong></span> 
     </span>
     <span class='ocr_line' id='line_1_29' title="bbox 115 1552 853 1590; baseline -0.004 -5"><span class='ocrx_word' id='word_1_163' title='bbox 115 1552 209 1585; x_wconf 78' lang='lat' dir='ltr'><strong>facit:</strong></span> <span class='ocrx_word' id='word_1_164' title='bbox 233 1560 278 1590; x_wconf 86' lang='lat' dir='ltr'><strong>ut,</strong></span> <span class='ocrx_word' id='word_1_165' title='bbox 296 1552 371 1584; x_wconf 85' lang='lat' dir='ltr'><strong>AEn.</strong></span> <span class='ocrx_word' id='word_1_166' title='bbox 387 1552 430 1583; x_wconf 86' lang='lat' dir='ltr'><strong>iv.</strong></span> <span class='ocrx_word' id='word_1_167' title='bbox 446 1553 475 1582; x_wconf 86' lang='lat'><strong>3.</strong></span> <span class='ocrx_word' id='word_1_168' title='bbox 492 1553 595 1583; x_wconf 83' lang='lat' dir='ltr'><strong>Multa</strong></span> <span class='ocrx_word' id='word_1_169' title='bbox 606 1553 666 1582; x_wconf 78' lang='lat' dir='ltr'><strong>viri</strong></span> <span class='ocrx_word' id='word_1_170' title='bbox 679 1553 775 1582; x_wconf 69' lang='lat' dir='ltr'><strong>virtu-³</strong></span> <span class='ocrx_word' id='word_1_171' title='bbox 785 1553 853 1582; x_wconf 77' lang='lat' dir='ltr'><strong>ani-</strong></span> 
     </span>
     <span class='ocr_line' id='line_1_30' title="bbox 115 1594 856 1628; baseline -0.004 0"><span class='ocrx_word' id='word_1_172' title='bbox 115 1608 170 1628; x_wconf 79' lang='lat' dir='ltr'><strong>mo.</strong></span> <span class='ocrx_word' id='word_1_173' title='bbox 216 1596 249 1627; x_wconf 90' lang='lat' dir='ltr'>H</span> <span class='ocrx_word' id='word_1_174' title='bbox 253 1596 282 1627; x_wconf 89' lang='lat' dir='ltr'><strong>ic</strong></span> <span class='ocrx_word' id='word_1_175' title='bbox 296 1595 438 1627; x_wconf 85' lang='lat' dir='ltr'><strong>insulsus</strong></span> <span class='ocrx_word' id='word_1_176' title='bbox 453 1602 511 1626; x_wconf 89' lang='lat' dir='ltr'><strong>est.</strong></span> <span class='ocrx_word' id='word_1_177' title='bbox 556 1594 619 1625; x_wconf 93' lang='lat' dir='ltr'><strong>Sed</strong></span> <span class='ocrx_word' id='word_1_178' title='bbox 635 1594 714 1626; x_wconf 88' lang='lat' dir='ltr'><strong>mihi</strong></span> <span class='ocrx_word' id='word_1_179' title='bbox 728 1594 856 1626; x_wconf 86' lang='lat' dir='ltr'><strong>videtur</strong></span> 
     </span>
     <span class='ocr_line' id='line_1_31' title="bbox 107 1637 856 1681; baseline -0.003 -10"><span class='ocrx_word' id='word_1_180' title='bbox 107 1639 232 1681; x_wconf 71' lang='lat' dir='ltr'><strong>fatuam</strong></span> <span class='ocrx_word' id='word_1_181' title='bbox 257 1639 373 1676; x_wconf 87' lang='lat' dir='ltr'><strong>dicere,</strong></span> <span class='ocrx_word' id='word_1_182' title='bbox 398 1638 453 1679; x_wconf 91' lang='lat' dir='ltr'><strong>qui</strong></span> <span class='ocrx_word' id='word_1_183' title='bbox 480 1644 605 1669; x_wconf 87' lang='lat' dir='ltr'><strong>tantum</strong></span> <span class='ocrx_word' id='word_1_184' title='bbox 634 1637 797 1679; x_wconf 87' lang='lat' dir='ltr'><strong>glorietur,</strong></span> <span class='ocrx_word' id='word_1_185' title='bbox 822 1643 856 1669; x_wconf 91' lang='lat' dir='ltr'><strong>et</strong></span> 
     </span>
     <span class='ocr_line' id='line_1_32' title="bbox 118 1681 855 1722; baseline -0.003 -8"><span class='ocrx_word' id='word_1_186' title='bbox 118 1682 254 1714; x_wconf 79' lang='lat' dir='ltr'><strong>blandiri</strong></span> <span class='ocrx_word' id='word_1_187' title='bbox 266 1682 377 1714; x_wconf 80' lang='lat' dir='ltr'><strong>amicae</strong></span> <span class='ocrx_word' id='word_1_188' title='bbox 391 1681 523 1713; x_wconf 85' lang='lat' dir='ltr'><strong>nesciat.</strong></span> <span class='ocrx_word' id='word_1_189' title='bbox 553 1682 712 1718; x_wconf 66' lang='lat' dir='ltr'><strong>Insukum,</strong></span> <span class='ocrx_word' id='word_1_190' title='bbox 722 1681 777 1722; x_wconf 88' lang='lat' dir='ltr'><strong>qui</strong></span> <span class='ocrx_word' id='word_1_191' title='bbox 789 1691 855 1712; x_wconf 84' lang='lat' dir='ltr'><strong>non</strong></span> 
     </span>
     <span class='ocr_line' id='line_1_33' title="bbox 116 1723 855 1767; baseline -0.003 -10"><span class='ocrx_word' id='word_1_192' title='bbox 116 1725 159 1757; x_wconf 87' lang='lat' dir='ltr'><strong>sit</strong></span> <span class='ocrx_word' id='word_1_193' title='bbox 173 1726 272 1762; x_wconf 76' lang='lat' dir='ltr'><strong>salax,</strong></span> <span class='ocrx_word' id='word_1_194' title='bbox 286 1731 320 1757; x_wconf 90' lang='lat' dir='ltr'><strong>et</strong></span> <span class='ocrx_word' id='word_1_195' title='bbox 334 1725 470 1767; x_wconf 86' lang='lat' dir='ltr'><strong>cupidus</strong></span> <span class='ocrx_word' id='word_1_196' title='bbox 484 1724 596 1756; x_wconf 88' lang='lat' dir='ltr'><strong>coitus.</strong></span> <span class='ocrx_word' id='word_1_197' title='bbox 643 1726 784 1762; x_wconf 84' lang='lat' dir='ltr'><strong>Tardum,</strong></span> <span class='ocrx_word' id='word_1_198' title='bbox 800 1723 855 1765; x_wconf 91' lang='lat' dir='ltr'><strong>qui</strong></span> 
     </span>
     <span class='ocr_line' id='line_1_34' title="bbox 117 1768 854 1810; baseline -0.003 -10"><span class='ocrx_word' id='word_1_199' title='bbox 117 1779 181 1800; x_wconf 91' lang='lat' dir='ltr'><strong>non</strong></span> <span class='ocrx_word' id='word_1_200' title='bbox 191 1769 284 1800; x_wconf 81' lang='lat' dir='ltr'><strong>facile</strong></span> <span class='ocrx_word' id='word_1_201' title='bbox 295 1768 435 1810; x_wconf 82' lang='lat' dir='ltr'><strong>explicet</strong></span> <span class='ocrx_word' id='word_1_202' title='bbox 443 1768 619 1799; x_wconf 86' lang='lat' dir='ltr'><strong>Venerem:</strong></span> <span class='ocrx_word' id='word_1_203' title='bbox 643 1777 714 1808; x_wconf 83' lang='lat' dir='ltr'><strong>quae</strong></span> <span class='ocrx_word' id='word_1_204' title='bbox 723 1777 775 1799; x_wconf 83' lang='lat' dir='ltr'><strong>res</strong></span> <span class='ocrx_word' id='word_1_205' title='bbox 786 1777 854 1798; x_wconf 93' lang='lat' dir='ltr'><strong>me-</strong></span> 
     </span>
     <span class='ocr_line' id='line_1_35' title="bbox 117 1809 856 1851; baseline -0.003 -8"><span class='ocrx_word' id='word_1_206' title='bbox 117 1812 286 1843; x_wconf 80' lang='lat' dir='ltr'><strong>retricibus</strong></span> <span class='ocrx_word' id='word_1_207' title='bbox 307 1811 416 1843; x_wconf 82' lang='lat' dir='ltr'><strong>odiosa</strong></span> <span class='ocrx_word' id='word_1_208' title='bbox 428 1817 486 1842; x_wconf 85' lang='lat' dir='ltr'><strong>est.</strong></span> <span class='ocrx_word' id='word_1_209' title='bbox 530 1809 656 1851; x_wconf 78' lang='lat' dir='ltr'><strong>Stertit]</strong></span> <span class='ocrx_word' id='word_1_210' title='bbox 674 1810 751 1842; x_wconf 87' lang='lat' dir='ltr'><strong>Plus</strong></span> <span class='ocrx_word' id='word_1_211' title='bbox 772 1810 856 1842; x_wconf 89' lang='lat' dir='ltr'><strong>dixit</strong></span> 
     </span>
     <span class='ocr_line' id='line_1_36' title="bbox 117 1852 855 1896; baseline -0.003 -10"><span class='ocrx_word' id='word_1_212' title='bbox 117 1865 213 1896; x_wconf 88' lang='lat' dir='ltr'><strong>quam</strong></span> <span class='ocrx_word' id='word_1_213' title='bbox 228 1857 347 1886; x_wconf 71' lang='lat' dir='ltr'><strong>dormit.</strong></span> <span class='ocrx_word' id='word_1_214' title='bbox 377 1855 545 1894; x_wconf 77' lang='lat' dir='ltr'><strong>Noctesque</strong></span> <span class='ocrx_word' id='word_1_215' title='bbox 559 1859 588 1885; x_wconf 81' lang='lat' dir='ltr'><strong>et</strong></span> <span class='ocrx_word' id='word_1_216' title='bbox 603 1852 684 1894; x_wconf 82' lang='lat' dir='ltr'><strong>dies]</strong></span> <span class='ocrx_word' id='word_1_217' title='bbox 698 1853 775 1885; x_wconf 81' lang='lat' dir='ltr'><strong>Plus</strong></span> <span class='ocrx_word' id='word_1_218' title='bbox 790 1853 855 1894; x_wconf 87' lang='lat' dir='ltr'><strong>sig-</strong></span> 
     </span>
     <span class='ocr_line' id='line_1_37' title="bbox 117 1897 855 1939; baseline -0.003 -10"><span class='ocrx_word' id='word_1_219' title='bbox 117 1898 229 1930; x_wconf 87' lang='lat' dir='ltr'><strong>nificat</strong></span> <span class='ocrx_word' id='word_1_220' title='bbox 243 1908 338 1939; x_wconf 91' lang='lat' dir='ltr'><strong>quam</strong></span> <span class='ocrx_word' id='word_1_221' title='bbox 352 1897 380 1929; x_wconf 90' lang='lat' dir='ltr'><strong>si</strong></span> <span class='ocrx_word' id='word_1_222' title='bbox 395 1898 525 1934; x_wconf 89' lang='lat' dir='ltr'><strong>diceret,</strong></span> <span class='ocrx_word' id='word_1_223' title='bbox 538 1898 643 1927; x_wconf 74' lang='lat' dir='ltr'><strong>diebus</strong></span> <span class='ocrx_word' id='word_1_224' title='bbox 657 1902 688 1928; x_wconf 79' lang='lat' dir='ltr'><strong>et</strong></span> <span class='ocrx_word' id='word_1_225' title='bbox 700 1899 855 1928; x_wconf 73' lang='lat' dir='ltr'><strong>noctibus.-</strong></span> 
     </span>
     <span class='ocr_line' id='line_1_38' title="bbox 116 1939 855 1983; baseline -0.003 -11"><span class='ocrx_word' id='word_1_226' title='bbox 116 1948 153 1972; x_wconf 91' lang='lat' dir='ltr'><strong>ut</strong></span> <span class='ocrx_word' id='word_1_227' title='bbox 168 1942 252 1972; x_wconf 89' lang='lat' dir='ltr'><strong>hoc&#39;</strong></span> <span class='ocrx_word' id='word_1_228' title='bbox 243 1951 314 1983; x_wconf 80' lang='lat' dir='ltr'><strong>ipso</strong></span> <span class='ocrx_word' id='word_1_229' title='bbox 335 1940 466 1971; x_wconf 89' lang='lat' dir='ltr'><strong>nomine</strong></span> <span class='ocrx_word' id='word_1_230' title='bbox 487 1939 662 1971; x_wconf 85' lang='lat' dir='ltr'><strong>consiliarii</strong></span> <span class='ocrx_word' id='word_1_231' title='bbox 683 1939 855 1971; x_wconf 80' lang='lat' dir='ltr'><strong>auctoritas</strong></span> 
     </span>
     <span class='ocr_line' id='line_1_39' title="bbox 116 1981 854 2023; baseline -0.003 -8"><span class='ocrx_word' id='word_1_232' title='bbox 116 1985 222 2016; x_wconf 85' lang='lat' dir='ltr'><strong>inesse</strong></span> <span class='ocrx_word' id='word_1_233' title='bbox 251 1984 406 2015; x_wconf 82' lang='lat' dir='ltr'><strong>videatur.</strong></span> <span class='ocrx_word' id='word_1_234' title='bbox 431 1984 472 2014; x_wconf 90' lang='lat' dir='ltr'><strong>D.</strong></span> <span class='ocrx_word' id='word_1_235' title='bbox 474 1984 687 2023; x_wconf 74' lang='lat' dir='ltr'><strong>—Noctesque</strong></span> <span class='ocrx_word' id='word_1_236' title='bbox 714 1988 746 2014; x_wconf 79' lang='lat' dir='ltr'><strong>et</strong></span> <span class='ocrx_word' id='word_1_237' title='bbox 773 1981 854 2023; x_wconf 79' lang='lat' dir='ltr'><strong>dies]</strong></span> 
     </span>
     <span class='ocr_line' id='line_1_40' title="bbox 118 2026 855 2063; baseline -0.004 -4"><span class='ocrx_word' id='word_1_238' title='bbox 118 2028 183 2059; x_wconf 86' lang='lat' dir='ltr'><strong>Ms.</strong></span> <span class='ocrx_word' id='word_1_239' title='bbox 206 2028 247 2059; x_wconf 75' lang='lat' dir='ltr'><strong>R.</strong></span> <span class='ocrx_word' id='word_1_240' title='bbox 276 2029 388 2058; x_wconf 73' lang='lat' dir='ltr'><strong>Noctes</strong></span> <span class='ocrx_word' id='word_1_241' title='bbox 416 2032 447 2058; x_wconf 79' lang='lat' dir='ltr'><strong>et</strong></span> <span class='ocrx_word' id='word_1_242' title='bbox 470 2029 543 2058; x_wconf 74' lang='lat' dir='ltr'><strong>dies.</strong></span> <span class='ocrx_word' id='word_1_243' title='bbox 567 2026 604 2057; x_wconf 88' lang='lat' dir='ltr'><strong>L.</strong></span> <span class='ocrx_word' id='word_1_244' title='bbox 606 2026 714 2057; x_wconf 93' lang='lat' dir='ltr'><strong>—Pro</strong></span> <span class='ocrx_word' id='word_1_245' title='bbox 740 2028 855 2063; x_wconf 77' lang='lat' dir='ltr'><strong>tardus,</strong></span> 
     </span>
     <span class='ocr_line' id='line_1_41' title="bbox 118 2068 858 2112; baseline -0.003 -10"><span class='ocrx_word' id='word_1_246' title='bbox 118 2071 203 2112; x_wconf 90' lang='lat' dir='ltr'><strong>quod</strong></span> <span class='ocrx_word' id='word_1_247' title='bbox 225 2070 358 2102; x_wconf 87' lang='lat' dir='ltr'><strong>minoris</strong></span> <span class='ocrx_word' id='word_1_248' title='bbox 380 2076 428 2102; x_wconf 88' lang='lat' dir='ltr'><strong>est</strong></span> <span class='ocrx_word' id='word_1_249' title='bbox 449 2068 661 2106; x_wconf 69' lang='lat' dir='ltr'><strong>contumeliae,</strong></span> <span class='ocrx_word' id='word_1_250' title='bbox 684 2079 778 2110; x_wconf 83' lang='lat' dir='ltr'><strong>quam</strong></span> <span class='ocrx_word' id='word_1_251' title='bbox 801 2075 858 2100; x_wconf 86' lang='lat' dir='ltr'><strong>aut</strong></span> 
     </span>
     <span class='ocr_line' id='line_1_42' title="bbox 109 2112 856 2155; baseline -0.003 -10"><span class='ocrx_word' id='word_1_252' title='bbox 109 2113 220 2155; x_wconf 69' lang='lat' dir='ltr'><strong>saeuus</strong></span> <span class='ocrx_word' id='word_1_253' title='bbox 241 2120 297 2145; x_wconf 91' lang='lat' dir='ltr'><strong>aut</strong></span> <span class='ocrx_word' id='word_1_254' title='bbox 318 2116 456 2150; x_wconf 73' lang='lat' dir='ltr'><strong>insulsus,</strong></span> <span class='ocrx_word' id='word_1_255' title='bbox 479 2123 599 2154; x_wconf 88' lang='lat' dir='ltr'><strong>repone</strong></span> <span class='ocrx_word' id='word_1_256' title='bbox 629 2114 749 2149; x_wconf 73' lang='lat' dir='ltr'><strong>bardus,</strong></span> <span class='ocrx_word' id='word_1_257' title='bbox 772 2112 803 2143; x_wconf 83' lang='lat' dir='ltr'><strong>h.</strong></span> <span class='ocrx_word' id='word_1_258' title='bbox 828 2123 856 2143; x_wconf 93' lang='lat' dir='ltr'><strong>e.</strong></span> 
     </span>
     <span class='ocr_line' id='line_1_43' title="bbox 118 2155 856 2196; baseline -0.003 -7"><span class='ocrx_word' id='word_1_259' title='bbox 118 2157 293 2189; x_wconf 70' lang='lat' dir='ltr'><strong>secundum</strong></span> <span class='ocrx_word' id='word_1_260' title='bbox 304 2157 434 2188; x_wconf 84' lang='lat' dir='ltr'><strong>Glossas</strong></span> <span class='ocrx_word' id='word_1_261' title='bbox 441 2162 518 2187; x_wconf 79' lang='lat' dir='ltr'><strong>vett.</strong></span> <span class='ocrx_word' id='word_1_262' title='bbox 530 2155 724 2193; x_wconf 77' lang='grc' dir='ltr'><strong><em>ἀναίσθητος,</em></strong></span> <span class='ocrx_word' id='word_1_263' title='bbox 734 2155 856 2196; x_wconf 61' lang='grc' dir='ltr'><strong>βραδὺς,</strong></span> 
     </span>
     <span class='ocr_line' id='line_1_44' title="bbox 118 2198 856 2242; baseline -0.003 -10"><span class='ocrx_word' id='word_1_264' title='bbox 118 2200 232 2242; x_wconf 69' lang='grc' dir='ltr'><strong><em>ἄφρων,</em></strong></span> <span class='ocrx_word' id='word_1_265' title='bbox 243 2200 352 2241; x_wconf 77' lang='grc' dir='ltr'><strong><em>ἆφυὴς,</em></strong></span> <span class='ocrx_word' id='word_1_266' title='bbox 366 2198 460 2239; x_wconf 82' lang='grc' dir='ltr'><strong>βλάξ.</strong></span> <span class='ocrx_word' id='word_1_267' title='bbox 491 2198 620 2231; x_wconf 89' lang='lat' dir='ltr'><strong>Deinde</strong></span> <span class='ocrx_word' id='word_1_268' title='bbox 628 2198 754 2241; x_wconf 87' lang='lat' dir='ltr'><strong>probati</strong></span> <span class='ocrx_word' id='word_1_269' title='bbox 765 2199 856 2230; x_wconf 89' lang='lat' dir='ltr'><strong>codd.</strong></span> 
     </span>
     <span class='ocr_line' id='line_1_45' title="bbox 120 2243 471 2284; baseline -0.006 -9"><span class='ocrx_word' id='word_1_270' title='bbox 120 2254 184 2275; x_wconf 88' lang='lat' dir='ltr'><strong>non</strong></span> <span class='ocrx_word' id='word_1_271' title='bbox 199 2244 328 2281; x_wconf 87' lang='lat' dir='ltr'><strong>habent,</strong></span> <span class='ocrx_word' id='word_1_272' title='bbox 343 2254 408 2284; x_wconf 83' lang='lat' dir='ltr'><strong>que.</strong></span> <span class='ocrx_word' id='word_1_273' title='bbox 434 2243 471 2274; x_wconf 91' lang='lat' dir='ltr'><strong>B.</strong></span> 
     </span>
    </p>

    <p class='ocr_par' dir='ltr' id='par_1_15' title="bbox 162 2284 819 2327">
     <span class='ocr_line' id='line_1_46' title="bbox 162 2284 819 2327; baseline -0.002 -10"><span class='ocrx_word' id='word_1_274' title='bbox 162 2288 212 2317; x_wconf 84' lang='lat'><strong>50.</strong></span> <span class='ocrx_word' id='word_1_275' title='bbox 235 2289 294 2318; x_wconf 77' lang='lat' dir='ltr'><strong>Ubi</strong></span> <span class='ocrx_word' id='word_1_276' title='bbox 307 2286 398 2327; x_wconf 74' lang='lat' dir='ltr'><strong>velis]</strong></span> <span class='ocrx_word' id='word_1_277' title='bbox 416 2285 562 2322; x_wconf 82' lang='lat' dir='ltr'><strong>Quando,</strong></span> <span class='ocrx_word' id='word_1_278' title='bbox 578 2284 631 2316; x_wconf 88' lang='lat' dir='ltr'><strong>vel</strong></span> <span class='ocrx_word' id='word_1_279' title='bbox 646 2295 753 2326; x_wconf 89' lang='lat' dir='ltr'><strong>quum.</strong></span> <span class='ocrx_word' id='word_1_280' title='bbox 777 2285 819 2317; x_wconf 91' lang='lat' dir='ltr'><strong>D.</strong></span> 
     </span>
    </p>

    <p class='ocr_par' dir='ltr' id='par_1_16' title="bbox 119 2328 860 2931">
     <span class='ocr_line' id='line_1_47' title="bbox 162 2328 857 2370; baseline -0.001 -10"><span class='ocrx_word' id='word_1_281' title='bbox 162 2331 214 2361; x_wconf 84' lang='lat'><strong>51.</strong></span> <span class='ocrx_word' id='word_1_282' title='bbox 232 2329 315 2364; x_wconf 72' lang='lat' dir='ltr'><strong>Quid</strong></span> <span class='ocrx_word' id='word_1_283' title='bbox 332 2332 448 2370; x_wconf 74' lang='lat' dir='ltr'><strong>agimus</strong></span> <span class='ocrx_word' id='word_1_284' title='bbox 457 2328 490 2370; x_wconf 84' lang='lat'><strong>?]</strong></span> <span class='ocrx_word' id='word_1_285' title='bbox 516 2328 651 2360; x_wconf 88' lang='lat' dir='ltr'><strong>Initium</strong></span> <span class='ocrx_word' id='word_1_286' title='bbox 672 2328 857 2360; x_wconf 80' lang='lat' dir='ltr'><strong>consensio-</strong></span> 
     </span>
     <span class='ocr_line' id='line_1_48' title="bbox 120 2371 858 2413; baseline -0.003 -9"><span class='ocrx_word' id='word_1_287' title='bbox 120 2372 182 2410; x_wconf 85' lang='lat' dir='ltr'><strong>nis,</strong></span> <span class='ocrx_word' id='word_1_288' title='bbox 196 2373 353 2404; x_wconf 78' lang='lat' dir='ltr'><strong>dubitatio</strong></span> <span class='ocrx_word' id='word_1_289' title='bbox 368 2379 417 2404; x_wconf 89' lang='lat' dir='ltr'><strong>est</strong></span> <span class='ocrx_word' id='word_1_290' title='bbox 432 2374 500 2413; x_wconf 84' lang='lat' dir='ltr'><strong>ejus</strong></span> <span class='ocrx_word' id='word_1_291' title='bbox 514 2371 570 2413; x_wconf 89' lang='lat' dir='ltr'><strong>qui</strong></span> <span class='ocrx_word' id='word_1_292' title='bbox 583 2371 757 2413; x_wconf 80' lang='lat' dir='ltr'><strong>negaverit.</strong></span> <span class='ocrx_word' id='word_1_293' title='bbox 791 2373 858 2403; x_wconf 86' lang='lat' dir='ltr'><strong>Hoc</strong></span> 
     </span>
     <span class='ocr_line' id='line_1_49' title="bbox 120 2414 860 2456; baseline -0.001 -10"><span class='ocrx_word' id='word_1_294' title='bbox 120 2415 227 2456; x_wconf 66' lang='lat' dir='ltr'><strong>etiam]</strong></span> <span class='ocrx_word' id='word_1_295' title='bbox 254 2418 347 2448; x_wconf 80' lang='lat' dir='ltr'><strong>Deest</strong></span> <span class='ocrx_word' id='word_1_296' title='bbox 368 2416 419 2447; x_wconf 92' lang='lat' dir='ltr'><strong>vel</strong></span> <span class='ocrx_word' id='word_1_297' title='bbox 440 2417 526 2446; x_wconf 81' lang='lat' dir='ltr'><strong>abest</strong></span> <span class='ocrx_word' id='word_1_298' title='bbox 549 2416 655 2455; x_wconf 78' lang='lat' dir='ltr'><strong>(deest,</strong></span> <span class='ocrx_word' id='word_1_299' title='bbox 679 2414 708 2446; x_wconf 88' lang='lat' dir='ltr'><strong>ei</strong></span> <span class='ocrx_word' id='word_1_300' title='bbox 731 2421 789 2451; x_wconf 87' lang='lat' dir='ltr'><strong>est,</strong></span> <span class='ocrx_word' id='word_1_301' title='bbox 812 2416 860 2446; x_wconf 84' lang='lat' dir='ltr'><strong>vel</strong></span> 
     </span>
     <span class='ocr_line' id='line_1_50' title="bbox 121 2458 857 2500; baseline -0.001 -11"><span class='ocrx_word' id='word_1_302' title='bbox 121 2458 242 2499; x_wconf 85' lang='lat' dir='ltr'><strong>habet).</strong></span> <span class='ocrx_word' id='word_1_303' title='bbox 298 2461 383 2493; x_wconf 74' lang='lat' dir='ltr'><strong>Quod</strong></span> <span class='ocrx_word' id='word_1_304' title='bbox 417 2458 487 2500; x_wconf 84' lang='lat' dir='ltr'><strong>ego]</strong></span> <span class='ocrx_word' id='word_1_305' title='bbox 525 2459 690 2490; x_wconf 85' lang='lat' dir='ltr'><strong>Parasitus</strong></span> <span class='ocrx_word' id='word_1_306' title='bbox 725 2458 857 2489; x_wconf 84' lang='lat' dir='ltr'><strong>scilicet.</strong></span> 
     </span>
     <span class='ocr_line' id='line_1_51' title="bbox 123 2501 857 2543; baseline 0 -11"><span class='ocrx_word' id='word_1_307' title='bbox 123 2503 258 2532; x_wconf 73' lang='lat' dir='ltr'><strong>Primum</strong></span> <span class='ocrx_word' id='word_1_308' title='bbox 269 2501 359 2543; x_wconf 77' lang='lat' dir='ltr'><strong>puto]</strong></span> <span class='ocrx_word' id='word_1_309' title='bbox 375 2504 510 2534; x_wconf 75' lang='lat' dir='ltr'><strong>Primum</strong></span> <span class='ocrx_word' id='word_1_310' title='bbox 526 2507 611 2542; x_wconf 82' lang='lat' dir='ltr'><strong>puto,</strong></span> <span class='ocrx_word' id='word_1_311' title='bbox 627 2501 717 2542; x_wconf 84' lang='lat' dir='ltr'><strong>quasi</strong></span> <span class='ocrx_word' id='word_1_312' title='bbox 735 2501 857 2543; x_wconf 74' lang='lat' dir='ltr'><strong>parasi-</strong></span> 
     </span>
     <span class='ocr_line' id='line_1_52' title="bbox 123 2543 859 2586; baseline 0 -10"><span class='ocrx_word' id='word_1_313' title='bbox 123 2551 184 2576; x_wconf 79' lang='lat' dir='ltr'><strong>tus.</strong></span> <span class='ocrx_word' id='word_1_314' title='bbox 204 2545 441 2576; x_wconf 79' lang='lat' dir='ltr'><strong>D.—Praeterea</strong></span> <span class='ocrx_word' id='word_1_315' title='bbox 451 2547 504 2576; x_wconf 78' lang='lat' dir='ltr'><strong>hoc</strong></span> <span class='ocrx_word' id='word_1_316' title='bbox 514 2543 622 2585; x_wconf 77' lang='lat' dir='ltr'><strong>etiam]</strong></span> <span class='ocrx_word' id='word_1_317' title='bbox 636 2545 714 2576; x_wconf 87' lang='lat' dir='ltr'><strong>Post</strong></span> <span class='ocrx_word' id='word_1_318' title='bbox 729 2555 775 2582; x_wconf 89' lang='lat' dir='ltr'><strong>ea,</strong></span> <span class='ocrx_word' id='word_1_319' title='bbox 787 2554 859 2586; x_wconf 85' lang='lat' dir='ltr'><strong>quae</strong></span> 
     </span>
     <span class='ocr_line' id='line_1_53' title="bbox 122 2588 859 2637; baseline 0 -19"><span class='ocrx_word' id='word_1_320' title='bbox 122 2597 221 2628; x_wconf 87' lang='lat' dir='ltr'><strong>supra</strong></span> <span class='ocrx_word' id='word_1_321' title='bbox 234 2588 399 2619; x_wconf 86' lang='lat' dir='ltr'><strong>commoda</strong></span> <span class='ocrx_word' id='word_1_322' title='bbox 409 2594 602 2625; x_wconf 82' lang='lat' dir='ltr'><strong>narraverat,</strong></span> <span class='ocrx_word' id='word_1_323' title='bbox 614 2588 760 2637; x_wconf 77' lang='lat' dir='ltr'><strong>adjungit</strong></span> <span class='ocrx_word' id='word_1_324' title='bbox 774 2588 859 2629; x_wconf 88' lang='lat' dir='ltr'><strong>quod</strong></span> 
     </span>
     <span class='ocr_line' id='line_1_54' title="bbox 123 2629 859 2672; baseline 0.001 -11"><span class='ocrx_word' id='word_1_325' title='bbox 123 2630 219 2661; x_wconf 86' lang='lat' dir='ltr'><strong>etiam</strong></span> <span class='ocrx_word' id='word_1_326' title='bbox 235 2629 295 2661; x_wconf 84' lang='lat' dir='ltr'><strong>sibi</strong></span> <span class='ocrx_word' id='word_1_327' title='bbox 310 2630 448 2662; x_wconf 84' lang='lat' dir='ltr'><strong>maxime</strong></span> <span class='ocrx_word' id='word_1_328' title='bbox 468 2631 681 2662; x_wconf 87' lang='lat' dir='ltr'><strong>necessarium</strong></span> <span class='ocrx_word' id='word_1_329' title='bbox 700 2638 758 2668; x_wconf 86' lang='lat' dir='ltr'><strong>est,</strong></span> <span class='ocrx_word' id='word_1_330' title='bbox 774 2630 859 2672; x_wconf 91' lang='lat' dir='ltr'><strong>quod</strong></span> 
     </span>
     <span class='ocr_line' id='line_1_55' title="bbox 123 2673 858 2722; baseline 0.001 -18"><span class='ocrx_word' id='word_1_331' title='bbox 123 2683 219 2704; x_wconf 90' lang='lat' dir='ltr'><strong>nemo</strong></span> <span class='ocrx_word' id='word_1_332' title='bbox 234 2673 348 2705; x_wconf 88' lang='lat' dir='ltr'><strong>melius</strong></span> <span class='ocrx_word' id='word_1_333' title='bbox 362 2673 507 2715; x_wconf 80' lang='lat' dir='ltr'><strong>accipiat,</strong></span> <span class='ocrx_word' id='word_1_334' title='bbox 523 2684 618 2722; x_wconf 88' lang='lat' dir='ltr'><strong>quam</strong></span> <span class='ocrx_word' id='word_1_335' title='bbox 633 2673 735 2705; x_wconf 85' lang='lat' dir='ltr'><strong>miles.</strong></span> <span class='ocrx_word' id='word_1_336' title='bbox 765 2676 858 2705; x_wconf 70' lang='lat' dir='ltr'><strong>Acca·-</strong></span> 
     </span>
     <span class='ocr_line' id='line_1_56' title="bbox 119 2716 857 2758; baseline 0.001 -11"><span class='ocrx_word' id='word_1_337' title='bbox 119 2719 171 2756; x_wconf 80' lang='lat' dir='ltr'><strong>pit</strong></span> <span class='ocrx_word' id='word_1_338' title='bbox 191 2723 298 2748; x_wconf 89' lang='lat' dir='ltr'><strong>autem</strong></span> <span class='ocrx_word' id='word_1_339' title='bbox 323 2716 436 2758; x_wconf 83' lang='lat' dir='ltr'><strong>pascit.</strong></span> <span class='ocrx_word' id='word_1_340' title='bbox 480 2716 594 2757; x_wconf 83' lang='lat' dir='ltr'><strong>virgil.</strong></span> <span class='ocrx_word' id='word_1_341' title='bbox 617 2716 693 2747; x_wconf 86' lang='lat' dir='ltr'><strong>AEn.</strong></span> <span class='ocrx_word' id='word_1_342' title='bbox 715 2716 760 2748; x_wconf 88' lang='lat' dir='ltr'><strong>iii.</strong></span> <span class='ocrx_word' id='word_1_343' title='bbox 784 2718 857 2748; x_wconf 81' lang='grc'><strong>353.</strong></span> 
     </span>
     <span class='ocr_line' id='line_1_57' title="bbox 124 2760 859 2800; baseline 0.001 -10"><span class='ocrx_word' id='word_1_344' title='bbox 124 2761 197 2793; x_wconf 72' lang='lat' dir='ltr'><strong>Illos</strong></span> <span class='ocrx_word' id='word_1_345' title='bbox 208 2761 375 2800; x_wconf 74' lang='lat' dir='ltr'><strong>porticibus</strong></span> <span class='ocrx_word' id='word_1_346' title='bbox 389 2770 443 2790; x_wconf 72' lang='lat' dir='ltr'><strong>rea·</strong></span> <span class='ocrx_word' id='word_1_347' title='bbox 457 2761 649 2799; x_wconf 72' lang='lat' dir='ltr'><strong>accipiebat</strong></span> <span class='ocrx_word' id='word_1_348' title='bbox 637 2771 669 2790; x_wconf 77' lang='lat' dir='ltr'><strong>m</strong></span> <span class='ocrx_word' id='word_1_349' title='bbox 685 2762 802 2799; x_wconf 74' lang='lat' dir='ltr'><strong>amplis.</strong></span> <span class='ocrx_word' id='word_1_350' title='bbox 819 2760 859 2791; x_wconf 80' lang='lat' dir='ltr'><strong>E.</strong></span> 
     </span>
     <span class='ocr_line' id='line_1_58' title="bbox 124 2802 861 2842; baseline 0.001 -9"><span class='ocrx_word' id='word_1_351' title='bbox 124 2803 285 2840; x_wconf 76' lang='lat' dir='ltr'><strong>-Verba,</strong></span> <span class='ocrx_word' id='word_1_352' title='bbox 319 2802 401 2838; x_wconf 75' lang='lat' dir='ltr'><strong>Quid</strong></span> <span class='ocrx_word' id='word_1_353' title='bbox 425 2804 567 2842; x_wconf 74' lang='lat' dir='ltr'><strong>agimus?</strong></span> <span class='ocrx_word' id='word_1_354' title='bbox 602 2809 678 2834; x_wconf 84' lang='lat' dir='ltr'><strong>sunt</strong></span> <span class='ocrx_word' id='word_1_355' title='bbox 710 2803 861 2840; x_wconf 75' lang='lat' dir='ltr'><strong>Choereae,</strong></span> 
     </span>
     <span class='ocr_line' id='line_1_59' title="bbox 124 2844 861 2895; baseline 0 -18"><span class='ocrx_word' id='word_1_356' title='bbox 124 2846 245 2888; x_wconf 89' lang='lat' dir='ltr'><strong>quippe</strong></span> <span class='ocrx_word' id='word_1_357' title='bbox 259 2844 324 2895; x_wconf 78' lang='lat' dir='ltr'><strong>qui,</strong></span> <span class='ocrx_word' id='word_1_358' title='bbox 337 2856 411 2877; x_wconf 89' lang='lat' dir='ltr'><strong>cum</strong></span> <span class='ocrx_word' id='word_1_359' title='bbox 426 2845 560 2876; x_wconf 81' lang='lat' dir='ltr'><strong>Thaidis</strong></span> <span class='ocrx_word' id='word_1_360' title='bbox 569 2855 677 2876; x_wconf 86' lang='lat' dir='ltr'><strong>amore</strong></span> <span class='ocrx_word' id='word_1_361' title='bbox 692 2855 757 2876; x_wconf 89' lang='lat' dir='ltr'><strong>non</strong></span> <span class='ocrx_word' id='word_1_362' title='bbox 772 2852 861 2877; x_wconf 88' lang='lat' dir='ltr'><strong>tene-</strong></span> 
     </span>
     <span class='ocr_line' id='line_1_60' title="bbox 125 2887 817 2931; baseline -0.003 -10"><span class='ocrx_word' id='word_1_363' title='bbox 125 2896 224 2926; x_wconf 85' lang='lat' dir='ltr'><strong>retur,</strong></span> <span class='ocrx_word' id='word_1_364' title='bbox 240 2889 328 2931; x_wconf 90' lang='lat' dir='ltr'><strong>prior</strong></span> <span class='ocrx_word' id='word_1_365' title='bbox 343 2888 383 2920; x_wconf 88' lang='lat' dir='ltr'><strong>ad</strong></span> <span class='ocrx_word' id='word_1_366' title='bbox 398 2887 663 2920; x_wconf 88' lang='lat' dir='ltr'><strong>consentiendum</strong></span> <span class='ocrx_word' id='word_1_367' title='bbox 678 2894 755 2919; x_wconf 88' lang='lat' dir='ltr'><strong>erat.</strong></span> <span class='ocrx_word' id='word_1_368' title='bbox 780 2889 817 2919; x_wconf 89' lang='grc' dir='ltr'><strong>Β.</strong></span> 
     </span>
    </p>

    <p class='ocr_par' dir='ltr' id='par_1_17' title="bbox 125 2930 863 3060">
     <span class='ocr_line' id='line_1_61' title="bbox 168 2930 862 2981; baseline -0.003 -17"><span class='ocrx_word' id='word_1_369' title='bbox 168 2934 219 2964; x_wconf 84' lang='grc'><strong>52.</strong></span> <span class='ocrx_word' id='word_1_370' title='bbox 235 2934 358 2973; x_wconf 77' lang='lat' dir='ltr'><strong>Accipit</strong></span> <span class='ocrx_word' id='word_1_371' title='bbox 372 2930 532 2981; x_wconf 70' lang='lat' dir='ltr'><strong>hominem]</strong></span> <span class='ocrx_word' id='word_1_372' title='bbox 544 2932 676 2972; x_wconf 69' lang='lat' dir='ltr'><strong>Accipit,</strong></span> <span class='ocrx_word' id='word_1_373' title='bbox 688 2930 800 2972; x_wconf 86' lang='lat' dir='ltr'><strong>pascit,</strong></span> <span class='ocrx_word' id='word_1_374' title='bbox 812 2930 862 2963; x_wconf 88' lang='lat' dir='ltr'><strong>in·</strong></span> 
     </span>
     <span class='ocr_line' id='line_1_62' title="bbox 126 2975 863 3014; baseline -0.001 -7"><span class='ocrx_word' id='word_1_375' title='bbox 126 2975 222 3007; x_wconf 83' lang='lat' dir='ltr'><strong>vitat:</strong></span> <span class='ocrx_word' id='word_1_376' title='bbox 247 2983 292 3013; x_wconf 91' lang='grc' dir='ltr'>ιιι,</span> <span class='ocrx_word' id='word_1_377' title='bbox 310 2976 384 3006; x_wconf 84' lang='lat' dir='ltr'><strong>AEn.</strong></span> <span class='ocrx_word' id='word_1_378' title='bbox 401 2975 446 3006; x_wconf 87' lang='lat' dir='ltr'><strong>iii.</strong></span> <span class='ocrx_word' id='word_1_379' title='bbox 458 2976 529 3006; x_wconf 78' lang='lat'><strong>353.</strong></span> <span class='ocrx_word' id='word_1_380' title='bbox 549 2976 620 3006; x_wconf 77' lang='lat' dir='ltr'><strong>Illos</strong></span> <span class='ocrx_word' id='word_1_381' title='bbox 630 2976 797 3014; x_wconf 76' lang='lat' dir='ltr'><strong>porticibus</strong></span> <span class='ocrx_word' id='word_1_382' title='bbox 810 2986 863 3007; x_wconf 68' lang='lat' dir='ltr'><strong>rex</strong></span> 
     </span>
     <span class='ocr_line' id='line_1_63' title="bbox 125 3020 862 3060; baseline -0.003 -10"><span class='ocrx_word' id='word_1_383' title='bbox 125 3021 318 3060; x_wconf 70' lang='lat' dir='ltr'><strong>accipiebat</strong></span> <span class='ocrx_word' id='word_1_384' title='bbox 307 3031 338 3050; x_wconf 81' lang='lat' dir='ltr'><strong>m</strong></span> <span class='ocrx_word' id='word_1_385' title='bbox 352 3020 468 3059; x_wconf 65' lang='lat' dir='ltr'><strong>nmquis.</strong></span> <span class='ocrx_word' id='word_1_386' title='bbox 507 3020 602 3049; x_wconf 84' lang='lat' dir='ltr'><strong>Nemo</strong></span> <span class='ocrx_word' id='word_1_387' title='bbox 616 3020 720 3049; x_wconf 75' lang='lat' dir='ltr'><strong>melius</strong></span> <span class='ocrx_word' id='word_1_388' title='bbox 730 3029 862 3058; x_wconf 74' lang='lat' dir='ltr'><strong>prorsus,</strong></span> 
     </span>
    </p>
   </div>
   <div class='ocr_carea' id='block_1_14' title="bbox 1259 791 1632 849">
    <p class='ocr_par' dir='ltr' id='par_1_18' title="bbox 1259 791 1632 849">
     <span class='ocr_line' id='line_1_64' title="bbox 1259 791 1632 849; baseline 0.003 -15"><span class='ocrx_word' id='word_1_389' title='bbox 1259 791 1346 834; x_wconf 75' lang='lat' dir='ltr'><strong>Pu.</strong></span> <span class='ocrx_word' id='word_1_390' title='bbox 1368 791 1632 849; x_wconf 88' lang='lat' dir='ltr'><strong>Recipimus.</strong></span> 
     </span>
    </p>
   </div>
   <div class='ocr_carea' id='block_1_15' title="bbox 893 902 1641 3058">
    <p class='ocr_par' dir='ltr' id='par_1_19' title="bbox 893 902 1635 1160">
     <span class='ocr_line' id='line_1_65' title="bbox 895 902 1634 989; baseline 0.004 -12"><span class='ocrx_word' id='word_1_391' title='bbox 895 902 1477 997; x_wconf 52' lang='lat' dir='ltr'><strong>1²53,“⁶235132³:t‚“³214{¹.22¹1¹¹¹032‚32ss5”</strong></span> <span class='ocrx_word' id='word_1_392' title='bbox 1484 915 1634 980; x_wconf 57' lang='grc' dir='ltr'><strong>ὅέἶῗί-</strong></span> 
     </span>
     <span class='ocr_line' id='line_1_66' title="bbox 896 989 1635 1029; baseline 0.004 -9"><span class='ocrx_word' id='word_1_393' title='bbox 896 992 971 1029; x_wconf 80' lang='lat' dir='ltr'><strong>cipit</strong></span> <span class='ocrx_word' id='word_1_394' title='bbox 992 991 1075 1020; x_wconf 80' lang='lat' dir='ltr'><strong>homo</strong></span> <span class='ocrx_word' id='word_1_395' title='bbox 1094 989 1192 1029; x_wconf 85' lang='lat' dir='ltr'><strong>nemo]</strong></span> <span class='ocrx_word' id='word_1_396' title='bbox 1216 990 1305 1021; x_wconf 92' lang='lat' dir='ltr'><strong>Serv.</strong></span> <span class='ocrx_word' id='word_1_397' title='bbox 1323 990 1399 1021; x_wconf 86' lang='lat' dir='ltr'><strong>AEn.</strong></span> <span class='ocrx_word' id='word_1_398' title='bbox 1415 990 1461 1021; x_wconf 90' lang='lat' dir='ltr'><strong>iii.</strong></span> <span class='ocrx_word' id='word_1_399' title='bbox 1480 992 1551 1022; x_wconf 85' lang='lat'><strong>353.</strong></span> <span class='ocrx_word' id='word_1_400' title='bbox 1567 993 1635 1023; x_wconf 70' lang='lat' dir='ltr'><strong>Rea¹</strong></span> 
     </span>
     <span class='ocr_line' id='line_1_67' title="bbox 896 1033 1635 1074; baseline 0.004 -11"><span class='ocrx_word' id='word_1_401' title='bbox 896 1034 1090 1072; x_wconf 71' lang='lat' dir='ltr'><strong>accipiebat</strong></span> <span class='ocrx_word' id='word_1_402' title='bbox 1079 1044 1110 1063; x_wconf 82' lang='lat' dir='ltr'><strong>m</strong></span> <span class='ocrx_word' id='word_1_403' title='bbox 1125 1035 1242 1073; x_wconf 79' lang='lat' dir='ltr'><strong>amplis.</strong></span> <span class='ocrx_word' id='word_1_404' title='bbox 1258 1033 1437 1074; x_wconf 85' lang='lat' dir='ltr'><strong>L.—Lege‚</strong></span> <span class='ocrx_word' id='word_1_405' title='bbox 1449 1036 1531 1066; x_wconf 83' lang='lat' dir='ltr'><strong>homo</strong></span> <span class='ocrx_word' id='word_1_406' title='bbox 1543 1046 1635 1072; x_wconf 83' lang='lat' dir='ltr'><strong>nemo,</strong></span> 
     </span>
     <span class='ocr_line' id='line_1_68' title="bbox 894 1075 1633 1117; baseline 0.003 -10"><span class='ocrx_word' id='word_1_407' title='bbox 894 1086 913 1107; x_wconf 90' lang='lat' dir='ltr'><strong>e</strong></span> <span class='ocrx_word' id='word_1_408' title='bbox 928 1075 991 1106; x_wconf 87' lang='lat' dir='ltr'><strong>fide</strong></span> <span class='ocrx_word' id='word_1_409' title='bbox 1012 1075 1103 1108; x_wconf 88' lang='lat' dir='ltr'><strong>codd.</strong></span> <span class='ocrx_word' id='word_1_410' title='bbox 1120 1075 1328 1117; x_wconf 88' lang='lat' dir='ltr'><strong>quorundam.</strong></span> <span class='ocrx_word' id='word_1_411' title='bbox 1374 1076 1502 1108; x_wconf 87' lang='lat' dir='ltr'><strong>Deinde</strong></span> <span class='ocrx_word' id='word_1_412' title='bbox 1525 1084 1561 1108; x_wconf 92' lang='lat' dir='ltr'><strong>ut</strong></span> <span class='ocrx_word' id='word_1_413' title='bbox 1582 1077 1633 1109; x_wconf 91' lang='lat' dir='ltr'><strong>in-</strong></span> 
     </span>
     <span class='ocr_line' id='line_1_69' title="bbox 893 1118 1613 1171; baseline 0.003 -21"><span class='ocrx_word' id='word_1_414' title='bbox 893 1125 1005 1160; x_wconf 87' lang='lat' dir='ltr'><strong>gratus</strong></span> <span class='ocrx_word' id='word_1_415' title='bbox 1019 1118 1158 1150; x_wconf 81' lang='lat' dir='ltr'><strong>evitetur</strong></span> <span class='ocrx_word' id='word_1_416' title='bbox 1172 1118 1294 1171; x_wconf 70' lang='lat' dir='ltr'><strong>sibilus,</strong></span> <span class='ocrx_word' id='word_1_417' title='bbox 1310 1119 1391 1160; x_wconf 81' lang='lat' dir='ltr'><strong>lege,</strong></span> <span class='ocrx_word' id='word_1_418' title='bbox 1402 1131 1550 1160; x_wconf 78' lang='lat' dir='ltr'><strong>prorsum</strong></span> <span class='ocrx_word' id='word_1_419' title='bbox 1575 1121 1613 1152; x_wconf 91' lang='lat' dir='ltr'><strong>B.</strong></span> 
     </span>
    </p>

    <p class='ocr_par' dir='ltr' id='par_1_20' title="bbox 895 1163 1639 2273">
     <span class='ocr_line' id='line_1_70' title="bbox 938 1163 1634 1204; baseline 0.003 -11"><span class='ocrx_word' id='word_1_420' title='bbox 938 1163 990 1194; x_wconf 88' lang='lat'><strong>53.</strong></span> <span class='ocrx_word' id='word_1_421' title='bbox 1005 1163 1131 1200; x_wconf 83' lang='lat' dir='ltr'><strong>Mirum,</strong></span> <span class='ocrx_word' id='word_1_422' title='bbox 1147 1164 1180 1194; x_wconf 82' lang='lat' dir='ltr'><strong>ni</strong></span> <span class='ocrx_word' id='word_1_423' title='bbox 1194 1164 1263 1193; x_wconf 81' lang='lat' dir='ltr'><strong>illoc</strong></span> <span class='ocrx_word' id='word_1_424' title='bbox 1277 1164 1392 1194; x_wconf 79' lang='lat' dir='ltr'><strong>homine</strong></span> <span class='ocrx_word' id='word_1_425' title='bbox 1413 1174 1526 1204; x_wconf 80' lang='lat' dir='ltr'><strong>quoquo</strong></span> <span class='ocrx_word' id='word_1_426' title='bbox 1544 1169 1634 1204; x_wconf 80' lang='lat' dir='ltr'><strong>pacto</strong></span> 
     </span>
     <span class='ocr_line' id='line_1_71' title="bbox 895 1185 1635 1249; baseline 0.003 -13"><span class='ocrx_word' id='word_1_427' title='bbox 895 1217 967 1246; x_wconf 72' lang='lat' dir='ltr'><strong>opus</strong></span> <span class='ocrx_word' id='word_1_428' title='bbox 981 1204 1042 1247; x_wconf 76' lang='lat' dir='ltr'><strong>est]</strong></span> <span class='ocrx_word' id='word_1_429' title='bbox 1060 1185 1177 1236; x_wconf 61' lang='lat' dir='ltr'><strong>Fac’ete</strong></span> <span class='ocrx_word' id='word_1_430' title='bbox 1189 1205 1273 1237; x_wconf 79' lang='lat' dir='ltr'><strong>dixit</strong></span> <span class='ocrx_word' id='word_1_431' title='bbox 1293 1205 1479 1237; x_wconf 79' lang='lat' dir='ltr'><strong>adolescens</strong></span> <span class='ocrx_word' id='word_1_432' title='bbox 1497 1206 1545 1238; x_wconf 91' lang='lat' dir='ltr'><strong>rei</strong></span> <span class='ocrx_word' id='word_1_433' title='bbox 1560 1217 1635 1249; x_wconf 86' lang='lat' dir='ltr'><strong>par-</strong></span> 
     </span>
     <span class='ocr_line' id='line_1_72' title="bbox 895 1248 1636 1290; baseline 0.003 -10"><span class='ocrx_word' id='word_1_434' title='bbox 895 1259 963 1286; x_wconf 83' lang='lat' dir='ltr'><strong>cus,</strong></span> <span class='ocrx_word' id='word_1_435' title='bbox 979 1255 1012 1280; x_wconf 90' lang='lat' dir='ltr'><strong>et</strong></span> <span class='ocrx_word' id='word_1_436' title='bbox 1024 1248 1079 1290; x_wconf 91' lang='lat' dir='ltr'><strong>qui</strong></span> <span class='ocrx_word' id='word_1_437' title='bbox 1093 1255 1186 1290; x_wconf 90' lang='lat' dir='ltr'><strong>putet</strong></span> <span class='ocrx_word' id='word_1_438' title='bbox 1200 1259 1341 1280; x_wconf 88' lang='lat' dir='ltr'><strong>amorem</strong></span> <span class='ocrx_word' id='word_1_439' title='bbox 1353 1249 1424 1280; x_wconf 87' lang='lat' dir='ltr'><strong>sine</strong></span> <span class='ocrx_word' id='word_1_440' title='bbox 1436 1250 1554 1281; x_wconf 88' lang='lat' dir='ltr'><strong>damno</strong></span> <span class='ocrx_word' id='word_1_441' title='bbox 1565 1260 1636 1282; x_wconf 86' lang='lat' dir='ltr'><strong>esse</strong></span> 
     </span>
     <span class='ocr_line' id='line_1_73' title="bbox 897 1292 1635 1333; baseline 0.004 -11"><span class='ocrx_word' id='word_1_442' title='bbox 897 1298 1055 1333; x_wconf 87' lang='lat' dir='ltr'><strong>oportere,</strong></span> <span class='ocrx_word' id='word_1_443' title='bbox 1085 1292 1202 1333; x_wconf 88' lang='lat' dir='ltr'><strong>quique</strong></span> <span class='ocrx_word' id='word_1_444' title='bbox 1236 1292 1384 1324; x_wconf 82' lang='lat' dir='ltr'><strong>fefellerit</strong></span> <span class='ocrx_word' id='word_1_445' title='bbox 1412 1293 1635 1325; x_wconf 84' lang='lat' dir='ltr'><strong>meretricem:</strong></span> 
     </span>
     <span class='ocr_line' id='line_1_74' title="bbox 897 1334 1636 1375; baseline 0.003 -9"><span class='ocrx_word' id='word_1_446' title='bbox 897 1345 963 1366; x_wconf 90' lang='lat' dir='ltr'><strong>non</strong></span> <span class='ocrx_word' id='word_1_447' title='bbox 978 1334 1082 1366; x_wconf 88' lang='lat' dir='ltr'><strong>solum</strong></span> <span class='ocrx_word' id='word_1_448' title='bbox 1097 1335 1289 1375; x_wconf 87' lang='lat' dir='ltr'><strong>ejiciendum</strong></span> <span class='ocrx_word' id='word_1_449' title='bbox 1312 1346 1377 1367; x_wconf 90' lang='lat' dir='ltr'><strong>non</strong></span> <span class='ocrx_word' id='word_1_450' title='bbox 1399 1346 1469 1367; x_wconf 85' lang='lat' dir='ltr'><strong>esse</strong></span> <span class='ocrx_word' id='word_1_451' title='bbox 1490 1336 1636 1374; x_wconf 91' lang='lat' dir='ltr'><strong>militem,</strong></span> 
     </span>
     <span class='ocr_line' id='line_1_75' title="bbox 898 1378 1637 1420; baseline 0.003 -11"><span class='ocrx_word' id='word_1_452' title='bbox 898 1379 955 1409; x_wconf 87' lang='lat' dir='ltr'><strong>sed</strong></span> <span class='ocrx_word' id='word_1_453' title='bbox 977 1378 1074 1409; x_wconf 82' lang='lat' dir='ltr'><strong>etiam</strong></span> <span class='ocrx_word' id='word_1_454' title='bbox 1096 1378 1208 1420; x_wconf 89' lang='lat' dir='ltr'><strong>quovis</strong></span> <span class='ocrx_word' id='word_1_455' title='bbox 1232 1379 1327 1410; x_wconf 91' lang='lat' dir='ltr'><strong>modo</strong></span> <span class='ocrx_word' id='word_1_456' title='bbox 1353 1379 1577 1411; x_wconf 87' lang='lat' dir='ltr'><strong>sustinendum</strong></span> <span class='ocrx_word' id='word_1_457' title='bbox 1599 1390 1637 1412; x_wconf 89' lang='lat' dir='ltr'><strong>ac</strong></span> 
     </span>
     <span class='ocr_line' id='line_1_76' title="bbox 896 1420 1632 1470; baseline 0.003 -18"><span class='ocrx_word' id='word_1_458' title='bbox 896 1420 1130 1470; x_wconf 82' lang='lat' dir='ltr'><strong>perferendum.</strong></span> <span class='ocrx_word' id='word_1_459' title='bbox 1161 1423 1286 1459; x_wconf 86' lang='lat' dir='ltr'><strong>Mirum,</strong></span> <span class='ocrx_word' id='word_1_460' title='bbox 1295 1423 1329 1453; x_wconf 80' lang='lat' dir='ltr'><strong>ni</strong></span> <span class='ocrx_word' id='word_1_461' title='bbox 1340 1423 1409 1453; x_wconf 74' lang='lat' dir='ltr'><strong>illoc</strong></span> <span class='ocrx_word' id='word_1_462' title='bbox 1423 1421 1554 1464; x_wconf 76' lang='lat' dir='ltr'><strong>homine]</strong></span> <span class='ocrx_word' id='word_1_463' title='bbox 1569 1423 1632 1454; x_wconf 89' lang='lat' dir='ltr'><strong>Ob·</strong></span> 
     </span>
     <span class='ocr_line' id='line_1_77' title="bbox 897 1464 1635 1507; baseline 0.004 -12"><span class='ocrx_word' id='word_1_464' title='bbox 897 1464 995 1496; x_wconf 88' lang='lat' dir='ltr'><strong>tinuit</strong></span> <span class='ocrx_word' id='word_1_465' title='bbox 1006 1464 1165 1506; x_wconf 77' lang='lat' dir='ltr'><strong>parasitus</strong></span> <span class='ocrx_word' id='word_1_466' title='bbox 1171 1465 1238 1505; x_wconf 86' lang='lat' dir='ltr'><strong>jam</strong></span> <span class='ocrx_word' id='word_1_467' title='bbox 1250 1465 1335 1506; x_wconf 89' lang='lat' dir='ltr'><strong>quod</strong></span> <span class='ocrx_word' id='word_1_468' title='bbox 1345 1466 1530 1507; x_wconf 82' lang='lat' dir='ltr'><strong>negabatur.</strong></span> <span class='ocrx_word' id='word_1_469' title='bbox 1562 1466 1635 1498; x_wconf 85' lang='lat' dir='ltr'><strong>Pri-</strong></span> 
     </span>
     <span class='ocr_line' id='line_1_78' title="bbox 897 1507 1638 1552; baseline 0.004 -14"><span class='ocrx_word' id='word_1_470' title='bbox 897 1518 950 1538; x_wconf 92' lang='lat' dir='ltr'><strong>mo</strong></span> <span class='ocrx_word' id='word_1_471' title='bbox 972 1507 1200 1539; x_wconf 88' lang='lat' dir='ltr'><strong>deliberatum:</strong></span> <span class='ocrx_word' id='word_1_472' title='bbox 1225 1515 1271 1546; x_wconf 89' lang='lat' dir='ltr'><strong>ut,</strong></span> <span class='ocrx_word' id='word_1_473' title='bbox 1297 1509 1379 1542; x_wconf 75' lang='lat' dir='ltr'><strong>Quid</strong></span> <span class='ocrx_word' id='word_1_474' title='bbox 1399 1511 1543 1549; x_wconf 75' lang='lat' dir='ltr'><strong>agimus?</strong></span> <span class='ocrx_word' id='word_1_475' title='bbox 1563 1516 1638 1552; x_wconf 87' lang='lat' dir='ltr'><strong>post</strong></span> 
     </span>
     <span class='ocr_line' id='line_1_79' title="bbox 897 1552 1635 1593; baseline 0.004 -12"><span class='ocrx_word' id='word_1_476' title='bbox 897 1561 1101 1582; x_wconf 88' lang='lat' dir='ltr'><strong>concessum·</strong></span> <span class='ocrx_word' id='word_1_477' title='bbox 1094 1574 1101 1581; x_wconf 97' lang='lat'><strong>.</strong></span> <span class='ocrx_word' id='word_1_478' title='bbox 1124 1557 1170 1588; x_wconf 87' lang='lat' dir='ltr'><strong>ut,</strong></span> <span class='ocrx_word' id='word_1_479' title='bbox 1183 1552 1297 1582; x_wconf 83' lang='lat' dir='ltr'><strong>Mirum</strong></span> <span class='ocrx_word' id='word_1_480' title='bbox 1312 1554 1345 1582; x_wconf 86' lang='lat' dir='ltr'><strong>m&#39;</strong></span> <span class='ocrx_word' id='word_1_481' title='bbox 1355 1554 1425 1583; x_wconf 79' lang='lat' dir='ltr'><strong>illoc</strong></span> <span class='ocrx_word' id='word_1_482' title='bbox 1437 1554 1552 1583; x_wconf 77' lang='lat' dir='ltr'><strong>homine</strong></span> <span class='ocrx_word' id='word_1_483' title='bbox 1563 1564 1635 1593; x_wconf 86' lang='lat' dir='ltr'><strong>quo-</strong></span> 
     </span>
     <span class='ocr_line' id='line_1_80' title="bbox 897 1595 1636 1636; baseline 0.001 -11"><span class='ocrx_word' id='word_1_484' title='bbox 897 1605 953 1635; x_wconf 84' lang='lat' dir='ltr'><strong>que</strong></span> <span class='ocrx_word' id='word_1_485' title='bbox 970 1599 1061 1634; x_wconf 81' lang='lat' dir='ltr'><strong>pacto</strong></span> <span class='ocrx_word' id='word_1_486' title='bbox 1077 1605 1149 1634; x_wconf 71' lang='lat' dir='ltr'><strong>opus</strong></span> <span class='ocrx_word' id='word_1_487' title='bbox 1162 1600 1216 1626; x_wconf 80' lang='lat' dir='ltr'><strong>est.</strong></span> <span class='ocrx_word' id='word_1_488' title='bbox 1261 1596 1386 1632; x_wconf 80' lang='lat' dir='ltr'><strong>Mirum,</strong></span> <span class='ocrx_word' id='word_1_489' title='bbox 1401 1597 1435 1626; x_wconf 80' lang='lat' dir='ltr'><strong>ni</strong></span> <span class='ocrx_word' id='word_1_490' title='bbox 1455 1595 1541 1636; x_wconf 80' lang='lat' dir='ltr'><strong>illoc]</strong></span> <span class='ocrx_word' id='word_1_491' title='bbox 1559 1595 1636 1633; x_wconf 89' lang='lat' dir='ltr'><strong>Hic,</strong></span> 
     </span>
     <span class='ocr_line' id='line_1_81' title="bbox 896 1637 1637 1678; baseline 0.003 -10"><span class='ocrx_word' id='word_1_492' title='bbox 896 1637 1011 1678; x_wconf 86' lang='lat' dir='ltr'><strong>inquit,</strong></span> <span class='ocrx_word' id='word_1_493' title='bbox 1028 1637 1183 1678; x_wconf 88' lang='lat' dir='ltr'><strong>ejusmodi</strong></span> <span class='ocrx_word' id='word_1_494' title='bbox 1205 1644 1263 1675; x_wconf 81' lang='lat' dir='ltr'><strong>est,</strong></span> <span class='ocrx_word' id='word_1_495' title='bbox 1279 1644 1317 1669; x_wconf 88' lang='lat' dir='ltr'><strong>ut</strong></span> <span class='ocrx_word' id='word_1_496' title='bbox 1338 1638 1435 1669; x_wconf 92' lang='lat' dir='ltr'><strong>etiam</strong></span> <span class='ocrx_word' id='word_1_497' title='bbox 1456 1649 1530 1670; x_wconf 90' lang='lat' dir='ltr'><strong>cum</strong></span> <span class='ocrx_word' id='word_1_498' title='bbox 1551 1639 1637 1670; x_wconf 87' lang='lat' dir='ltr'><strong>mala</strong></span> 
     </span>
     <span class='ocr_line' id='line_1_82' title="bbox 897 1680 1636 1723; baseline 0.003 -12"><span class='ocrx_word' id='word_1_499' title='bbox 897 1680 1081 1711; x_wconf 87' lang='lat' dir='ltr'><strong>conditione</strong></span> <span class='ocrx_word' id='word_1_500' title='bbox 1096 1680 1266 1722; x_wconf 86' lang='lat' dir='ltr'><strong>patiendus</strong></span> <span class='ocrx_word' id='word_1_501' title='bbox 1280 1681 1331 1712; x_wconf 84' lang='lat' dir='ltr'><strong>sit.</strong></span> <span class='ocrx_word' id='word_1_502' title='bbox 1376 1683 1461 1712; x_wconf 83' lang='lat' dir='ltr'><strong>Idem</strong></span> <span class='ocrx_word' id='word_1_503' title='bbox 1480 1693 1534 1723; x_wconf 79' lang='lat' dir='ltr'><strong>ego</strong></span> <span class='ocrx_word' id='word_1_504' title='bbox 1551 1684 1636 1713; x_wconf 81' lang='lat' dir='ltr'><strong>arbi-</strong></span> 
     </span>
     <span class='ocr_line' id='line_1_83' title="bbox 898 1723 1638 1774; baseline 0.004 -20"><span class='ocrx_word' id='word_1_505' title='bbox 898 1723 977 1764; x_wconf 76' lang='lat' dir='ltr'><strong>tror]</strong></span> <span class='ocrx_word' id='word_1_506' title='bbox 988 1723 1071 1755; x_wconf 87' lang='lat' dir='ltr'><strong>Sane</strong></span> <span class='ocrx_word' id='word_1_507' title='bbox 1082 1734 1163 1766; x_wconf 85' lang='lat' dir='ltr'><strong>opus</strong></span> <span class='ocrx_word' id='word_1_508' title='bbox 1173 1724 1235 1755; x_wconf 82' lang='lat' dir='ltr'><strong>fuit</strong></span> <span class='ocrx_word' id='word_1_509' title='bbox 1245 1724 1465 1763; x_wconf 81' lang='lat' dir='ltr'><strong>consensione,</strong></span> <span class='ocrx_word' id='word_1_510' title='bbox 1475 1725 1638 1774; x_wconf 83' lang='lat' dir='ltr'><strong>praecipue</strong></span> 
     </span>
     <span class='ocr_line' id='line_1_84' title="bbox 898 1766 1637 1809; baseline 0.003 -11"><span class='ocrx_word' id='word_1_511' title='bbox 898 1766 1064 1804; x_wconf 83' lang='lat' dir='ltr'><strong>Phaedriae,</strong></span> <span class='ocrx_word' id='word_1_512' title='bbox 1073 1768 1164 1807; x_wconf 86' lang='lat' dir='ltr'><strong>cujus</strong></span> <span class='ocrx_word' id='word_1_513' title='bbox 1175 1778 1227 1799; x_wconf 89' lang='lat' dir='ltr'><strong>res</strong></span> <span class='ocrx_word' id='word_1_514' title='bbox 1238 1767 1362 1809; x_wconf 85' lang='lat' dir='ltr'><strong>agitur.</strong></span> <span class='ocrx_word' id='word_1_515' title='bbox 1386 1778 1461 1799; x_wconf 91' lang='lat' dir='ltr'><strong>nam</strong></span> <span class='ocrx_word' id='word_1_516' title='bbox 1473 1768 1519 1799; x_wconf 89' lang='lat' dir='ltr'><strong>ita</strong></span> <span class='ocrx_word' id='word_1_517' title='bbox 1528 1775 1560 1800; x_wconf 92' lang='lat' dir='ltr'><strong>et</strong></span> <span class='ocrx_word' id='word_1_518' title='bbox 1568 1779 1637 1800; x_wconf 90' lang='lat' dir='ltr'><strong>ser-</strong></span> 
     </span>
     <span class='ocr_line' id='line_1_85' title="bbox 898 1811 1636 1852; baseline 0.001 -11"><span class='ocrx_word' id='word_1_519' title='bbox 898 1816 972 1841; x_wconf 88' lang='lat' dir='ltr'><strong>vata</strong></span> <span class='ocrx_word' id='word_1_520' title='bbox 984 1820 1122 1852; x_wconf 86' lang='lat' dir='ltr'><strong>persona</strong></span> <span class='ocrx_word' id='word_1_521' title='bbox 1137 1817 1186 1841; x_wconf 87' lang='lat' dir='ltr'><strong>est</strong></span> <span class='ocrx_word' id='word_1_522' title='bbox 1197 1811 1288 1842; x_wconf 85' lang='lat' dir='ltr'><strong>tarde</strong></span> <span class='ocrx_word' id='word_1_523' title='bbox 1303 1811 1534 1842; x_wconf 88' lang='lat' dir='ltr'><strong>consentientis</strong></span> <span class='ocrx_word' id='word_1_524' title='bbox 1548 1822 1636 1843; x_wconf 88' lang='lat' dir='ltr'><strong>ama-</strong></span> 
     </span>
     <span class='ocr_line' id='line_1_86' title="bbox 898 1853 1638 1896; baseline 0.001 -12"><span class='ocrx_word' id='word_1_525' title='bbox 898 1853 987 1884; x_wconf 85' lang='lat' dir='ltr'><strong>toris.</strong></span> <span class='ocrx_word' id='word_1_526' title='bbox 1011 1853 1223 1891; x_wconf 78' lang='lat' dir='ltr'><strong>D.—Mirum,</strong></span> <span class='ocrx_word' id='word_1_527' title='bbox 1248 1856 1281 1884; x_wconf 86' lang='lat' dir='ltr'><strong>m&#39;</strong></span> <span class='ocrx_word' id='word_1_528' title='bbox 1307 1856 1377 1885; x_wconf 80' lang='lat' dir='ltr'><strong>illoc</strong></span> <span class='ocrx_word' id='word_1_529' title='bbox 1402 1854 1532 1896; x_wconf 79' lang='lat' dir='ltr'><strong>homine]</strong></span> <span class='ocrx_word' id='word_1_530' title='bbox 1562 1855 1638 1885; x_wconf 84' lang='lat' dir='ltr'><strong>Sive</strong></span> 
     </span>
     <span class='ocr_line' id='line_1_87' title="bbox 899 1896 1637 1937; baseline 0.003 -11"><span class='ocrx_word' id='word_1_531' title='bbox 899 1896 974 1937; x_wconf 89' lang='lat' dir='ltr'><strong>qnia</strong></span> <span class='ocrx_word' id='word_1_532' title='bbox 988 1907 1070 1927; x_wconf 83' lang='lat' dir='ltr'><strong>nemo</strong></span> <span class='ocrx_word' id='word_1_533' title='bbox 1086 1898 1191 1927; x_wconf 77' lang='lat' dir='ltr'><strong>melius</strong></span> <span class='ocrx_word' id='word_1_534' title='bbox 1211 1899 1353 1936; x_wconf 77' lang='lat' dir='ltr'><strong>accipiat,</strong></span> <span class='ocrx_word' id='word_1_535' title='bbox 1368 1907 1461 1937; x_wconf 82' lang='lat' dir='ltr'><strong>neque</strong></span> <span class='ocrx_word' id='word_1_536' title='bbox 1477 1899 1637 1937; x_wconf 74' lang='lat' dir='ltr'><strong>prolixius,</strong></span> 
     </span>
     <span class='ocr_line' id='line_1_88' title="bbox 898 1938 1639 1980; baseline 0.003 -10"><span class='ocrx_word' id='word_1_537' title='bbox 898 1938 933 1970; x_wconf 88' lang='lat' dir='ltr'><strong>id</strong></span> <span class='ocrx_word' id='word_1_538' title='bbox 945 1944 1003 1976; x_wconf 86' lang='lat' dir='ltr'><strong>est,</strong></span> <span class='ocrx_word' id='word_1_539' title='bbox 1019 1939 1251 1971; x_wconf 85' lang='lat' dir='ltr'><strong>abundantius:</strong></span> <span class='ocrx_word' id='word_1_540' title='bbox 1275 1939 1343 1970; x_wconf 85' lang='lat' dir='ltr'><strong>sive</strong></span> <span class='ocrx_word' id='word_1_541' title='bbox 1364 1939 1515 1980; x_wconf 86' lang='lat' dir='ltr'><strong>quoniam</strong></span> <span class='ocrx_word' id='word_1_542' title='bbox 1536 1941 1639 1972; x_wconf 83' lang='lat' dir='ltr'><strong>multa</strong></span> 
     </span>
     <span class='ocr_line' id='line_1_89' title="bbox 898 1981 1636 2024; baseline 0.004 -12"><span class='ocrx_word' id='word_1_543' title='bbox 898 1982 981 2013; x_wconf 90' lang='lat' dir='ltr'><strong>dona</strong></span> <span class='ocrx_word' id='word_1_544' title='bbox 995 1981 1156 2013; x_wconf 87' lang='lat' dir='ltr'><strong>meretrici</strong></span> <span class='ocrx_word' id='word_1_545' title='bbox 1178 1982 1297 2014; x_wconf 86' lang='lat' dir='ltr'><strong>donare</strong></span> <span class='ocrx_word' id='word_1_546' title='bbox 1317 1989 1433 2024; x_wconf 85' lang='lat' dir='ltr'><strong>potest.</strong></span> <span class='ocrx_word' id='word_1_547' title='bbox 1477 1983 1532 2014; x_wconf 83' lang='lat' dir='ltr'><strong>Ad</strong></span> <span class='ocrx_word' id='word_1_548' title='bbox 1550 1994 1636 2024; x_wconf 83' lang='lat' dir='ltr'><strong>quae-</strong></span> 
     </span>
     <span class='ocr_line' id='line_1_90' title="bbox 898 2025 1638 2066; baseline 0.003 -10"><span class='ocrx_word' id='word_1_549' title='bbox 898 2035 1023 2066; x_wconf 87' lang='lat' dir='ltr'><strong>cunque</strong></span> <span class='ocrx_word' id='word_1_550' title='bbox 1046 2025 1097 2056; x_wconf 85' lang='lat' dir='ltr'><strong>hic</strong></span> <span class='ocrx_word' id='word_1_551' title='bbox 1121 2025 1217 2056; x_wconf 92' lang='lat' dir='ltr'><strong>homo</strong></span> <span class='ocrx_word' id='word_1_552' title='bbox 1240 2025 1438 2057; x_wconf 88' lang='lat' dir='ltr'><strong>necessarius</strong></span> <span class='ocrx_word' id='word_1_553' title='bbox 1464 2033 1522 2058; x_wconf 84' lang='lat' dir='ltr'><strong>est.</strong></span> <span class='ocrx_word' id='word_1_554' title='bbox 1553 2027 1638 2058; x_wconf 89' lang='lat' dir='ltr'><strong>E.—</strong></span> 
     </span>
     <span class='ocr_line' id='line_1_91' title="bbox 900 2068 1639 2112; baseline 0.004 -13"><span class='ocrx_word' id='word_1_555' title='bbox 900 2068 996 2099; x_wconf 88' lang='lat' dir='ltr'><strong>Muta</strong></span> <span class='ocrx_word' id='word_1_556' title='bbox 1022 2078 1231 2110; x_wconf 88' lang='lat' dir='ltr'><strong>personarum</strong></span> <span class='ocrx_word' id='word_1_557' title='bbox 1260 2068 1375 2106; x_wconf 86' lang='lat' dir='ltr'><strong>vicem,</strong></span> <span class='ocrx_word' id='word_1_558' title='bbox 1405 2076 1439 2101; x_wconf 90' lang='lat' dir='ltr'><strong>et</strong></span> <span class='ocrx_word' id='word_1_559' title='bbox 1473 2069 1564 2112; x_wconf 87' lang='lat' dir='ltr'><strong>prius</strong></span> <span class='ocrx_word' id='word_1_560' title='bbox 1596 2071 1639 2102; x_wconf 92' lang='lat' dir='ltr'><strong>da</strong></span> 
     </span>
     <span class='ocr_line' id='line_1_92' title="bbox 900 2111 1637 2153; baseline 0.004 -11"><span class='ocrx_word' id='word_1_561' title='bbox 900 2111 1051 2149; x_wconf 81' lang='lat' dir='ltr'><strong>Chaereae,</strong></span> <span class='ocrx_word' id='word_1_562' title='bbox 1062 2111 1222 2153; x_wconf 85' lang='lat' dir='ltr'><strong>posterius</strong></span> <span class='ocrx_word' id='word_1_563' title='bbox 1238 2111 1401 2150; x_wconf 76' lang='lat' dir='ltr'><strong>Phaedriae,</strong></span> <span class='ocrx_word' id='word_1_564' title='bbox 1413 2112 1478 2153; x_wconf 90' lang='lat' dir='ltr'><strong>qui,</strong></span> <span class='ocrx_word' id='word_1_565' title='bbox 1490 2119 1526 2144; x_wconf 90' lang='lat' dir='ltr'><strong>ut</strong></span> <span class='ocrx_word' id='word_1_566' title='bbox 1538 2113 1637 2145; x_wconf 86' lang='lat' dir='ltr'><strong>Thai-</strong></span> 
     </span>
     <span class='ocr_line' id='line_1_93' title="bbox 900 2154 1637 2192; baseline 0.004 -7"><span class='ocrx_word' id='word_1_567' title='bbox 900 2154 950 2186; x_wconf 86' lang='lat' dir='ltr'><strong>dis</strong></span> <span class='ocrx_word' id='word_1_568' title='bbox 965 2161 1095 2192; x_wconf 82' lang='lat' dir='ltr'><strong>amator,</strong></span> <span class='ocrx_word' id='word_1_569' title='bbox 1109 2154 1229 2186; x_wconf 79' lang='lat' dir='ltr'><strong>tardior</strong></span> <span class='ocrx_word' id='word_1_570' title='bbox 1240 2155 1280 2186; x_wconf 89' lang='lat' dir='ltr'><strong>ad</strong></span> <span class='ocrx_word' id='word_1_571' title='bbox 1292 2165 1484 2187; x_wconf 77' lang='lat' dir='ltr'><strong>consensum</strong></span> <span class='ocrx_word' id='word_1_572' title='bbox 1496 2166 1566 2188; x_wconf 86' lang='lat' dir='ltr'><strong>esse</strong></span> <span class='ocrx_word' id='word_1_573' title='bbox 1581 2157 1637 2188; x_wconf 81' lang='lat' dir='ltr'><strong>de-</strong></span> 
     </span>
     <span class='ocr_line' id='line_1_94' title="bbox 901 2197 1637 2240; baseline 0.001 -10"><span class='ocrx_word' id='word_1_574' title='bbox 901 2199 963 2230; x_wconf 87' lang='lat' dir='ltr'><strong>bet.</strong></span> <span class='ocrx_word' id='word_1_575' title='bbox 1009 2198 1090 2230; x_wconf 86' lang='lat' dir='ltr'><strong>Haec</strong></span> <span class='ocrx_word' id='word_1_576' title='bbox 1105 2197 1177 2240; x_wconf 85' lang='lat' dir='ltr'><strong>ipsa</strong></span> <span class='ocrx_word' id='word_1_577' title='bbox 1191 2198 1319 2230; x_wconf 87' lang='lat' dir='ltr'><strong>videtur</strong></span> <span class='ocrx_word' id='word_1_578' title='bbox 1340 2209 1411 2230; x_wconf 89' lang='lat' dir='ltr'><strong>esse</strong></span> <span class='ocrx_word' id='word_1_579' title='bbox 1427 2199 1549 2231; x_wconf 81' lang='lat' dir='ltr'><strong>Donati</strong></span> <span class='ocrx_word' id='word_1_580' title='bbox 1562 2210 1637 2231; x_wconf 86' lang='lat' dir='ltr'><strong>sen-</strong></span> 
     </span>
     <span class='ocr_line' id='line_1_95' title="bbox 901 2240 1074 2273; baseline 0.006 -1"><span class='ocrx_word' id='word_1_581' title='bbox 901 2240 1011 2272; x_wconf 87' lang='lat' dir='ltr'><strong>tentia.</strong></span> <span class='ocrx_word' id='word_1_582' title='bbox 1036 2241 1074 2273; x_wconf 90' lang='lat' dir='ltr'><strong>B.</strong></span> 
     </span>
    </p>

    <p class='ocr_par' dir='ltr' id='par_1_21' title="bbox 898 2283 1641 2841">
     <span class='ocr_line' id='line_1_96' title="bbox 943 2283 1638 2326; baseline 0.004 -11"><span class='ocrx_word' id='word_1_583' title='bbox 943 2286 994 2315; x_wconf 85' lang='lat'><strong>54.</strong></span> <span class='ocrx_word' id='word_1_584' title='bbox 1010 2286 1103 2316; x_wconf 84' lang='lat' dir='ltr'><strong>Recte</strong></span> <span class='ocrx_word' id='word_1_585' title='bbox 1115 2283 1243 2326; x_wconf 75' lang='lat' dir='ltr'><strong>facitis]</strong></span> <span class='ocrx_word' id='word_1_586' title='bbox 1271 2284 1456 2316; x_wconf 87' lang='lat' dir='ltr'><strong>Gratiarum</strong></span> <span class='ocrx_word' id='word_1_587' title='bbox 1478 2285 1561 2317; x_wconf 87' lang='lat' dir='ltr'><strong>actio</strong></span> <span class='ocrx_word' id='word_1_588' title='bbox 1579 2292 1638 2319; x_wconf 83' lang='lat' dir='ltr'><strong>est.</strong></span> 
     </span>
     <span class='ocr_line' id='line_1_97' title="bbox 906 2327 1639 2369; baseline 0.004 -11"><span class='ocrx_word' id='word_1_589' title='bbox 906 2329 1003 2358; x_wconf 84' lang='lat' dir='ltr'><strong>Unum</strong></span> <span class='ocrx_word' id='word_1_590' title='bbox 1018 2330 1109 2359; x_wconf 86' lang='lat' dir='ltr'><strong>etiam</strong></span> <span class='ocrx_word' id='word_1_591' title='bbox 1130 2330 1183 2359; x_wconf 80' lang='lat' dir='ltr'><strong>hoc</strong></span> <span class='ocrx_word' id='word_1_592' title='bbox 1204 2339 1253 2359; x_wconf 77' lang='lat' dir='ltr'><strong>vos</strong></span> <span class='ocrx_word' id='word_1_593' title='bbox 1274 2327 1341 2369; x_wconf 82' lang='lat' dir='ltr'><strong>oro]</strong></span> <span class='ocrx_word' id='word_1_594' title='bbox 1358 2328 1527 2360; x_wconf 89' lang='lat' dir='ltr'><strong>Subtiliter</strong></span> <span class='ocrx_word' id='word_1_595' title='bbox 1541 2329 1639 2361; x_wconf 89' lang='lat' dir='ltr'><strong>etiam</strong></span> 
     </span>
     <span class='ocr_line' id='line_1_98' title="bbox 899 2370 1640 2414; baseline 0.004 -13"><span class='ocrx_word' id='word_1_596' title='bbox 899 2371 1059 2412; x_wconf 81' lang='lat' dir='ltr'><strong>parasitus</strong></span> <span class='ocrx_word' id='word_1_597' title='bbox 1080 2370 1132 2402; x_wconf 88' lang='lat' dir='ltr'><strong>hic</strong></span> <span class='ocrx_word' id='word_1_598' title='bbox 1153 2381 1188 2402; x_wconf 88' lang='lat' dir='ltr'><strong>se</strong></span> <span class='ocrx_word' id='word_1_599' title='bbox 1210 2371 1365 2412; x_wconf 74' lang='lat' dir='ltr'><strong>adiungit,</strong></span> <span class='ocrx_word' id='word_1_600' title='bbox 1381 2382 1517 2413; x_wconf 85' lang='lat' dir='ltr'><strong>suasque</strong></span> <span class='ocrx_word' id='word_1_601' title='bbox 1531 2379 1640 2414; x_wconf 87' lang='lat' dir='ltr'><strong>partes</strong></span> 
     </span>
     <span class='ocr_line' id='line_1_99' title="bbox 900 2414 1638 2458; baseline 0.004 -14"><span class='ocrx_word' id='word_1_602' title='bbox 900 2414 985 2445; x_wconf 89' lang='lat' dir='ltr'><strong>circa</strong></span> <span class='ocrx_word' id='word_1_603' title='bbox 999 2414 1058 2446; x_wconf 86' lang='lat' dir='ltr'><strong>hos</strong></span> <span class='ocrx_word' id='word_1_604' title='bbox 1072 2414 1148 2455; x_wconf 85' lang='lat' dir='ltr'><strong>agit.</strong></span> <span class='ocrx_word' id='word_1_605' title='bbox 1198 2416 1240 2448; x_wconf 80' lang='lat' dir='ltr'><strong>Ut</strong></span> <span class='ocrx_word' id='word_1_606' title='bbox 1254 2426 1299 2449; x_wconf 82' lang='lat' dir='ltr'><strong>me</strong></span> <span class='ocrx_word' id='word_1_607' title='bbox 1313 2417 1345 2449; x_wconf 79' lang='lat' dir='ltr'><strong>in</strong></span> <span class='ocrx_word' id='word_1_608' title='bbox 1358 2420 1487 2446; x_wconf 73' lang='lat' dir='ltr'><strong>vestrum</strong></span> <span class='ocrx_word' id='word_1_609' title='bbox 1498 2415 1638 2458; x_wconf 81' lang='lat' dir='ltr'><strong>gregem]</strong></span> 
     </span>
     <span class='ocr_line' id='line_1_100' title="bbox 901 2457 1640 2500; baseline 0.004 -12"><span class='ocrx_word' id='word_1_610' title='bbox 901 2457 974 2488; x_wconf 87' lang='lat' dir='ltr'><strong>Jam</strong></span> <span class='ocrx_word' id='word_1_611' title='bbox 990 2457 1048 2488; x_wconf 88' lang='lat' dir='ltr'><strong>hos</strong></span> <span class='ocrx_word' id='word_1_612' title='bbox 1064 2457 1189 2490; x_wconf 76' lang='lat' dir='ltr'><strong>laudatt</strong></span> <span class='ocrx_word' id='word_1_613' title='bbox 1213 2464 1246 2488; x_wconf 90' lang='lat' dir='ltr'><strong>et</strong></span> <span class='ocrx_word' id='word_1_614' title='bbox 1261 2457 1357 2489; x_wconf 88' lang='lat' dir='ltr'><strong>nimis</strong></span> <span class='ocrx_word' id='word_1_615' title='bbox 1368 2458 1526 2500; x_wconf 85' lang='lat' dir='ltr'><strong>parasitus</strong></span> <span class='ocrx_word' id='word_1_616' title='bbox 1538 2466 1597 2496; x_wconf 87' lang='lat' dir='ltr'><strong>est,</strong></span> <span class='ocrx_word' id='word_1_617' title='bbox 1610 2460 1640 2491; x_wconf 86' lang='lat' dir='ltr'><strong>si</strong></span> 
     </span>
     <span class='ocr_line' id='line_1_101' title="bbox 901 2500 1639 2542; baseline 0.004 -11"><span class='ocrx_word' id='word_1_618' title='bbox 901 2500 1078 2532; x_wconf 85' lang='lat' dir='ltr'><strong>recorderis</strong></span> <span class='ocrx_word' id='word_1_619' title='bbox 1093 2501 1230 2532; x_wconf 89' lang='lat' dir='ltr'><strong>eundem</strong></span> <span class='ocrx_word' id='word_1_620' title='bbox 1250 2501 1381 2538; x_wconf 85' lang='lat' dir='ltr'><strong>dixisse,</strong></span> <span class='ocrx_word' id='word_1_621' title='bbox 1396 2503 1516 2539; x_wconf 84' lang='lat' dir='ltr'><strong>Facete,</strong></span> <span class='ocrx_word' id='word_1_622' title='bbox 1531 2503 1639 2542; x_wconf 73' lang='lat' dir='ltr'><strong>lepide,</strong></span> 
     </span>
     <span class='ocr_line' id='line_1_102' title="bbox 901 2544 1641 2584; baseline 0.003 -9"><span class='ocrx_word' id='word_1_623' title='bbox 901 2545 992 2580; x_wconf 76' lang='lat' dir='ltr'><strong>lause.</strong></span> <span class='ocrx_word' id='word_1_624' title='bbox 1014 2545 1092 2575; x_wconf 76' lang='lat' dir='ltr'><strong>nihil</strong></span> <span class='ocrx_word' id='word_1_625' title='bbox 1112 2555 1213 2584; x_wconf 73' lang='lat' dir='ltr'><strong>supra.</strong></span> <span class='ocrx_word' id='word_1_626' title='bbox 1238 2544 1373 2575; x_wconf 83' lang='lat' dir='ltr'><strong>D.—Ut</strong></span> <span class='ocrx_word' id='word_1_627' title='bbox 1391 2556 1436 2575; x_wconf 87' lang='lat' dir='ltr'><strong>me</strong></span> <span class='ocrx_word' id='word_1_628' title='bbox 1457 2547 1490 2576; x_wconf 78' lang='lat' dir='ltr'><strong>in</strong></span> <span class='ocrx_word' id='word_1_629' title='bbox 1509 2551 1641 2578; x_wconf 76' lang='lat' dir='ltr'><strong>vestrum</strong></span> 
     </span>
     <span class='ocr_line' id='line_1_103' title="bbox 898 2586 1640 2628; baseline 0.003 -10"><span class='ocrx_word' id='word_1_630' title='bbox 898 2587 1037 2628; x_wconf 83' lang='lat' dir='ltr'><strong>gregem]</strong></span> <span class='ocrx_word' id='word_1_631' title='bbox 1063 2586 1170 2618; x_wconf 86' lang='lat' dir='ltr'><strong>Etiam</strong></span> <span class='ocrx_word' id='word_1_632' title='bbox 1197 2587 1237 2619; x_wconf 90' lang='lat' dir='ltr'><strong>de</strong></span> <span class='ocrx_word' id='word_1_633' title='bbox 1258 2597 1293 2618; x_wconf 90' lang='lat' dir='ltr'><strong>se</strong></span> <span class='ocrx_word' id='word_1_634' title='bbox 1314 2587 1507 2628; x_wconf 88' lang='lat' dir='ltr'><strong>persuadere</strong></span> <span class='ocrx_word' id='word_1_635' title='bbox 1527 2588 1640 2627; x_wconf 86' lang='lat' dir='ltr'><strong>voluit,</strong></span> 
     </span>
     <span class='ocr_line' id='line_1_104' title="bbox 901 2630 1641 2672; baseline 0.004 -11"><span class='ocrx_word' id='word_1_636' title='bbox 901 2636 939 2661; x_wconf 92' lang='lat' dir='ltr'><strong>ut</strong></span> <span class='ocrx_word' id='word_1_637' title='bbox 960 2641 1025 2664; x_wconf 90' lang='lat' dir='ltr'><strong>non</strong></span> <span class='ocrx_word' id='word_1_638' title='bbox 1048 2630 1245 2668; x_wconf 80' lang='lat' dir='ltr'><strong>excludatur,</strong></span> <span class='ocrx_word' id='word_1_639' title='bbox 1267 2631 1324 2661; x_wconf 88' lang='lat' dir='ltr'><strong>sed</strong></span> <span class='ocrx_word' id='word_1_640' title='bbox 1345 2631 1467 2672; x_wconf 83' lang='lat' dir='ltr'><strong>pariter</strong></span> <span class='ocrx_word' id='word_1_641' title='bbox 1488 2641 1561 2662; x_wconf 90' lang='lat' dir='ltr'><strong>cum</strong></span> <span class='ocrx_word' id='word_1_642' title='bbox 1588 2632 1641 2664; x_wconf 81' lang='lat' dir='ltr'><strong>his</strong></span> 
     </span>
     <span class='ocr_line' id='line_1_105' title="bbox 902 2673 1640 2714; baseline 0.004 -10"><span class='ocrx_word' id='word_1_643' title='bbox 902 2673 1004 2714; x_wconf 85' lang='lat' dir='ltr'><strong>possit</strong></span> <span class='ocrx_word' id='word_1_644' title='bbox 1017 2673 1136 2710; x_wconf 85' lang='lat' dir='ltr'><strong>vivere,</strong></span> <span class='ocrx_word' id='word_1_645' title='bbox 1152 2673 1249 2705; x_wconf 88' lang='lat' dir='ltr'><strong>etiam</strong></span> <span class='ocrx_word' id='word_1_646' title='bbox 1270 2674 1383 2704; x_wconf 85' lang='lat' dir='ltr'><strong>horum</strong></span> <span class='ocrx_word' id='word_1_647' title='bbox 1402 2674 1533 2706; x_wconf 87' lang='lat' dir='ltr'><strong>auxilio.</strong></span> <span class='ocrx_word' id='word_1_648' title='bbox 1555 2675 1640 2707; x_wconf 83' lang='lat' dir='ltr'><strong>E.—</strong></span> 
     </span>
     <span class='ocr_line' id='line_1_106' title="bbox 902 2715 1638 2757; baseline 0.003 -9"><span class='ocrx_word' id='word_1_649' title='bbox 902 2718 956 2748; x_wconf 80' lang='lat' dir='ltr'><strong>Me</strong></span> <span class='ocrx_word' id='word_1_650' title='bbox 971 2719 1003 2747; x_wconf 80' lang='lat' dir='ltr'><strong>in</strong></span> <span class='ocrx_word' id='word_1_651' title='bbox 1017 2722 1146 2748; x_wconf 80' lang='lat' dir='ltr'><strong>vostrum</strong></span> <span class='ocrx_word' id='word_1_652' title='bbox 1158 2715 1296 2757; x_wconf 83' lang='lat' dir='ltr'><strong>gregem]</strong></span> <span class='ocrx_word' id='word_1_653' title='bbox 1314 2717 1402 2748; x_wconf 82' lang='lat' dir='ltr'><strong>Serv.</strong></span> <span class='ocrx_word' id='word_1_654' title='bbox 1418 2717 1495 2748; x_wconf 87' lang='lat' dir='ltr'><strong>AEn.</strong></span> <span class='ocrx_word' id='word_1_655' title='bbox 1507 2718 1551 2749; x_wconf 82' lang='lat' dir='ltr'><strong>xi.</strong></span> <span class='ocrx_word' id='word_1_656' title='bbox 1564 2720 1638 2750; x_wconf 78' lang='lat'><strong>352.</strong></span> 
     </span>
     <span class='ocr_line' id='line_1_107' title="bbox 909 2760 1638 2794; baseline 0.004 -3"><span class='ocrx_word' id='word_1_657' title='bbox 909 2762 1007 2792; x_wconf 84' lang='lat' dir='ltr'><strong>Unum</strong></span> <span class='ocrx_word' id='word_1_658' title='bbox 1020 2762 1112 2791; x_wconf 80' lang='lat' dir='ltr'><strong>etiam</strong></span> <span class='ocrx_word' id='word_1_659' title='bbox 1126 2761 1221 2790; x_wconf 77' lang='lat' dir='ltr'><strong>donis.</strong></span> <span class='ocrx_word' id='word_1_660' title='bbox 1238 2760 1275 2790; x_wconf 88' lang='lat' dir='ltr'><strong>L.</strong></span> <span class='ocrx_word' id='word_1_661' title='bbox 1277 2760 1374 2791; x_wconf 77' lang='lat' dir='ltr'><strong>—Ab</strong></span> <span class='ocrx_word' id='word_1_662' title='bbox 1385 2760 1533 2793; x_wconf 80' lang='lat' dir='ltr'><strong>omnibus</strong></span> <span class='ocrx_word' id='word_1_663' title='bbox 1546 2762 1638 2794; x_wconf 86' lang='lat' dir='ltr'><strong>codd.</strong></span> 
     </span>
     <span class='ocr_line' id='line_1_108' title="bbox 903 2802 1600 2841; baseline 0.003 -7"><span class='ocrx_word' id='word_1_664' title='bbox 903 2803 1022 2835; x_wconf 87' lang='lat' dir='ltr'><strong>nostris</strong></span> <span class='ocrx_word' id='word_1_665' title='bbox 1036 2809 1069 2833; x_wconf 89' lang='lat' dir='ltr'><strong>et</strong></span> <span class='ocrx_word' id='word_1_666' title='bbox 1083 2802 1154 2833; x_wconf 84' lang='lat' dir='ltr'><strong>edd.</strong></span> <span class='ocrx_word' id='word_1_667' title='bbox 1167 2807 1244 2834; x_wconf 79' lang='lat' dir='ltr'><strong>vett.</strong></span> <span class='ocrx_word' id='word_1_668' title='bbox 1260 2809 1348 2834; x_wconf 85' lang='lat' dir='ltr'><strong>recte</strong></span> <span class='ocrx_word' id='word_1_669' title='bbox 1362 2803 1462 2841; x_wconf 82' lang='lat' dir='ltr'><strong>abest,</strong></span> <span class='ocrx_word' id='word_1_670' title='bbox 1476 2806 1538 2836; x_wconf 75' lang='lat' dir='ltr'><strong>boc.</strong></span> <span class='ocrx_word' id='word_1_671' title='bbox 1562 2805 1600 2836; x_wconf 91' lang='lat' dir='ltr'><strong>B.</strong></span> 
     </span>
    </p>

    <p class='ocr_par' dir='ltr' id='par_1_22' title="bbox 904 2846 1639 3058">
     <span class='ocr_line' id='line_1_109' title="bbox 948 2846 1639 2889; baseline 0.007 -14"><span class='ocrx_word' id='word_1_672' title='bbox 948 2847 998 2876; x_wconf 87' lang='lat'><strong>55.</strong></span> <span class='ocrx_word' id='word_1_673' title='bbox 1013 2847 1097 2876; x_wconf 73' lang='lat' dir='ltr'><strong>Satis</strong></span> <span class='ocrx_word' id='word_1_674' title='bbox 1111 2847 1163 2876; x_wconf 82' lang='lat' dir='ltr'><strong>diu</strong></span> <span class='ocrx_word' id='word_1_675' title='bbox 1178 2846 1258 2886; x_wconf 79' lang='lat' dir='ltr'><strong><em>hocj</em></strong></span> <span class='ocrx_word' id='word_1_676' title='bbox 1258 2857 1307 2877; x_wconf 77' lang='lat' dir='ltr'><strong>am</strong></span> <span class='ocrx_word' id='word_1_677' title='bbox 1319 2857 1423 2878; x_wconf 66' lang='lat' dir='ltr'><strong>satum</strong></span> <span class='ocrx_word' id='word_1_678' title='bbox 1436 2847 1534 2889; x_wconf 76' lang='lat' dir='ltr'><strong>volvo]</strong></span> <span class='ocrx_word' id='word_1_679' title='bbox 1554 2848 1639 2880; x_wconf 90' lang='lat' dir='ltr'><strong>Vide</strong></span> 
     </span>
     <span class='ocr_line' id='line_1_110' title="bbox 904 2888 1639 2938; baseline 0.005 -19"><span class='ocrx_word' id='word_1_680' title='bbox 904 2888 1170 2930; x_wconf 81' lang='lat' dir='ltr'><strong>quemadmodum</strong></span> <span class='ocrx_word' id='word_1_681' title='bbox 1192 2896 1300 2938; x_wconf 85' lang='lat' dir='ltr'><strong>serpat</strong></span> <span class='ocrx_word' id='word_1_682' title='bbox 1319 2889 1472 2932; x_wconf 83' lang='lat' dir='ltr'><strong>paulatim</strong></span> <span class='ocrx_word' id='word_1_683' title='bbox 1493 2891 1590 2923; x_wconf 82' lang='lat' dir='ltr'><strong>etiam</strong></span> <span class='ocrx_word' id='word_1_684' title='bbox 1605 2892 1639 2923; x_wconf 88' lang='lat' dir='ltr'><strong>in</strong></span> 
     </span>
     <span class='ocr_line' id='line_1_111' title="bbox 905 2931 1639 2976; baseline 0.007 -14"><span class='ocrx_word' id='word_1_685' title='bbox 905 2942 1016 2963; x_wconf 87' lang='lat' dir='ltr'><strong>eorum</strong></span> <span class='ocrx_word' id='word_1_686' title='bbox 1051 2931 1300 2964; x_wconf 80' lang='lat' dir='ltr'><strong>assentationem</strong></span> <span class='ocrx_word' id='word_1_687' title='bbox 1335 2943 1376 2964; x_wconf 81' lang='lat' dir='ltr'><strong>ex</strong></span> <span class='ocrx_word' id='word_1_688' title='bbox 1404 2933 1639 2976; x_wconf 86' lang='lat' dir='ltr'><strong>vituperatione</strong></span> 
     </span>
     <span class='ocr_line' id='line_1_112' title="bbox 905 2975 1639 3018; baseline 0.004 -12"><span class='ocrx_word' id='word_1_689' title='bbox 905 2975 1027 3006; x_wconf 83' lang='lat' dir='ltr'><strong>militis.</strong></span> <span class='ocrx_word' id='word_1_690' title='bbox 1072 2976 1140 3006; x_wconf 84' lang='lat' dir='ltr'><strong>Hoc</strong></span> <span class='ocrx_word' id='word_1_691' title='bbox 1152 2986 1257 3006; x_wconf 65' lang='lat' dir='ltr'><strong>saxum</strong></span> <span class='ocrx_word' id='word_1_692' title='bbox 1270 2975 1366 3018; x_wconf 74' lang='lat' dir='ltr'><strong>volvo]</strong></span> <span class='ocrx_word' id='word_1_693' title='bbox 1381 2977 1614 3009; x_wconf 83' lang='lat' dir='ltr'><strong>Proverbium&#39;</strong></span> <span class='ocrx_word' id='word_1_694' title='bbox 1605 2989 1639 3009; x_wconf 89' lang='grc' dir='ltr'><strong>ιιι</strong></span> 
     </span>
     <span class='ocr_line' id='line_1_113' title="bbox 906 3018 1638 3058; baseline 0.005 -10"><span class='ocrx_word' id='word_1_695' title='bbox 906 3029 970 3055; x_wconf 82' lang='lat' dir='ltr'><strong>eos,</strong></span> <span class='ocrx_word' id='word_1_696' title='bbox 986 3018 1040 3058; x_wconf 92' lang='lat' dir='ltr'><strong>qui</strong></span> <span class='ocrx_word' id='word_1_697' title='bbox 1062 3018 1274 3050; x_wconf 85' lang='lat' dir='ltr'><strong>inextricabili</strong></span> <span class='ocrx_word' id='word_1_698' title='bbox 1296 3018 1404 3051; x_wconf 88' lang='lat' dir='ltr'><strong>labore</strong></span> <span class='ocrx_word' id='word_1_699' title='bbox 1425 3020 1534 3052; x_wconf 86' lang='lat' dir='ltr'><strong>afflicti</strong></span> <span class='ocrx_word' id='word_1_700' title='bbox 1554 3029 1638 3054; x_wconf 87' lang='lat' dir='ltr'><strong>sunt.</strong></span> 
     </span>
    </p>
   </div>
  </div>
 </body>
</html>
