1852 3216
635 131 718 171 DE
753 129 1079 169 THEATRO.
1592 132 1620 170 Ii

158 217 281 256 Vetus
307 217 436 268 itaque
453 216 657 263 comoedia,
686 218 779 255 item
797 217 912 255 etiam
941 215 1131 268 tragoedia
1156 215 1322 267 primum
1339 216 1402 266 agi
1430 216 1579 255 solebat
1596 232 1620 257 a

105 270 265 317 Graecis,
293 271 332 309 in
359 271 453 309 vicis
479 279 519 309 et
545 271 666 322 pratis
691 270 885 315 mollibus,
906 269 1110 321 adscriptis
1137 278 1177 307 et
1203 269 1411 320 propositis
1438 271 1621 320 praemiis,

103 325 242 375 quibus
278 324 328 363 ad
361 324 607 363 scribendum
638 333 838 375 poetarum
874 332 1176 375 provocarentur
1205 322 1381 373 ingenia:
1422 324 1620 362 actoribus

103 390 257 430 quoque
291 391 449 416 munera
480 378 754 423 offerebantur,
786 391 976 429 caperque
1009 377 1111 415 dono
1141 376 1319 421 dabatur,
1356 383 1400 413 ut
1435 375 1619 415 libentius

97 431 270 483 jucundo
286 432 391 469 vocis
411 431 516 470 flexu
529 431 579 469 ad
593 431 838 470 dulcedinum
851 431 1192 469 commentationes
1206 429 1393 481 populum
1409 429 1620 469 allicerent.

156 486 382 536 Agebantur
410 486 613 523 comoediae
640 495 680 523 et
708 485 908 536 tragoediae
927 484 1031 536 apud
1060 484 1341 522 vetustissimos
1369 483 1407 520 in
1436 483 1621 523 honorem

103 537 235 576 Liberi
253 539 383 589 patris.
415 539 459 576 In
476 539 584 576 ltalia
597 539 761 590 primum
774 548 869 577 actae
881 549 969 576 sunt
984 537 1256 589 Compitalitiis
1270 537 1441 581 ludicris,
1454 536 1620 576 admisto

103 593 427 644 pronunciationis
465 592 633 636 modulo,
672 607 762 642 quo,
791 592 883 630 dum
921 602 1029 630 actus
1066 592 1413 634 commutabantur,
1450 590 1619 642 populus

103 645 352 684 detineretur.
412 646 662 697 Compitalitii
689 655 817 684 autem
845 645 925 684 ludi
945 645 1052 691 dicti,
1072 645 1139 696 qui
1166 658 1234 695 per
1262 644 1432 695 compita
1451 644 1618 691 fiebant3

103 712 301 749 scenaeque
321 696 494 737 ductiles
513 701 549 737 in
578 700 732 750 plostris
751 701 801 738 ob
821 700 859 737 id
878 699 1046 749 antiquis
1066 699 1311 750 excogitatae.
1368 697 1508 736 Postea
1529 712 1622 736 vero

103 753 260 796 factum,
293 762 336 791 ut
372 753 472 791 ludis
504 753 681 805 publicis,
713 763 752 791 et
781 755 820 791 in
847 753 997 791 theatro
1033 762 1238 804 agerentur
1273 765 1387 790 novae
1419 752 1622 791 comoediae

102 806 205 858 apud
227 806 432 845 Romanos.

157 860 281 898 Ludos
300 863 489 899 vocabant
508 861 662 912 publica
679 860 911 912 spectacula,
930 875 1019 911 quae
1039 870 1120 898 tum
1144 860 1182 898 in
1203 859 1366 911 gratiam
1384 859 1519 911 populi
1539 859 1624 898 fieri

106 913 272 952 solerent
301 928 324 952 a
351 923 496 959 senatu,
526 923 565 952 et
593 928 615 952 a
643 915 879 966 principibus
907 915 1084 958 instituti,
1113 913 1176 951 vel
1203 913 1254 951 ad
1282 914 1455 951 favorem
1488 913 1623 965 populi

103 967 383 1006 conciliandum
402 969 465 1018 (ut
482 968 684 1006 nonnullos
699 968 872 1006 Caesares
892 968 1028 1006 fecisse
1047 967 1240 1018 legimus),
1259 966 1319 1004 vel
1339 966 1388 1004 ad
1407 967 1622 1006 animorum

103 1021 379 1060 relaxationem
398 1032 438 1060 et
465 1022 774 1060 oblectationem.
833 1021 963 1060 Multo
991 1022 1114 1072 magis
1137 1021 1186 1059 ad
1205 1020 1428 1071 religionem
1457 1021 1624 1059 instituti

105 1085 195 1113 sunt
230 1075 323 1113 ludi.
380 1076 479 1114 Nam
517 1076 590 1114 diis
626 1085 716 1127 post
753 1075 940 1114 sacrificia
976 1075 1091 1113 etiam
1127 1074 1241 1112 ludos
1273 1073 1450 1125 publicos
1487 1088 1623 1113 conse·

106 1130 276 1173 crabant.

157 1182 256 1220 Ludi
275 1183 404 1234 igitur,
424 1192 464 1221 et
484 1182 639 1227 ludicra,
660 1197 749 1234 quae
769 1184 883 1221 etiam
903 1182 1107 1221 certamina
1126 1190 1315 1220 vocarunt
1334 1180 1473 1226 Latini,
1494 1181 1626 1221 Graeci

105 1249 261 1287 agonas,
282 1236 491 1275 multorum
517 1250 704 1288 generum
723 1237 905 1275 fuerunt:
934 1250 1060 1286 neque
1080 1250 1172 1274 vero
1191 1249 1269 1273 uno
1298 1245 1447 1273 tantum
1475 1246 1627 1287 specta-

106 1289 193 1328 culo
238 1290 276 1328 in
320 1290 485 1341 publicis
530 1291 631 1328 ludis
677 1290 920 1329 detinebatur
955 1290 1135 1342 populus.
1210 1289 1335 1327 Erant
1370 1299 1498 1327 autem
1543 1290 1627 1328 ludi

103 1344 269 1395 gymnici
288 1353 328 1382 et
354 1344 549 1382 athletici.-
581 1344 658 1382 ludi
685 1345 889 1383 circenses.-
921 1344 997 1382 ludi
1023 1343 1277 1395 gladiatorii:
1307 1352 1346 1380 et
1374 1342 1451 1380 ludi
1478 1344 1624 1390 scenici,

107 1397 157 1434 de
184 1398 324 1448 quibus
343 1411 444 1436 nunc
463 1398 684 1448 singulatim
703 1407 763 1436 est
782 1399 913 1449 paucis
932 1397 1212 1441 disserendum,
1233 1397 1373 1448 partim
1393 1410 1443 1434 ex
1462 1397 1625 1444 Budaeo,

108 1460 255 1490 nostrae
282 1450 422 1490 Galliae
448 1451 605 1497 lumine,
634 1453 775 1503 partim
794 1466 845 1490 ex
864 1451 1056 1497 Vitruvio,
1085 1451 1269 1497 Luciano,
1289 1459 1329 1488 et
1355 1450 1440 1488 aliis
1461 1452 1627 1502 antiquis

110 1506 345 1544 auctoribus.

166 1558 336 1610 Gymnici
362 1569 402 1598 et
429 1559 596 1598 athletici
629 1559 711 1597 ludi
741 1559 780 1597 in
807 1558 998 1610 palaestris
1030 1559 1070 1596 in
1107 1558 1316 1610 gymnasiis
1351 1557 1496 1597 fiebant
1522 1559 1628 1610 apud

110 1610 284 1657 Graecos,
316 1627 404 1663 quae
433 1613 517 1651 loca
548 1614 705 1651 suerunt
734 1613 959 1651 exercendis
992 1622 1031 1650 et
1058 1613 1232 1663 corporis
1259 1620 1299 1649 et
1333 1612 1448 1650 animi
1481 1613 1628 1652 viribus

110 1667 411 1705 accommodata.
466 1666 567 1705 Nam
599 1668 715 1705 etiam
746 1667 785 1705 in
816 1667 863 1704 iis
892 1666 1087 1718 pulaestris
1122 1675 1189 1704 aut
1225 1667 1436 1717 gymnasiis
1470 1667 1629 1706 exedrae

110 1720 278 1765 fuerunt,
307 1721 346 1758 in
373 1721 514 1771 quibus
548 1721 768 1772 philosophi
796 1719 927 1758 Graeci
954 1720 1133 1759 sedentes
1160 1720 1422 1771 disputabant.
1484 1720 1562 1758 Sed
1588 1731 1630 1760 et

106 1773 307 1824 palaestrae
325 1774 531 1825 appellatio
558 1788 709 1812 omnem
734 1774 954 1812 athleticam
972 1784 1094 1812 artem
1112 1783 1151 1812 et
1177 1773 1496 1812 exercitationem
1524 1788 1629 1813 com-

112 1826 305 1878 plectitur,
338 1828 655 1878 decentiamquc:
694 1842 770 1878 qua
801 1836 936 1874 status,
965 1837 1106 1873 motus,
1138 1827 1340 1876 flexusque
1369 1828 1554 1878 corporis,
1584 1842 1630 1867 ac

112 1894 245 1918 omnes
280 1882 435 1919 omnino
477 1882 631 1919 habitus
667 1891 909 1920 venustatem
943 1881 1135 1932 quandam
1177 1881 1426 1932 leporemque
1471 1894 1553 1932 prae
1588 1896 1631 1921 se

112 1934 262 1972 ferunt:
292 1949 405 1985 quam
424 1936 490 1986 qui
519 1949 595 1973 non
623 1935 847 1980 didicerant,
868 1935 894 1973 ii
912 1934 1114 1986 apaloeslri
1133 1936 1182 1973 ab
1210 1934 1379 1984 antiquis
1406 1935 1499 1974 dicti
1526 1945 1628 1974 sunt.

114 1987 211 2026 Eam
242 2002 335 2027 vero
361 1999 484 2026 artem
508 1990 574 2039 qui
604 1990 847 2034 exercebant,
876 1999 943 2027 aut
969 1989 1034 2039 qui
1062 1989 1102 2026 in
1129 1988 1309 2039 palaestra
1334 1991 1630 2035 exercebantur,

112 2041 174 2080 vel
193 2041 444 2080 decertabant
460 2043 641 2094 praemiis,
657 2042 893 2094 palaestrilae
912 2042 974 2080 vel
988 2041 1204 2093 palaestrici
1223 2042 1317 2081 dicti
1337 2052 1451 2081 sunt:
1477 2044 1629 2095 gymni-

113 2108 175 2134 cos
196 2094 325 2134 Graeci
352 2097 467 2134 etiam
496 2106 692 2141 vocarunt,
721 2097 827 2147 quod
854 2096 947 2134 nudi
975 2095 1132 2134 athletae
1160 2106 1445 2137 exercerentur.
1472 2122 1474 2124 -
1501 2097 1630 2136 Caete-

113 2162 198 2187 rum
231 2149 269 2187 in
303 2150 484 2201 palaestra
513 2150 705 2202 gymnasii
734 2151 875 2200 (inquit
906 2149 1086 2199 Plautus)
1118 2163 1247 2194 cursu,
1279 2149 1474 2196 luctando,
1507 2151 1630 2198 hasta,

113 2202 232 2247 disco,
258 2203 446 2255 pugilatu,
474 2203 645 2242 saliendo
669 2217 710 2242 se
730 2205 964 2242 exercebant
987 2203 1154 2242 athletae.
1210 2202 1451 2256 Hujusmodi
1477 2204 1561 2244 ludi
1591 2205 1632 2243 in

115 2269 251 2308 campo
270 2257 417 2296 Martio
436 2258 540 2309 apud
560 2258 756 2296 Romanos
776 2257 859 2295 fieri
879 2257 1068 2296 solebant.

167 2309 247 2353 Qui
256 2312 461 2350 currebant
470 2313 508 2349 in
521 2311 622 2349 ludis
632 2312 833 2363 gymnicis,
846 2312 919 2350 hoc
931 2321 1002 2355 est,
1015 2325 1129 2350 cursu
1142 2325 1305 2363 corpora
1314 2313 1560 2358 exercebant,
1567 2313 1633 2352 vel

114 2377 162 2402 eo
179 2363 440 2410 decertabant,
461 2364 613 2404 Graecis
626 2365 744 2404 dromi
763 2365 1017 2416 appellantur,
1033 2366 1105 2403 hoc
1124 2374 1196 2410 est,
1216 2379 1406 2404 cursores.
1452 2366 1633 2409 Quorum

114 2416 178 2455 alii
197 2418 433 2457 stadiodromi
445 2419 683 2464 dicebantur,
697 2420 763 2470 qui
781 2419 946 2457 stadium
966 2420 1244 2470 percurrebant
1260 2433 1269 2457 ε
1298 2419 1361 2458 alii
1375 2419 1632 2467 dieucodrom',

115 2484 139 2509 a
156 2471 389 2511 circumactu
407 2473 602 2518 curriculi,
621 2473 661 2510 id
679 2482 750 2517 est,
770 2473 889 2524 duplo
905 2473 1110 2518 curriculo,
1130 2473 1234 2523 quod
1252 2472 1402 2511 diaulon
1418 2475 1632 2513 vocabant:

116 2537 203 2562 nam
222 2526 247 2563 ii
267 2539 443 2564 cursores
461 2540 579 2577 quum
599 2527 648 2564 ad
665 2536 807 2565 metam
831 2536 1100 2578 pervenerant,
1121 2526 1332 2572 flectentes,
1352 2541 1399 2565 eo
1417 2541 1551 2566 rursus
1570 2541 1632 2567 re-

117 2580 334 2623 currebant,
361 2580 463 2618 unde
490 2594 645 2619 cursum
673 2581 849 2619 inierant.
905 2580 1029 2619 Erant
1054 2590 1095 2618 et
1113 2580 1387 2626 dolichodromi‚
1412 2581 1478 2632 qui
1505 2582 1633 2620 sexies

119 2631 284 2670 stadium
300 2633 490 2672 curriculo
506 2635 688 2672 obibant:
716 2648 805 2672 nam
823 2633 987 2673 dolichos
1002 2634 1247 2685 longissimus
1265 2648 1401 2672 cursus
1419 2634 1633 2674 dicebatur.

172 2684 307 2730 Lucta,
322 2686 470 2726 Graecis
485 2688 586 2739 pale,
600 2687 662 2726 vel
682 2688 719 2725 in
735 2701 859 2734 coeno,
879 2688 940 2726 vel
960 2702 1088 2732 arena,
1105 2687 1166 2725 vel
1186 2687 1344 2738 pulvere
1360 2688 1502 2727 fiebat:
1529 2689 1633 2728 unde

120 2738 329 2777 luctatores
355 2740 392 2778 in
414 2740 515 2779 ludis
540 2742 740 2793 gymnicis,
759 2752 825 2780 aut
842 2742 1045 2793 palaestrffi
1065 2741 1215 2780 Graecis
1238 2741 1420 2793 palaestae
1436 2743 1633 2795 appellati.

121 2791 156 2830 li
174 2792 365 2838 luctaturi,
377 2801 567 2839 ceromate,
587 2795 627 2833 id
645 2804 717 2841 est,
730 2795 817 2834 oleo
835 2804 965 2834 cerato
983 2795 1315 2846 perfundebantur
1330 2810 1340 2834 :
1369 2796 1471 2834 unde
1484 2797 1551 2848 qui
1566 2811 1634 2836 eos

122 2848 331 2897 ungebant,
349 2848 595 2886 ceromatistae
611 2849 717 2887 dicti.
765 2849 924 2887 Pulvere
934 2862 1089 2900 quoque
1101 2857 1191 2900 post
1206 2849 1422 2888 unctionem
1436 2850 1635 2902 insperge-

122 2900 274 2947 bantur‚
294 2909 338 2938 ut
355 2914 517 2952 corpora
534 2911 726 2941 ceromate
743 2911 784 2941 et
801 2903 942 2942 sudore
961 2902 1111 2941 lubrica
1128 2910 1283 2942 mutuas
1299 2902 1527 2943 luctantium
1545 2918 1635 2956 pre-

122 2952 324 2993 bensiones
342 2954 610 2994 admitterent:
639 2956 742 2996 unde
759 2966 892 2996 natum
910 2956 1174 3008 proverbium,
1187 2955 1284 2996 cisra
1297 2957 1467 3009 pulveris
1483 2965 1636 3005 tactum,
