1852 3216
112 177 254 206 scm-m
278 163 375 217 v11.]

666 160 1083 205 EUNUCHUS.

1563 168 1649 209 219

133 260 152 289 5
170 251 257 301 Tu,
279 249 468 300 Simalio,
491 250 535 291 in
555 249 774 292 sinistrum
794 264 953 293 cornu:
987 257 1049 301 tu,
1072 250 1259 307 Syrisce,
1279 252 1323 294 in
1344 252 1585 296 dexterum.

169 316 292 358 Cedo
312 314 441 356 alios:
473 315 549 356 ubi
569 315 817 357 centurio’st
838 315 998 371 Sanga,
1020 323 1064 359 et
1084 316 1327 373 manipulus
1349 318 1522 360 furum?
1570 319 1646 361 SA.

254 379 421 422 Eccum
441 379 580 421 adest.

167 445 290 488 Tua.
315 445 451 496 Quid,
473 446 641 500 ignave,
663 445 905 501 peniculon'
924 461 1135 502 pugnare,
1151 447 1227 503 qui
1245 448 1357 490 istuc
1376 447 1463 490 huc
1482 454 1646 503 portes,

251 511 415 565 cogitas
427 512 445 551 ’ζ

166 574 243 616 SA.
267 575 452 630 Egone?
483 575 752 630 imperatoris
772 574 975 618 virtutem
995 590 1212 627 noveram,
1233 583 1278 619 et
1297 577 1381 619 vim
1398 576 1594 628 militum,

108 706 312 748 recuperatio
353 711 519 748 captarum
552 715 660 737 rerum
674 718 682 741 ς
726 705 856 737 demum

108 760 207 791 poena
241 749 440 798 praedonum.
494 748 642 789 Pulchre]
682 749 856 789 Postquam

109 802 175 823 non
190 791 330 823 obtinuit
345 791 430 832 quod
446 791 573 822 volebat
587 791 728 828 Gnatho,
745 801 856 822 assen-

108 841 196 866 tatur
207 834 249 865 ad
264 834 381 865 omnia.
421 833 504 865 Vide
522 840 631 865 autem
652 833 856 865 manifestam

106 876 291 908 irrisionem
307 887 349 908 ex
361 876 432 918 ipso
446 886 566 917 genere
581 875 744 907 laudandi.
769 877 856 908 Nam

108 919 186 960 quid
198 925 247 950 est
259 919 293 950 in
304 922 414 950 aedium
425 921 645 960 expugnatione
654 919 756 950 recti?
778 919 857 959 quid

107 961 142 992 in
168 964 297 1002 virginis
323 964 473 1002 ereptione
495 961 690 1002 probitatis?
719 961 797 1001 quid
821 962 856 992 in

107 1006 184 1035 male
214 1006 387 1036 mulctanda
421 1005 547 1034 muliere
576 1003 854 1044 pulchritudinis?

108 1047 173 1078 Sed
187 1047 248 1078 hoc
264 1053 323 1084 est,
339 1046 424 1087 quod
435 1046 481 1077 ait
493 1056 592 1087 supra
603 1045 644 1077 de
659 1056 694 1076 se
709 1045 781 1087 ipso
795 1056 853 1088 pa-

107 1089 234 1126 rasitus,
248 1091 394 1130 quicquid
404 1090 519 1125 dicunt,
533 1090 631 1119 laudo.
672 1090 711 1119 In
725 1090 855 1120 medium

106 1134 164 1164 huc
181 1143 289 1172 agri-eu
307 1143 374 1163 cum
396 1134 481 1168 vecti,
504 1130 631 1171 Dona-r]
657 1131 743 1162 Mire
765 1141 853 1163 com-

105 1174 211 1216 pomta
225 1174 267 1206 ad
285 1180 485 1206 contemtum
506 1174 638 1205 nomina
658 1173 852 1215 legionario-

104 1227 177 1249 rum
192 1222 278 1249 sunt.
316 1217 402 1248 Nam
421 1218 530 1248 Donat
543 1217 584 1248 ab
599 1216 768 1254 arundine,
782 1217 852 1248 vel-

105 1260 154 1292 uti
179 1259 222 1291 sit
240 1259 348 1292 inanis
370 1265 404 1291 et
423 1259 557 1300 fragilis,
579 1269 699 1291 nomen
720 1260 854 1292 sortitus

106 1309 157 1335 est
170 1302 303 1344 (Pollux
315 1303 357 1334 iv.
372 1303 400 1334 9.
423 1302 484 1334 Kal
499 1301 627 1334 Δόνακα
642 1301 679 1334 δέ
690 1314 763 1334 τινα
777 1303 853 1334 ὕπο-

104 1344 213 1385 λύριον
228 1345 258 1376 οἱ
278 1345 407 1384 κωμικοὶ
426 1343 595 1384 ὠνόμαζον,
609 1345 650 1376 ὣς
668 1343 769 1376 πάλαι
783 1345 854 1377 ἆντὶ

106 1387 245 1427 κεράτων
260 1386 482 1426 ὑποτιθέμενον
494 1388 564 1419 ταῖς
576 1387 711 1428 λύραις).
738 1389 776 1419 In
791 1399 853 1419 me-

105 1432 189 1462 dium
199 1429 272 1471 huc]
285 1429 435 1462 Ridicule
447 1429 533 1461 satis.
562 1431 754 1462 Armaturas
765 1430 854 1462 leves

106 1482 171 1504 non
187 1479 281 1514 putat
295 1473 450 1504 adversus
465 1472 623 1504 Thaidem
644 1473 797 1505 idoneas:
821 1482 854 1505 et

105 1515 180 1547 ideo
205 1526 320 1556 agmen
349 1515 548 1555 (Donacem)
575 1526 649 1547 cum
675 1516 761 1547 vecti
783 1516 854 1547 vult

105 1558 217 1590 venire
231 1558 266 1589 in
280 1558 423 1590 medium
436 1558 543 1598 (adde,
555 1559 689 1599 agmen).
712 1559 767 1590 An
780 1558 854 1590 ideo

104 1611 179 1632 cum
192 1600 286 1638 vecti,
298 1601 374 1642 quia
385 1601 426 1632 ad
437 1601 711 1642 expugnationem
723 1601 855 1633 venitur

104 1643 248 1675 aedium?
282 1644 408 1675 D.—1=·
428 1646 558 1675 medium
580 1646 638 1675 huc
658 1655 765 1685 agmen
787 1655 853 1676 eum

104 1692 186 1718 vecte
198 1700 209 1718 .·
233 1689 405 1727 ηοωίριιὶω
415 1686 542 1727 fiaerum]
562 1688 719 1727 Manipuli
737 1687 852 1719 dicun-

104 1735 159 1761 tur
180 1729 215 1760 in
236 1729 374 1770 legione,
400 1729 482 1761 certi
504 1737 535 1761 et
557 1730 685 1761 collecti
710 1730 850 1768 milites;

105 1771 375 1812 quemadmodum
385 1778 490 1803 turma
499 1772 611 1810 est,ita
617 1778 650 1803 et
656 1773 851 1814 manipulus.

106 1814 152 1845 Et
167 1814 221 1845 hic
235 1814 330 1846 miles
349 1815 551 1855 manipulum
571 1825 607 1846 se
629 1815 748 1847 habere
774 1816 854 1847 dicit

104 1856 223 1889 surum.
251 1857 439 1888 E—Recte
454 1867 474 1888 a
489 1857 639 1888 Bentleio
654 1864 704 1889 est
718 1857 851 1896 editum,

105 1901 249 1931 mulcabo.
289 1900 375 1931 Nam
396 1902 553 1937 mulctare,
570 1900 656 1941 quod
677 1910 764 1942 saepe
778 1911 798 1932 a
813 1901 853 1932 li-

105 1942 222 1974 brariis
235 1953 296 1984 pro
310 1945 443 1974 mulcare
462 1943 604 1984 positum
622 1953 693 1974 esse
713 1943 856 1975 ostendit

106 1985 308 2017 Taubmann.
327 1986 370 2016 ad
390 1986 495 2017 Plaut-
520 1984 618 2017 Most.
640 1985 682 2017 iv.
705 1987 733 2017 2.
752 1987 802 2017 23.
822 1992 856 2018 et

106 2028 284 2060 Burmann.
300 2028 342 2059 ad
359 2028 467 2060 Phaed.
485 2028 505 2059 i.
523 2030 552 2059 3.
570 2030 598 2060 9.
615 2029 656 2059 de
671 2039 768 2070 poena
784 2029 852 2070 pri-

105 2081 195 2102 mum
216 2071 413 2112 pecuniaria,
437 2071 554 2102 deinde
576 2071 639 2102 alia
661 2071 851 2107 adhibetur:

104 2113 163 2145 sed
177 2115 309 2145 mulcere
324 2120 374 2145 est
388 2114 569 2151 verberare,
585 2114 683 2145 nimis
700 2114 852 2152 mulcere,

104 2156 219 2188 acerbe
235 2157 467 2198 commitigare,
484 2163 521 2188 ut
540 2157 701 2198 Omphale
723 2157 852 2188 Hercu-

104 2198 168 2230 lem
181 2199 416 2241 commitigavit
431 2199 594 2237 Sandalio,
607 2206 672 2237 aut,
686 2206 722 2231 ut
737 2210 852 2241 gracu-

103 2241 155 2274 lus
177 2243 336 2284 superbus
357 2245 434 2274 male
454 2245 603 2274 mulcatus
618 2249 668 2274 est
681 2253 702 2274 a
716 2243 852 2285 pavoni-

104 2284 174 2316 bus.
213 2285 321 2316 Phaed.
338 2285 359 2316 l.
377 2285 397 2316 1.
430 2286 466 2317 Z.

149 2328 179 2358 5.
195 2327 337 2369 Simalio]
352 2330 382 2359 A
395 2328 500 2366 simio,
511 2329 562 2359 vel
579 2339 599 2359 a
613 2328 708 2360 simia
723 2329 851 2360 deriva-

106 2375 175 2401 tum
191 2376 249 2407 est,
265 2371 307 2402 ob
322 2371 499 2403 soeditatem
516 2371 582 2403 oris
599 2371 651 2403 vel
667 2371 747 2403 nasi.
791 2374 850 2412 Sy-

105 2412 199 2454 rieee]
223 2413 299 2444 Jam
316 2414 547 2446 diminutivum
569 2421 621 2446 est
634 2425 654 2445 a
669 2415 760 2456 Syro.
793 2416 849 2453 Tu,

106 2456 241 2493 Simalio,
256 2458 289 2487 in
302 2459 458 2489 sinistrum
473 2469 564 2489 cornu
575 2471 586 2488 .·
609 2463 653 2495 tu,
669 2459 800 2499 Syrisce,
817 2460 851 2489 in

105 2497 278 2539 dexter-m]
301 2499 367 2531 Hic
387 2510 503 2541 agmen
527 2500 709 2532 instruitur.
749 2501 849 2532 Face-

108 2547 176 2570 tum
199 2547 307 2572 autem
329 2548 389 2579 est,
404 2552 479 2574 cum
494 2553 513 2574 a
528 2544 626 2575 rebus
647 2543 774 2585 magnis
796 2554 849 2575 res

106 2582 252 2614 ridiculae
266 2582 464 2616 derivantur.
496 2586 539 2617 D.

150 2625 180 2655 6.
207 2627 286 2657 Cedo
306 2626 399 2668 dion]
423 2628 499 2659 Non
522 2631 652 2669 reliquos
676 2629 771 2666 dixit,
793 2629 851 2661 sed

106 2669 192 2704 alios,
209 2668 301 2708 quasi
322 2669 415 2700 multi
434 2670 510 2702 sint.
549 2671 670 2712 Sanga]
689 2673 759 2704 Nec
774 2682 849 2704 san-

105 2710 226 2750 garius,
242 2711 358 2742 saltem
373 2719 410 2743 ut
423 2722 541 2745 nomen
556 2716 663 2745 esset?
702 2716 850 2755 Παπίρι-

105 2753 269 2793 lussurum
277 2753 311 2794 !]
324 2756 502 2795 Monipulu
515 2757 647 2797 proprie
662 2763 712 2789 est
726 2757 848 2790 militis.

94 2796 190 2836 ,Cum
214 2797 351 2827 Romani
376 2804 411 2828 et
433 2797 542 2829 Latini
564 2799 625 2830 suh
645 2809 712 2831 uno
735 2807 849 2832 centu·

104 2838 197 2870 rione
232 2839 353 2870 bellum
383 2841 568 2882 aggressuri
601 2841 849 2883 deputabantur,

106 2880 169 2913 nihi
199 2889 321 2913 sertum
351 2883 403 2914 vel
433 2893 584 2915 coronam
615 2894 657 2915 ex
685 2885 851 2927 manipulo

105 2923 214 2956 herbe
233 2925 285 2956 vel
309 2926 493 2966 hujusmodi
515 2926 739 2965 conficiebant,
755 2938 851 2969 quem

106 2976 165 3007 pro
181 2967 275 3008 signo
290 2970 515 3009 sequebantur.
547 2969 667 3002 Merito
682 2981 759 3012 ergo
774 2982 849 3004 cen-

900 706 1063 738 turionem
1080 707 1205 745 videns,
1225 710 1411 749 manipulum
1430 708 1645 741 desideravit:

899 750 960 780 hoc
977 757 1035 787 est,
1052 760 1191 791 coquum
1206 750 1329 789 videns,
1345 751 1498 783 convivas
1515 752 1643 784 deside-

899 798 967 823 rat:
991 793 1047 833 qui
1068 800 1291 835 apparaverat,
1315 793 1464 835 quotiens
1486 794 1575 826 locus
1596 795 1644 826 as-

898 834 970 873 suit,
999 835 1033 866 id
1060 842 1119 873 est,
1146 836 1333 868 convivium
1356 843 1407 869 est
1432 837 1645 869 constitutum

900 876 982 918 (ΜΒ.
1001 878 1039 909 Β.
1055 880 1103 909 vel
1116 881 1251 918 quotiens
1265 882 1430 911 convivium
1449 885 1495 911 eet
1517 882 1643 911 institu-

899 925 972 950 tum.
1011 921 1079 951 Aut
1100 920 1162 961 leg.
1185 924 1322 961 quotiens
1336 927 1367 954 et
1388 924 1470 953 loeus
1489 924 1599 960 dictus,
1614 929 1645 954 et

899 967 1014 1002 tempus
1039 965 1172 993 convivio
1194 966 1389 995 constitutum
1412 964 1530 1004 affuit).
1575 965 1645 996 Alii

898 1007 1082 1044 manipulum
1091 1004 1210 1045 surum,
1227 1006 1296 1036 coci
1311 1006 1488 1048 discipulos
1502 1007 1568 1038 dici
1582 1018 1644 1049 pu-

898 1052 978 1077 tant.
1014 1049 1128 1078 Eccum
1143 1047 1248 1088 adest]
1266 1048 1330 1079 Pro
1350 1059 1385 1080 se
1409 1059 1446 1079 ac
1466 1060 1526 1090 pro
1546 1049 1643 1082 disci-

897 1088 983 1130 pulis
1000 1089 1116 1130 Sanga.
1149 1090 1191 1120 D.

942 1132 971 1165 7.
990 1131 1098 1166 Quid?
1120 1132 1246 1173 ignave]
1263 1133 1422 1175 Apparet,
1439 1144 1579 1175 coquum
1602 1135 1645 1166 ad

897 1174 1106 1216 repentinum
1131 1175 1303 1216 strepitum
1329 1176 1375 1208 sic
1401 1177 1517 1215 exisse,
1542 1182 1579 1208 ut
1602 1177 1645 1209 ad

896 1224 1000 1249 artem
1014 1228 1106 1249 suam
1121 1218 1227 1249 fuerat
1245 1219 1426 1260 expeditus.
1459 1220 1644 1258 D.—Quid,

895 1262 1014 1301 ignave,
1030 1260 1243 1302 peniculon’?]
1262 1262 1482 1303 Intelligimus
1502 1263 1644 1304 Sangam

896 1313 1035 1343 coquum
1050 1314 1125 1335 cum
1140 1303 1292 1345 peniculo
1303 1315 1479 1346 egressum,
1492 1316 1530 1337 ac
1543 1316 1643 1348 prop-

897 1351 987 1377 terea
1007 1345 1145 1378 militem
1167 1346 1368 1388 interrogare
1390 1358 1464 1380 cum
1483 1348 1569 1388 (eur)
1584 1358 1643 1389 pe·

896 1388 1041 1420 niculum
1056 1395 1173 1430 portet.
1205 1390 1271 1420 Sed
1285 1390 1438 1430 quoniam
1454 1396 1488 1422 et
1502 1391 1642 1429 familiae,

897 1438 931 1462 et
945 1431 1069 1462 domini
1090 1442 1196 1463 mores
1216 1432 1317 1470 novit,
1332 1433 1437 1474 perite
1455 1433 1642 1475 respondit:

896 1475 1024 1514 Egone?
1039 1476 1231 1514 imperatorie
1245 1477 1386 1508 virtutem
1395 1487 1532 1508 noveram
1544 1482 1576 1507 et
1583 1480 1644 1508 vim

895 1519 1035 1548 militum.
1067 1517 1334 1550 E.—Penieu10ne
1360 1518 1516 1560 pugnare]
1545 1519 1643 1551 Glos-

898 1569 960 1590 sar.
989 1561 1168 1591 Peniculum
1201 1562 1388 1600 στογγεΐον,
1420 1560 1642 1603 στογγάριονε

897 1612 961 1642 quo
976 1603 1107 1643 quidem
1122 1603 1163 1634 ad
1178 1603 1314 1635 vulnera
1328 1603 1398 1636 sive
1417 1605 1642 1646 abstergenda,

896 1644 965 1676 sive
986 1645 1159 1687 obliganda
1178 1645 1228 1677 uti
1247 1646 1361 1684 solere,
1379 1657 1421 1678 ex
1442 1647 1644 1679 medicorum

895 1687 988 1719 libris
1017 1689 1096 1720 satis
1125 1695 1248 1720 notum.
1290 1689 1452 1731 Apuleius
1479 1690 1595 1722 Meles.
1621 1691 1643 1722 i.

899 1730 988 1765 Quod
1006 1733 1124 1768 vulnus,
1140 1743 1200 1773 qua
1217 1735 1345 1764 maxime
1362 1734 1501 1773 patebat,
1516 1736 1644 1775 spongia

895 1775 1063 1813 afficte-iens.
1086 1775 1210 1806 Auson.
1224 1774 1318 1816 Idyll.
1328 1775 1372 1807 ix.
1388 1778 1540 1817 impingas
1553 1787 1643 1816 spon·

892 1819 988 1856 giam.
1028 1817 1074 1848 Et
1088 1817 1175 1858 apud
1190 1817 1343 1849 Plautum
1361 1818 1512 1849 Menech.
1528 1819 1549 1850 i.
1569 1819 1596 1849 1.
1614 1820 1641 1850 1.

895 1858 1057 1899 parasitus
1074 1862 1247 1899 peniculum
1269 1870 1304 1891 se
1324 1860 1432 1892 vocari
1454 1860 1544 1898 dicit,
1565 1864 1645 1902 quod

897 1912 1038 1939 mensam,
1066 1904 1186 1942 quando
1206 1905 1280 1940 edit,
1303 1904 1469 1944 detergeat.
1510 1904 1642 1937 Arrian.

898 1943 1006 1985 Epict.
1022 1944 1078 1976 lib.
1091 1944 1144 1975 vii.
1161 1955 1230 1986 cap.
1247 1946 1297 1976 26.
1314 1943 1391 1986 ἆρον
1403 1945 1462 1978 τὰς
1475 1945 1641 1987 τραπέζας,

897 1985 1089 2026 στόγγισον.
1128 1987 1259 2029 Ulpian.
1282 1987 1338 2019 lib.
1353 1988 1410 2020 xii.
1434 1989 1461 2027 §-
1478 1989 1530 2020 22.
1546 1989 1580 2020 Εἰ
1602 1990 1644 2022 de

897 2029 990 2060 instr.
1007 2036 1042 2060 et
1064 2030 1213 2061 instrum.
1231 2033 1369 2071 pertica,
1391 2033 1501 2072 quibus
1521 2043 1643 2065 amaea

896 2074 1112 2112 detergantur:
1128 2075 1201 2104 item
1214 2076 1357 2115 spongia,
1366 2076 1476 2115 quibus
1488 2077 1642 2114 colum,

892 2117 1076 2155 pavimenta,
1098 2118 1193 2156 podia
1218 2122 1426 2157 extergantur.
1470 2117 1538 2148 Hic
1565 2128 1643 2160 ergo

896 2157 1022 2199 primus
1030 2168 1108 2190 usus
1116 2158 1335 2200 spongiarum.
1359 2159 1456 2197 Dein,
1465 2165 1554 2191 certa
1563 2171 1642 2201 qua-

896 2200 971 2231 dam
994 2208 1063 2232 arte
1078 2201 1208 2238 coactis,
1224 2201 1475 2243 καρδιοφύλακος
1487 2202 1559 2234 loeo
1578 2203 1644 2236 illis

896 2244 1080 2275 utebantur.
1115 2244 1351 2286 Aristophanes
1367 2245 1489 2276 Ranis:
1506 2243 1576 2277 οἶσε
1588 2245 1644 2285 μοὶ

895 2286 972 2327 πρὸς
997 2286 1058 2324 τὴν
1078 2286 1208 2328 καρδίαν
1228 2285 1399 2326 ‹ru-muir-
1443 2287 1645 2323 Ridicularia

895 2336 973 2360 sunt
988 2339 1059 2370 quae
1074 2336 1263 2370 sequuntur,
1280 2336 1313 2361 et
1328 2330 1430 2361 nimia
1447 2336 1485 2362 ut
1497 2331 1550 2362 hic
1565 2341 1640 2374 per-

895 2372 1087 2404 scribantur.
1125 2373 1208 2408 Quae
1224 2383 1300 2404 vero
1322 2383 1364 2404 ex
1388 2373 1493 2411 Livio,
1510 2373 1641 2406 Tertul-

893 2414 990 2453 liano,
1007 2415 1214 2453 Aristaeneto,
1230 2416 1303 2447 aliis
1317 2416 1392 2447 addi
1413 2423 1556 2458 possent,
1572 2419 1642 2458 jam

892 2468 953 2499 pro
960 2458 1136 2500 compertis
1144 2459 1314 2490 habentur.
1332 2459 1539 2491 L.—0mne·
1547 2460 1640 2492 codd.

893 2501 1006 2538 nostri,
1022 2503 1122 2532 istunc
1144 2504 1212 2540 hue,
1234 2508 1353 2543 praeter
1369 2502 1568 2540 petrensem,
1582 2503 1642 2535 ubi

892 2550 991 2581 recte,
1016 2546 1107 2575 istum
1133 2546 1200 2575 huc.
1240 2545 1357 2576 Festus
1378 2545 1477 2582 enim,
1495 2547 1641 2585 peniculi,

893 2589 1027 2628 spongiae
1050 2589 1145 2628 longa
1166 2593 1292 2628 pro-pter
1311 2589 1541 2620 similitudinem
1566 2600 1640 2621 oau-

894 2632 1002 2661 darum
1017 2632 1188 2670 appellate.
1222 2631 1260 2661 B.

939 2674 968 2703 8.
985 2675 1090 2713 Egone
1097 2672 1131 2714 Ζ]
1151 2673 1232 2704 Haec
1248 2683 1347 2705 causa
1361 2679 1420 2705 est.
1444 2675 1642 2715 Imperatoris

893 2718 1036 2746 virtutem
1065 2727 1214 2752 noverum,
1241 2721 1272 2747 et
1300 2718 1360 2747 vim
1388 2717 1537 2759 milit-m]
1566 2717 1641 2750 Hoc

893 2758 967 2800 plus
989 2758 1121 2790 habebit
1142 2758 1228 2797 salis,
1248 2758 1275 2790 si
1298 2758 1345 2790 sic
1366 2759 1567 2792 intellectum
1588 2761 1640 2792 fu·

893 2801 965 2838 erit,
982 2808 1018 2832 ut
1033 2801 1097 2832 San
1122 2811 1141 2832 a
1156 2811 1222 2833 uno
1242 2802 1419 2843 eodemque
1439 2809 1585 2845 tempore
1607 2811 1642 2836 et

893 2850 1017 2884 quaerat
1036 2844 1091 2884 qui
1136 2843 1232 2882 dicat,
1255 2844 1414 2886 simulque
1435 2847 1640 2888 respondeat,

894 2889 948 2918 hoc
962 2897 1110 2924 noveram,
1132 2890 1197 2918 sine
1215 2890 1363 2930 sanguiue
1373 2890 1447 2928 fieri
1468 2901 1526 2921 non
1541 2901 1639 2930 posse,

894 2929 1036 2961 scilicet:
1065 2929 1314 2970 ἀπροσδοκήτως.
1357 2931 1444 2967 Quid
1475 2932 1584 2974 igitur,
1613 2934 1639 2965 si

895 2973 955 3003 hoc
972 2972 1116 3004 sciebat?
1147 2973 1188 3004 D.
