1852 3216
155 76 197 117 xl
282 75 562 116 PETITUS
597 75 680 115 DE
717 74 973 116 ORDINE
1010 74 1268 116 COMOED.
1308 74 1583 115 TERENT.

209 163 432 205 Annene:
451 173 564 204 sexta
581 172 642 203 est
659 163 853 204 comoedia
869 178 892 203 a
911 163 1097 203 Terentio
1111 164 1227 209 sacta,
1242 176 1365 215 eaque
1376 162 1483 202 edita
1494 171 1555 202 est
1570 161 1693 202 Lucio

154 218 310 265 Anicio,
333 216 392 258 Μ.
413 218 595 258 Cornelio
614 217 727 258 Coss.
746 218 820 258 hoc
838 227 911 264 est,
930 231 1032 258 anno
1059 219 1110 257 ab
1132 218 1180 257 U.
1196 216 1243 256 C.
1265 229 1399 257 nxciv.
1445 216 1564 256 Ludis
1580 216 1692 255 sune-

161 272 297 313 bribus
323 272 370 312 L.
393 272 540 313 AEmilii
561 271 686 319 Pauli,
706 281 749 311 ut
774 272 895 311 habes
920 272 957 311 in
984 270 1231 311 Didascaliis.
1288 272 1432 310 lisdem
1455 270 1558 309 ludis
1578 271 1691 310 sune-

155 327 290 368 bribus
311 327 433 366 relata
452 336 510 365 est
531 326 700 378 Hecyra,
722 326 790 365 sed
810 340 888 365 non
909 326 1066 378 placuit,
1088 336 1131 365 ut
1149 335 1209 365 est
1226 326 1263 365 in
1283 324 1533 364 Didaecaliie.
1576 324 1691 363 Prius

156 390 284 421 tamen
314 382 351 420 in
380 395 532 420 scenam
554 381 743 433 producta
762 390 822 419 est
844 381 1013 432 Hecyra,
1034 394 1150 432 quam
1176 379 1393 431 Adelphoe‚
1415 389 1458 418 ut
1479 378 1619 430 colligo
1638 392 1690 417 ex

157 435 322 479 Donato.
343 436 409 487 qui
430 435 545 474 dicit:
576 434 731 473 Factam
749 441 784 473 et
803 434 939 473 editam
985 434 1084 473 uinta
1104 434 1193 473 Ioco.
1242 433 1363 479 Male,
1385 444 1427 472 ut
1446 434 1687 479 audivimus,

156 490 228 529 nisi
247 490 404 542 perinde
425 489 605 528 habueris
622 490 784 541 primam
806 489 907 527 illius
927 449 1150 533 editionem,
1171 487 1242 526 Cn.
1265 488 1446 533 Octavio,
1466 487 1516 526 Τ.
1539 487 1689 526 Manlio

156 543 268 584 Cosa.
289 544 397 596 quasi
423 544 580 582 omnino
600 543 703 582 edita
731 556 806 581 non
831 551 946 588 esset,
968 556 1055 581 cum
1084 556 1208 593 neque
1238 550 1428 593 spectata,
1456 555 1584 593 neque
1604 550 1691 581 acta

157 607 248 638 tunc
279 599 351 644 sit;
382 611 509 649 neque
541 607 621 635 tum
655 596 753 635 male
784 596 889 635 dices
922 597 1049 649 quinto
1082 597 1173 641 Ioco,
1199 609 1287 635 cum
1320 595 1513 648 producta
1540 604 1599 634 est
1630 596 1690 634 liis

156 651 259 692 ludis
280 652 507 691 funebribus
528 651 673 690 AEmilii
694 650 803 689 Pauli
823 660 913 689 ante
936 650 1151 701 Adelphos.
1208 649 1342 693 Quare
1369 649 1585 689 audiendus
1611 663 1690 688 non

156 716 217 746 est
243 706 427 751 Donatus,
448 706 514 757 qui
535 719 619 744 eam
638 704 795 743 secundo
823 704 901 743 loco
925 711 1050 742 actam
1075 703 1180 747 dicit,
1200 704 1410 742 etiamtum
1437 703 1521 742 rudi
1547 704 1691 743 nonnae

151 767 304 813 poetoe;
337 760 460 812 itaque
487 760 541 797 sic
572 759 855 811 pronunciatum
886 758 1107 797 Auamma
1137 757 1354 804 Τκιιειετιι,
1388 771 1460 797 non
1486 756 1692 797 Tenum

160 814 394 854 Anuvuos.
429 814 536 857 Quod
553 812 674 851 adhuc
693 812 903 864 desabulae
920 813 1043 865 magia
1061 812 1204 850 nomine
1216 818 1351 864 poem,-
1382 825 1493 864 quam
1510 810 1557 850 de
1568 818 1692 863 poeeoe

156 868 300 907 nornine
318 867 462 919 sabula
493 866 818 906 commendaretur.
868 867 973 910 Quae
1005 866 1126 905 sutilis
1159 866 1445 917 argumentatio
1476 874 1560 904 est:
1602 879 1692 905 nam

156 922 262 962 nulla
291 922 508 962 fabularum
539 921 711 960 Terentii
743 921 998 973 pronunciata
1023 930 1083 959 est
1110 919 1327 966 Tem-:urm
1354 919 1524 972 exempli
1553 920 1691 971 gratia,

157 976 360 1019 Puoamo.
381 975 887 1021 Hsauronmnonumnos,
904 985 1109 1026 antequam
1131 973 1287 1013 tertium
1308 974 1536 1013 edoceretur
1558 974 1691 1013 Eunu·

157 1030 265 1070 chus.
324 1030 449 1082 quue
486 1031 671 1069 observat
706 1030 879 1068 Donatus
916 1029 1144 1081 praefatione
1183 1029 1221 1067 in
1258 1028 1502 1074 Eunuchum,
1534 1029 1691 1067 tertium

157 1084 300 1124 editam
322 1085 441 1123 fuisse
461 1094 551 1136 post
572 1083 839 1136 Adelphorum
860 1083 1082 1122 editionem.

837 1198 1011 1210 ——n

518 1288 573 1337 L.
625 1287 1003 1338 VICTORIS
1056 1289 1339 1338 FAUSTI

633 1399 695 1431 DE
719 1399 954 1432 COMOEDIA
979 1399 1216 1432 LlBELLUS.

390 1473 466 1511 Sim
482 1473 601 1510 brevis
617 1484 731 1521 usque
746 1474 829 1510 licet
845 1479 1006 1510 veterum
1023 1474 1067 1510 de
1083 1486 1182 1511 more
1198 1475 1353 1519 libellus,

438 1521 571 1576 Meque
588 1533 694 1557 suum
711 1522 899 1569 quisquam
916 1528 1069 1569 nequeat
1084 1534 1260 1559 asserere:

391 1568 468 1605 Nec
485 1569 600 1604 triviis
618 1569 762 1614 volgata
778 1569 903 1611 seram,
922 1568 1132 1615 decerptave
1147 1570 1293 1616 passim,

439 1615 516 1652 Nec
533 1615 682 1663 proinde
698 1617 789 1652 elata
805 1615 923 1652 fronte
941 1616 1115 1663 superbus
1132 1629 1231 1653 eam:

390 1664 560 1700 Attamen
577 1662 759 1710 egregium
777 1662 866 1699 nihil
884 1662 1053 1711 undique,
1072 1670 1108 1700 et
1124 1664 1282 1712 undique
1298 1670 1433 1702 tersum
1451 1672 1515 1701 est.

437 1710 533 1746 Nam
549 1709 647 1758 quod
663 1710 816 1753 miraris,
834 1710 926 1747 ridet
942 1710 978 1746 id
995 1711 1085 1747 alter
1101 1722 1203 1759 opus.

159 1777 372 1821 Eoi-ruane
391 1795 465 1834 ego
483 1780 657 1820 libellum
673 1781 723 1820 de
739 1780 879 1833 triplici
894 1781 1174 1821 comoediarum
1192 1784 1376 1827 sectione.
1394 1783 1690 1825 Trivisanorum

158 1837 290 1882 decus,
322 1835 493 1880 Andrea,
528 1835 611 1881 tibi,
646 1849 867 1887 quanquam
904 1844 1153 1887 praetextato,
1187 1851 1326 1876 munus
1358 1837 1488 1877 dicare
1520 1839 1689 1879 decrevi.

160 1890 251 1930 Non
270 1890 450 1942 equidem
471 1889 725 1929 admiratione
750 1890 941 1929 bonorum
962 1891 1136 1942 corporis
1162 1901 1230 1930 aut
1249 1892 1428 1938 sortunae,
1448 1906 1527 1944 qua
1551 1894 1691 1933 merito

159 1944 336 1984 Venetiis
356 1954 395 1983 et
424 1945 460 1983 in
481 1945 580 1983 adeo
598 1942 806 1983 excellenti
824 1943 970 1983 familia
989 1958 1291 1985 veneraremur:
1321 1946 1391 1985 sed
1420 1948 1602 1998 quoniam
1632 1948 1689 1987 in-

158 1999 272 2051 genio
293 2008 331 2038 te
358 1997 543 2050 singulari
569 1997 853 2037 adolescentem
873 1997 1005 2038 multis
1019 1998 1253 2051 jampridem
1274 2000 1425 2039 indiciis
1444 2001 1527 2052 ipse
1545 2015 1690 2053 cogno-

157 2066 304 2092 veram.
362 2052 516 2091 Etenim
537 2065 642 2096 vere,
663 2052 769 2104 quod
795 2052 844 2091 de
864 2066 905 2092 se
930 2052 1106 2104 jactabat
1126 2053 1412 2106 Hermogenes,
1431 2065 1588 2095 aetatem
1609 2058 1689 2095 vir-

158 2108 320 2152 tutibus,
341 2106 446 2146 haud
474 2106 602 2146 indole
631 2106 870 2159 praevenisti.
928 2106 1125 2151 Quocirca
1147 2109 1291 2148 nemini
1310 2108 1488 2148 videatur
1506 2109 1688 2158 alienum,

158 2162 190 2201 ai
227 2160 333 2213 quod
370 2162 420 2200 ab
458 2161 614 2212 ingenio
651 2160 922 2213 proficiscitur,
960 2162 1114 2213 ingenio
1151 2163 1356 2215 praestanti
1393 2163 1686 2205 adolescentulo

158 2226 414 2268 nuncupatur.
472 2214 670 2254 Caeterum
689 2215 856 2254 arbitror
877 2228 937 2253 me
955 2217 1063 2259 meis,
1084 2227 1279 2268 quotquot
1298 2227 1509 2269 potuerunt
1529 2219 1690 2267 intendi,

161 2270 310 2309 viribus
344 2277 658 2314 consecuturum,
691 2282 739 2307 ne
772 2268 938 2320 amplius
973 2270 1068 2322 quid
1099 2284 1244 2310 novum
1279 2281 1347 2311 aut
1381 2282 1507 2317 vetus,
1540 2274 1687 2324 quidve

158 2324 341 2369 medium,
362 2332 403 2363 et
432 2337 500 2363 cur
527 2323 565 2362 in
594 2322 781 2362 comoedia
810 2322 973 2370 dicatur,
1003 2324 1104 2363 ullus
1132 2325 1296 2377 ignoret.
1353 2326 1473 2370 Quod
1502 2326 1690 2367 hactenus

158 2378 219 2417 vel
239 2379 426 2418 omissum
454 2391 477 2417 a
504 2376 665 2421 Latinis,
690 2376 751 2415 vel
770 2377 956 2416 abolitum
979 2388 1171 2418 vetustate
1191 2379 1320 2419 secula
1339 2390 1471 2420 nostra
1490 2380 1687 2421 desidera-

158 2441 261 2471 runt.
312 2431 441 2472 Multa
454 2430 614 2483 quidem
633 2431 788 2482 egregie
808 2430 1000 2476 Donatus,
1018 2432 1137 2472 multa
1160 2433 1383 2479 Diomedes,
1398 2444 1440 2474 et
1457 2434 1557 2474 adeo
1576 2437 1687 2475 bonis

159 2486 339 2538 auspiciis
368 2485 628 2538 protulerunt,
659 2495 700 2523 ut
727 2498 773 2524 ea
800 2487 1041 2537 grammatici
1070 2488 1213 2539 passim
1243 2489 1281 2527 in
1309 2502 1379 2528 sua
1405 2490 1688 2529 transcribant:

159 2539 226 2578 sed
248 2550 374 2579 tamen
400 2539 476 2580 huc
501 2538 565 2578 illa
590 2552 728 2591 parum
748 2538 940 2585 videntur,
962 2540 1078 2580 immo
1107 2541 1201 2581 nihil
1228 2543 1434 2594 pertinere.
1493 2542 1689 2591 Quoedam

159 2593 276 2645 igitur
302 2608 325 2633 a
343 2594 495 2633 Graecis
523 2593 749 2633 auctoribus
772 2602 812 2632 et
840 2593 987 2633 Latinis
1015 2595 1315 2648 haudquaquam
1343 2598 1570 2637 nominatim
1598 2612 1687 2651 per-

159 2656 334 2692 tractata,
356 2661 491 2687 verum
510 2648 637 2687 obiter
654 2646 820 2686 disserta
838 2647 1067 2699 collegimus
1084 2664 1093 2688 ε
1124 2650 1303 2702 quaedam
1324 2651 1398 2704 ipsi
1418 2651 1569 2691 collatis
1590 2653 1689 2692 inter

158 2714 200 2740 se
227 2700 358 2740 multia
376 2701 577 2746 elicienda,
596 2715 641 2740 ac
668 2701 842 2741 breviter
860 2703 1082 2742 curavimus
1110 2705 1341 2751 annotanda,
1361 2719 1451 2758 quae
1471 2707 1540 2745 tibi
1617 2721 1689 2747 uca

158 2767 303 2847 vrvus
321 2767 394 2806 ego
421 2755 575 2801 devovi,
599 2755 758 2807 perinde
786 2765 905 2808 atque
932 2769 1041 2795 suam
1065 2756 1302 2809 virgilianus
1331 2759 1394 2799 ille
1425 2758 1508 2800 Mic
1586 2761 1687 2801 iano

198 2809 431 2848 enationem.
490 2808 671 2849 Fatemur
690 2809 793 2849 enim
811 2819 852 2849 et
869 2823 1004 2850 eorum
1031 2824 1121 2863 quae
1147 2825 1218 2851 noa
1237 2813 1396 2853 minime
1415 2814 1687 2867 proeterierint,

158 2863 390 2903 subticuisse
408 2862 620 2914 complura.
675 2863 763 2904 Jam
790 2864 921 2917 itaque
941 2875 1112 2904 nostram
1132 2865 1318 2906 hactenus
1337 2867 1549 2920 obligatam
1570 2867 1687 2908 fidem

157 2915 416 2958 absolvamus.
472 2915 689 2958 Comoedioe
713 2931 855 2959 nomen
878 2932 902 2960 a
923 2916 1113 2960 Damone
1133 2918 1259 2961 Come
1277 2921 1458 2975 religiose
1475 2921 1687 2963 admodum
