1852 3216
120 192 258 221 SCENA
280 178 367 232 ιιι]

732 174 1040 218 ANDRIA.

1583 178 1664 220 109

179 268 293 309 Rem
312 265 459 321 potius
480 264 618 320 ipsam
638 263 722 314 dic,
745 278 794 306 ac
815 264 936 306 mitte
955 264 1065 306 male
1086 263 1220 320 loqui.

181 332 245 373 S1.
278 330 417 379 Quasi
437 330 667 384 quicquam
686 329 730 370 in
749 328 866 370 hunc
881 330 972 384 jam
992 330 1165 385 gravius
1187 329 1272 372 dici
1292 330 1471 385 possiet.

179 396 280 438 Ain'
301 395 507 437 tandem?
539 395 641 436 civis
664 393 1003 448 Glycerium'st2
1053 394 1172 436 PAM.
1197 394 1265 436 Ita
1285 395 1537 450 praedicant.

145 470 164 499 5
182 461 246 502 S1.
272 460 340 502 Ita
358 459 627 515 praedicant?
659 474 685 500 o
705 459 922 513 ingentem
943 459 1273 501 confidentiam!

181 526 302 567 Num
323 525 486 580 cogitat
506 524 612 579 quid
633 524 782 566 dicat?
813 539 914 565 num
936 523 1037 566 facti
1057 525 1208 580 piget?

179 590 300 631 Num
321 590 415 645 ejus
437 589 556 631 color
574 589 753 644 pudoris
776 589 946 644 signum
965 605 1148 644 usquam
1170 590 1364 632 indicat?

178 655 349 697 Adeon’
371 655 597 710 impotenti
617 668 713 695 esse
734 654 889 704 animo,
911 661 960 696 ut
979 662 1140 709 praeter
1160 655 1316 696 civium

179 720 351 762 Morem
373 727 503 775 atque
523 718 677 774 legem,
700 726 744 760 et
767 719 834 760 sui
854 719 1119 761 voluntatem
1139 720 1290 775 patris,

129 795 167 824 10
184 785 353 826 Tamen
372 784 485 825 hanc
505 783 669 825 habere
691 784 867 825 studeat
888 799 987 825 cum
1004 799 1168 826 summo
1188 785 1383 839 probro?

182 851 301 892 PAM.
335 850 413 891 Me
448 850 675 891 miserum!

268 913 524 969 Pamphile?

739 849 803 890 SI.
838 849 978 890 Hem!
1022 849 1207 891 modone
1239 849 1285 890 id
1315 849 1487 892 demum
1521 851 1668 901 sensti,

181 979 299 1021 Olim
317 980 444 1030 istuc,
467 978 580 1029 olim,
602 994 735 1033 quum
755 980 815 1020 ita
835 978 1020 1019 animum
1041 979 1213 1020 induxti
1234 985 1370 1029 tuum,

182 1044 315 1092 Quod
337 1058 535 1098 cupereS,
557 1043 700 1098 aliquo
720 1050 849 1097 pacto
870 1042 1147 1085 efficiundum
1169 1044 1270 1093 tibi;

123 1147 347 1190 praesentibus‚
359 1147 444 1189 quod
455 1148 523 1187 jam
536 1157 619 1178 uxor
634 1147 687 1184 sit,
700 1147 786 1188 quod
801 1157 872 1179 sus·

122 1198 236 1232 ceptus
260 1190 354 1222 filius.
402 1190 530 1221 Deinde
553 1190 758 1222 concluditur
780 1200 874 1221 aceu-

123 1234 206 1265 satio
220 1244 279 1275 per
294 1231 456 1273 σύγχυσιν
473 1233 569 1274 (lege,
587 1233 793 1273 συγχώρησιν
810 1232 875 1273 Z.),

126 1279 190 1308 Imo
205 1279 305 1308 valeat
317 1289 328 1311 ,·
352 1278 463 1307 habeat
472 1289 484 1311 ,-
506 1278 588 1307 vivat
604 1287 669 1306 cum
685 1278 751 1306 illa.
784 1276 822 1306 E.

168 1321 196 1350 3.
224 1319 320 1353 Quasi
335 1321 494 1360 quicquam
510 1321 542 1349 in
565 1320 644 1349 hunc
657 1318 728 1359 jam
747 1321 874 1359 gravius

123 1364 187 1393 dici
204 1360 333 1401 possiet]
350 1362 455 1397 Quam
472 1361 558 1402 quod
574 1361 658 1399 fecit,
676 1371 773 1402 quam
788 1360 874 1401 quod

124 1405 280 1446 peccavit.
313 1405 354 1435 D.

169 1449 198 1478 4.
223 1448 295 1478 Ain’
315 1449 434 1478 tandem
447 1446 481 1487 .⁷]
517 1446 644 1482 Quaerit
659 1446 794 1483 Probus,
811 1447 872 1477 ain’

126 1500 197 1530 quae
223 1500 299 1530 pars
325 1489 480 1520 orationis
510 1489 571 1520 sit:
606 1495 639 1520 et
667 1499 707 1520 an
733 1499 799 1519 una
822 1488 873 1519 sit.

126 1534 187 1564 Est
216 1539 325 1563 autem
351 1533 413 1562 ain'
445 1531 535 1572 quasi
568 1534 661 1563 aisne.
699 1532 753 1562 'Et
782 1531 873 1568 mire,

125 1574 293 1616 quasiipse
299 1574 395 1609 dicat,
406 1574 491 1615 quod
503 1574 615 1605 Davus
627 1574 758 1605 dixerit.
786 1574 875 1614 Ergo

124 1619 198 1655 ain’,
210 1617 469 1659 percontativum
489 1618 620 1648 verbum
637 1623 695 1648 est.
723 1616 873 1657 Tandem]

126 1661 191 1692 Pro
198 1667 315 1691 tamen.
350 1659 543 1699 Praedicant]
557 1659 744 1690 Artificiose
753 1669 812 1700 pro
825 1661 874 1689 di-

126 1710 198 1735 cant
219 1703 338 1745 posuit,
361 1703 442 1733 adeo
463 1702 496 1733 in
527 1703 586 1733 hac
607 1713 644 1733 re
666 1703 876 1734 vehementer

126 1752 305 1777 commotus
327 1755 429 1777 senex
453 1745 514 1776 hoe
541 1745 648 1786 ipsum
671 1745 800 1786 repetit,
823 1747 877 1776 Ita

124 1791 321 1829 praedicant?
342 1798 402 1830 per
424 1788 633 1818 iracundiam.
680 1788 734 1826 Et,
752 1790 807 1824 ita,
827 1794 877 1819 est

128 1833 163 1863 ἐν
186 1832 263 1868 ἤθει,
291 1837 328 1862 ut
354 1836 544 1871 repetantur
564 1831 672 1868 verba,
698 1831 733 1861 in
760 1830 876 1871 quibus

128 1875 276 1915 arguitur
292 1872 504 1915 impudentia.
538 1874 578 1904 D.

172 1919 201 1948 5.
229 1919 255 1948 Ο
277 1919 426 1957 ingentem
448 1918 653 1955 confidentiam
667 1915 698 1956 l]
723 1915 768 1946 Et
787 1917 875 1954 confi-

128 1962 233 1991 dentia
252 1960 348 1990 modo
370 1969 429 2000 pro
445 1958 579 1989 audacia
594 1965 643 1989 est
658 1969 732 1989 cum
755 1958 876 1999 impro-

128 2004 246 2039 bitate3
271 2008 307 2033 ut
322 2002 356 2032 in
384 2001 589 2038 Phormione,
606 2003 704 2032 Homo
718 2003 874 2040 confidens.

127 2045 236 2077 Aliter
269 2044 321 2076 hic
354 2044 492 2084 (excidit
522 2056 620 2085 quam,
653 2054 721 2081 seu,
752 2055 789 2074 ac
821 2043 875 2082 Ζ.)

128 2098 227 2130 supra
252 2090 407 2127 confidens,
438 2097 499 2128 pro
522 2086 684 2118 constanti
712 2093 745 2118 et
774 2086 875 2127 gravi.

129 2131 219 2172 Ergo
234 2130 431 2163 confidentia
446 2130 609 2161 interdum
625 2129 659 2160 in
676 2130 760 2160 bona
775 2129 875 2170 signi-

130 2174 291 2211 ficatione,
312 2173 476 2204 interdum
491 2173 525 2203 in
542 2172 628 2203 mala
648 2172 795 2214 ponitur:
820 2171 878 2203 sed

129 2217 248 2249 fiducia
263 2226 391 2258 semper
406 2216 439 2247 in
456 2216 549 2247 bona.
583 2216 624 2246 D.

172 2260 203 2291 6.
231 2261 315 2290 Num
337 2261 451 2300 cogitat
473 2261 549 2299 quid
569 2260 681 2289 dicat?
710 2269 779 2288 num
793 2257 878 2298 facti

126 2305 213 2343 piget
222 2301 254 2343 ?]
272 2303 397 2333 Amens
410 2307 460 2333 est
472 2301 527 2342 qui
543 2301 666 2332 nesciat
679 2301 756 2341 quid
771 2300 875 2331 dicat:

130 2345 299 2382 amentior,
322 2355 418 2386 quem
441 2355 506 2375 non
532 2343 690 2385 poeniteat
711 2343 787 2374 facti
817 2342 876 2374 sui.

131 2390 214 2419 Num
225 2390 340 2430 cogitat
355 2390 430 2428 quid
443 2389 527 2418 dicat
535 2386 569 2427 P]
585 2386 671 2422 Quia
686 2386 878 2426 injuriarum

131 2441 166 2462 se
181 2431 299 2472 alligat.
344 2432 428 2461 Num
441 2429 526 2470 sacti
543 2432 632 2470 piget
643 2429 677 2470 ?]
702 2429 787 2464 Quia
799 2429 879 2459 dicit

127 2476 310 2514 praedt'cant,
322 2483 387 2504 non
403 2475 518 2504 dicunt.
557 2473 611 2510 Et,
625 2478 662 2503 ut
676 2472 783 2503 solent
797 2471 877 2502 iras-

131 2522 252 2553 centes,
276 2515 394 2547 avertit
419 2515 597 2547 orationem
622 2525 641 2546 a
666 2515 808 2546 secunda
837 2514 878 2545 ad

132 2558 261 2590 tertiam
276 2569 447 2600 personam
460 2570 467 2589 :
492 2559 532 2590 ab
544 2569 592 2597 ea,
605 2568 679 2589 cum
691 2567 754 2598 qua
765 2557 877 2598 loque-

133 2602 236 2638 batur,
253 2601 295 2632 ad
308 2601 414 2632 aliam.
449 2602 490 2632 D.
773 2639 777 2640 ⁷

177 2644 207 2676 7.
230 2645 314 2675 Num
323 2643 389 2683 ejus
397 2646 476 2678 color
485 2645 612 2684 pudoris
623 2646 742 2684 signum
754 2654 879 2684 usquam

133 2688 251 2717 indicat
260 2685 294 2727 ἵ]
310 2688 445 2726 Signum,
461 2694 511 2717 est
532 2697 632 2727 parva
646 2687 792 2727 quaedam
812 2686 877 2727 eig-

133 2729 287 2766 nificatio,
314 2728 461 2759 indicans
488 2729 587 2760 totius
606 2729 654 2762 rei
679 2729 876 2769 qualitatem.

134 2774 217 2803 Num
232 2771 299 2811 ejuae
313 2773 392 2802 color
398 2773 524 2810 pudoris
535 2773 653 2812 signam
663 2783 787 2812 usquam
796 2774 877 2802 indi-

134 2821 185 2846 cat
196 2815 230 2856 ?]
247 2815 388 2845 Paterno
399 2813 508 2845 animo
523 2813 611 2845 dicit.
657 2814 805 2854 Namque
820 2825 878 2856 pa-

133 2858 236 2889 tribus
252 2857 335 2888 velle
347 2857 536 2888 erubescere
549 2856 642 2894 filios,
658 2856 880 2897 pudentesque

134 2911 214 2938 esse,
240 2899 396 2931 familiare
420 2904 487 2930 est:
521 2898 574 2930 cui
598 2898 795 2930 contrarium
820 2905 879 2938 est,

136 2945 279 2980 Erubuit,
304 2945 388 2974 salva
415 2953 463 2972 res
486 2947 539 2972 est.
589 2941 660 2972 Hoc
683 2951 760 2982 ergo
781 2941 877 2973 dicit:

136 2985 205 3017 Nec
222 2986 323 3022 timet,
346 2985 459 3025 inquit,
478 2994 536 3015 nec
554 2984 639 3015 enim
657 2984 738 3024 (Ms.
757 2984 879 3016 Boend.

918 1157 992 1177 cum
1009 1146 1086 1177 edit.
1105 1146 1159 1177 Du
1176 1146 1213 1177 B.
1231 1147 1328 1178 habet
1344 1146 1427 1186 eum)
1444 1147 1591 1188 poenitet,
1609 1158 1668 1180 nec

919 1189 1028 1231 pudet.
1047 1190 1496 1231 D.—Colorpudorissignum]
1509 1190 1669 1222 Alexand.

919 1232 1095 1273 Aphrodis.
1113 1232 1303 1273 problemat.
1327 1232 1382 1263 lib.
1399 1232 1420 1263 i.
1444 1233 1506 1264 Διὰ
1519 1233 1550 1264 τὶ
1567 1233 1670 1265 αἰδού-

919 1286 1007 1314 μενοι
1024 1275 1191 1316 ἐρυθριῶσι.
1237 1275 1446 1316 Aristopban.
1466 1276 1501 1306 in
1524 1276 1669 1316 Equitib.

918 1318 959 1349 ὣς
977 1316 1011 1348 δὲ
1033 1317 1111 1357 πρὸς
1132 1318 1196 1347 πᾶν
1215 1316 1412 1348 ἀναιδεύεται
1427 1319 1485 1349 κοῦ
1499 1318 1670 1357 μεθίστησι

917 1361 976 1390 τοῦ
991 1360 1158 1400 χρώματος
1168 1361 1227 1391 τοῦ
1240 1360 1487 1400 παρεστηκότος.
1521 1361 1669 1392 L.—Fa-

918 1413 1016 1433 ernus
1037 1402 1126 1443 legit,
1142 1411 1228 1433 vnn:
1251 1414 1322 1433 num
1343 1403 1418 1443 ejus,
1435 1409 1491 1434 etc.
1509 1410 1542 1435 et
1557 1414 1670 1435 omnes

918 1445 1037 1485 ubique
1053 1445 1144 1476 codd.
1187 1445 1259 1486 Ego
1273 1445 1446 1486 legendum
1462 1453 1551 1488 puto,
1569 1449 1669 1478 Num-

918 1499 988 1518 nam
1002 1488 1077 1528 ejus,
1094 1494 1149 1519 ete.
1167 1498 1209 1518 ne
1224 1488 1332 1519 versui
1348 1488 1425 1529 quid
1439 1489 1531 1520 desit.
1565 1489 1603 1520 B.

963 1532 992 1561 8.
1016 1530 1195 1571 Impotenti]
1214 1530 1322 1561 Nimis
1343 1531 1490 1571 potenti3
1516 1532 1566 1563 vel
1581 1538 1670 1564 certe

919 1572 1017 1604 debili
1034 1579 1067 1604 et
1082 1573 1218 1604 devicto.
1251 1573 1393 1604 D.——Ne
1415 1574 1605 1615 fugiendum
1627 1575 1671 1606 sit

919 1626 993 1646 cum
1010 1616 1137 1646 Faerno
1152 1615 1193 1646 ad
1210 1615 1388 1657 Synizesin,
1404 1617 1446 1647 ad
1466 1617 1670 1658 Pyrrichium

920 1658 1135 1695 efficiendum,
1151 1669 1211 1700 pro
1226 1660 1341 1690 Adeon’
1358 1659 1430 1700 lege
1445 1662 1540 1691 Adeo.
1574 1660 1611 1691 B.

964 1702 993 1732 9.
1020 1703 1137 1732 Civium
1151 1713 1260 1732 morem
1275 1707 1366 1742 atque
1389 1704 1492 1742 legem,
1508 1708 1540 1734 et
1553 1706 1603 1734 wi
1617 1714 1668 1734 vo-

920 1746 1066 1775 luntatem
1080 1743 1196 1784 patris]
1214 1745 1291 1775 Tria
1306 1751 1471 1776 contemta
1485 1752 1571 1783 sunt,
1588 1757 1669 1784 mos,

919 1786 983 1824 lex,
1000 1787 1172 1828 imperium
1191 1787 1302 1828 patris.
1347 1789 1469 1818 Proeter
1482 1791 1592 1819 civium
1607 1799 1668 1819 mo-

919 1829 999 1870 rem]
1016 1832 1147 1867 Praeter,
1162 1835 1275 1860 contra
1291 1840 1377 1861 nunc
1392 1830 1562 1871 significat.
1596 1832 1638 1862 D.

967 1873 1015 1902 10.
1043 1872 1172 1912 Tamen]
1185 1873 1294 1907 Quum
1311 1883 1376 1903 non
1392 1873 1514 1904 dixerit
1524 1876 1668 1914 quamvis,

920 1914 1058 1954 subjecit
1082 1920 1202 1945 tamen.-
1235 1921 1267 1945 et
1292 1915 1396 1956 figura
1419 1922 1469 1946 est
1494 1915 1668 1948 ἀνακόλου-

921 1960 984 1988 θον.
1017 1957 1181 1988 D.--Cum
1196 1969 1307 1988 summo
1318 1959 1428 1997 probro
1441 1957 1474 1999 ?]
1493 1959 1534 1990 In
1550 1959 1613 1990 Ms.
1628 1960 1668 1990 R„

920 1999 966 2031 sic
1001 2000 1122 2041 leg-itur
1137 2012 1144 2030 :
1185 2005 1284 2031 tamen
1321 2002 1430 2032 habere
1462 2004 1568 2042 cupiat
1603 2014 1670 2033 cum

919 2054 1031 2073 summo
1057 2045 1177 2082 probro.
1216 2043 1365 2074 L.—Pro
1389 2046 1512 2075 studeat
1533 2045 1568 2076 in
1591 2045 1667 2077 edit.

922 2085 1122 2126 Sandbyensi
1153 2085 1272 2126 legitur
1308 2089 1412 2126 cupiat
1427 2100 1439 2123 ;
1474 2087 1560 2128 quod
1590 2098 1669 2120 sane

922 2128 1047 2159 Simoni
1063 2128 1147 2159 irato
1162 2128 1270 2170 aptius
1286 2128 1424 2160 videtur.
1456 2130 1493 2161 Z.

968 2172 1017 2202 11.
1047 2173 1100 2202 Me
1115 2173 1255 2202 miserum
1265 2171 1296 2212 l]
1318 2171 1455 2203 Initium
1471 2172 1669 2205 defensionis

922 2220 955 2245 et
966 2214 1145 2255 deploratio
1158 2214 1350 2245 calamitatis
1365 2220 1399 2245 et
1412 2214 1569 2246 miseriae:
1594 2216 1671 2257 quia

921 2257 956 2287 in
973 2257 1128 2288 Amorem
1151 2256 1280 2298 culpam
1302 2263 1447 2288 removet
1469 2268 1488 2288 a
1503 2257 1669 2290 voluntate

922 2309 989 2336 sua,
1006 2310 1104 2340 quum
1121 2306 1222 2341 pater,
1240 2300 1324 2340 quod
1340 2306 1427 2331 amat
1442 2300 1537 2338 filius,
1553 2301 1670 2333 vitium

922 2342 1041 2373 mentis
1068 2342 1154 2373 dicat
1182 2352 1262 2380 esse,
1290 2353 1356 2373 non
1386 2343 1562 2384 impulsum
1593 2345 1668 2376 Dei.

924 2385 1006 2425 (Ms.
1026 2385 1134 2416 Hulst.
1179 2387 1260 2416 Vitio
1274 2387 1383 2416 mentis
1397 2387 1483 2417 dieat
1496 2389 1585 2427 quasi
1606 2398 1670 2419 ease

921 2430 1090 2468 impulsum.
1129 2428 1263 2465 Vereor,
1282 2434 1320 2459 ut
1341 2438 1383 2459 ex
1404 2435 1514 2460 mente
1536 2430 1670 2468 Donati,

922 2471 975 2502 cui
991 2472 1094 2502 Amor
1111 2471 1201 2502 Deus
1217 2478 1274 2502 est.
1314 2471 1388 2502 Vid.
1406 2471 1488 2502 infra
1501 2482 1584 2504 vers.
1600 2474 1670 2514 25.)

922 2516 1051 2545 Modone
1062 2516 1097 2544 id
1108 2516 1225 2545 demum
1237 2516 1340 2551 sensti,
1352 2515 1511 2554 Pamphile
1519 2514 1554 2556 ?]
1571 2515 1669 2547 Com-

922 2556 1113 2598 probatione
1137 2557 1280 2588 ostendit
1305 2566 1379 2587 eum
1407 2567 1478 2588 esse
1506 2558 1669 2590 miserum.

922 2601 1050 2631 Demum
1065 2606 1183 2636 autem,
1199 2600 1328 2640 signum
1345 2605 1394 2630 est
1416 2600 1586 2632 tarditatis.
1626 2602 1671 2633 Et

921 2645 1034 2674 sentire
1050 2642 1178 2680 dicitur,
1195 2642 1250 2683 qui
1267 2642 1322 2672 vix
1344 2642 1468 2683 colligit
1489 2653 1534 2680 se,
1550 2644 1670 2686 vixque

922 2685 1168 2717 animadvertit:
1197 2691 1234 2715 ut
1254 2684 1341 2722 alibi,
1369 2686 1428 2716 Vix
1449 2688 1569 2718 taudem
1590 2690 1671 2719 sensi

921 2730 1058 2759 stolidus.
1093 2728 1132 2758 D.

969 2772 1018 2801 12.
1056 2773 1135 2802 Olim
1159 2772 1247 2807 istuc,
1270 2769 1359 2811 olim]
1387 2771 1579 2813 Obiurgatio
1608 2779 1668 2811 est,

923 2814 1008 2854 quod
1032 2813 1155 2844 dictum
1179 2818 1229 2844 est
1255 2814 1335 2844 οἰίπι.
1381 2813 1669 2847 Confirmationem

923 2863 1032 2888 autem
1066 2866 1126 2897 per
1154 2855 1383 2897 repetitionem
1418 2858 1569 2889 ostendit.
1624 2859 1671 2890 Ut

925 2899 1040 2940 Virgil.
1066 2899 1142 2929 AEn.
1168 2898 1201 2929 ii.
1227 2899 1446 2930 602-de
1469 2902 1669 2939 inclementia,

924 2944 1034 2978 divam,
1052 2943 1120 2972 Has
1135 2943 1243 2972 evertit
1257 2952 1335 2981 opes.
1367 2942 1408 2973 D.

973 2986 1019 3014 13.
1044 2985 1156 3023 Aliquo
1167 2983 1274 3027 pacto]
1292 2985 1429 3025 Quoquo
1445 2986 1549 3018 modo.
1583 2987 1624 3018 D.
