1852 3216
107 196 247 225 scr-,NA
270 183 352 235 1v.]

718 167 1026 224 ANDR'IA.

1590 187 1648 227 95

165 272 281 314 Tum
300 285 469 314 annona
488 271 665 314 cara·st:
698 271 803 326 quid
825 271 963 313 dicam
983 268 1131 313 aliud?
1160 272 1321 313 nescio.
1584 310 1591 314 .

166 337 219 378 M
223 350 264 378 Y.
281 336 371 378 Cur
384 343 447 386 tu,
462 337 658 385 obsecro,
668 335 738 377 hic
754 350 822 377 me
837 334 995 377 solam?
1026 335 1147 376 Dav.
1158 335 1273 383 Quae
1284 344 1351 377 est
1366 336 1460 378 haec
1475 336 1645 379 fabula?

166 401 283 450 Eho,
306 400 462 455 Mysis,
484 414 594 455 puer
613 399 684 441 hic
704 399 819 441 unde
839 402 934 441 est?
966 400 1115 455 quisve
1136 400 1222 442 huc
1243 399 1417 441 attulit?

110 477 150 506 10
167 468 264 509 ΜΥ.
286 467 421 508 Satin'
457 482 586 508 sanus
625 481 688 517 es,
717 467 792 522 qui
825 481 893 508 me
925 467 970 508 id
1008 467 1200 521 rogites?
1248 467 1369 508 DAv.
1393 466 1538 514 Quem
1567 481 1649 522 ego

249 536 381 588 igitur
400 537 580 590 rogem?

165 600 255 648 Qui
275 600 346 642 hic
367 601 576 641 neminem
597 598 724 641 alium
744 599 941 641 videam?
992 598 1077 640 Cn.
1101 598 1257 648 Miror,
1279 598 1395 640 unde
1416 599 1484 640 sit.

164 665 285 707 DAv.
308 662 536 706 Dicturan'
557 680 603 706 es
622 665 739 720 quod
760 668 902 720 rogo?
953 665 1052 707 MY.
1075 664 1164 707 Au.

250 730 486 771 dexteram.

1225 665 1345 707 DAv.
1369 665 1572 708 Concede
1592 667 1649 708 ad

164 795 263 836 MY.
288 794 485 837 Deliras:
517 810 603 836 non
624 802 717 836 tute
737 795 860 850 ipse?
908 794 1027 836 DAv.
1043 794 1240 836 Verbum
1262 795 1298 836 si
1317 795 1421 836 mihi

165 862 328 912 Unum,
351 869 640 917 praeterquam
661 863 779 916 quod
800 869 843 903 te
863 877 985 917 rogo,
1007 862 1133 912 faxis,
1153 877 1270 904 cave.

118 927 264 969 15MY.
288 927 406 969 Male
443 927 565 968 dicis.

250 992 372 1033 Dm.
395 991 470 1032 Ha
491 991 548 1032 ha
568 991 638 1033 he.

104 1102 211 1144 placet
230 1101 351 1143 Guyeti
374 1100 467 1138 ratio,
487 1100 571 1135 Quid
591 1102 690 1132 turbae
704 1102 789 1141 apud
800 1099 855 1141 so-

103 1147 220 1176 nm’et.
260 1145 287 1175 B

150 1189 178 1220 7.
206 1190 280 1219 Tum
295 1198 414 1218 annona
428 1197 501 1218 cara
516 1185 579 1227 eet]
597 1186 855 1218 Comminiscen·

103 1230 148 1262 fis
163 1237 213 1262 est
226 1230 344 1272 potius,
354 1240 450 1270 quam
466 1229 562 1260 alicui
574 1229 755 1260 referentis.
774 1229 857 1264 Quid

103 1275 202 1304 dican
217 1275 305 1304 aliud
314 1272 348 1313 2]
367 1273 440 1304 Hoc
456 1279 530 1313 post
544 1278 752 1313 spectatores.
790 1272 831 1303 D.

149 1318 178 1347 8.
205 1318 267 1347 Cur
281 1322 324 1353 tu,
337 1317 465 1351 obsecro,
477 1318 526 1345 hic
539 1326 584 1345 me
600 1317 691 1346 solam
701 1314 735 1355 ?]
759 1315 854 1346 Ἀπο-

103 1359 258 1396 σιύπησις
272 1358 377 1389 tertia.
400 1357 537 1397 Fabula]
557 1357 713 1388 Fabulam
729 1367 764 1388 se
777 1358 856 1388 dicit

105 1401 228 1439 audire,
250 1401 305 1441 qui
330 1400 379 1432 rei
426 1400 610 1440 rincipium,
631 1400 855 1440 rationemque

104 1444 242 1484 ignorat.
289 1444 375 1474 D.—
417 1453 492 1473 ures
518 1448 552 1473 et
581 1442 732 1473 meliores
758 1443 851 1473 codd.

104 1486 305 1524 concinnius,
344 1494 434 1523 ritu,
472 1496 539 1526 quat
577 1487 641 1516 haec
678 1491 724 1516 est
753 1484 850 1525 sabu-

148 1573 178 1603 9.
201 1570 286 1611 Eho]
302 1572 370 1602 Eho
383 1570 566 1610 interjectio
582 1575 640 1606 est,
655 1570 707 1601 vel
728 1569 850 1611 princi-

102 1613 195 1656 pium
221 1614 309 1654 (dele
330 1615 525 1654 principium,
548 1612 633 1654 quod
656 1623 698 1643 ex
721 1619 850 1644 antece-

102 1656 255 1688 dentibus
278 1657 331 1687 hic
356 1663 477 1687 temere
501 1662 551 1686 est
574 1655 759 1696 repetitum.
795 1655 851 1695 Z.)

103 1699 416 1731 animadversionem
432 1698 468 1729 in
483 1708 518 1730 se
533 1698 707 1740 poscentis,
728 1703 785 1729 aut
799 1708 851 1729 re-

102 1749 203 1784 pente
217 1742 389 1773 cernentis.
426 1742 566 1772 D.—Au
581 1742 682 1781 Mysis
692 1752 771 1780 puer
784 1740 851 1781 hic]

105 1784 299 1816 Dissimulat
313 1783 432 1821 omnia,
451 1790 490 1815 ut
510 1790 544 1814 et
558 1784 765 1814 Chremetem
787 1793 853 1814 non

103 1827 216 1859 videre
230 1827 388 1858 videatur.
426 1828 487 1864 An,
504 1826 687 1866 interjectio
702 1832 751 1857 est
771 1825 853 1857 iras-

103 1870 216 1902 centis.
264 1870 304 1901 E.

152 1915 201 1944 10.
225 1915 314 1944 Satin
334 1923 428 1943 mnus
448 1910 497 1952 ec]
531 1911 573 1941 In
597 1911 662 1942 Ms-
686 1911 726 1941 R„
748 1910 788 1941 τὸ
813 1922 854 1947 ee,

104 1956 315 1988 desideratur.
362 1954 601 1990 L.—Quamvis
615 1959 729 1984 contra
743 1963 856 1984 omnes

104 1998 196 2030 codd.
212 2008 335 2039 repone
359 2004 466 2028 tamen
484 1998 582 2028 Satin’
606 1998 719 2033 uinu’s,
735 1998 781 2027 ηιέ
802 1998 856 2036 qui

102 2044 140 2073 id
152 2044 290 2082 rbgites?
316 2042 409 2074 Quem
425 2042 522 2080 igituir
537 2050 636 2080 rogem
646 2042 662 2069 ἰ
686 2039 747 2069 Vel
771 2038 855 2070 ictus

103 2084 168 2126 ipsi
183 2084 262 2115 satis
277 2084 338 2114 hoc
351 2083 499 2124 probant.
546 2082 583 2112 B.

151 2128 200 2158 ll.
223 2128 287 2158 Hic
301 2129 445 2157 neminem
460 2127 554 2156 alium
569 2126 654 2156 video
664 2124 698 2165 2]
730 2123 855 2155 Callide

104 2169 243 2201 affirmat
254 2179 320 2200 non
336 2168 398 2200 sibi
414 2168 519 2199 visum
535 2167 718 2204 Chremem,
735 2177 809 2198 cum
822 2173 856 2197 et

104 2212 292 2254 prevident
314 2211 510 2247 venientem,
529 2219 561 2240 et
584 2217 779 2251 prementem
803 2209 852 2240 vi·

105 2255 189 2287 dest.
212 2257 323 2292 Miror,
340 2256 418 2285 unde
432 2252 491 2294 sit]
517 2255 618 2284 Miror
633 2259 759 2283 veteres
779 2262 853 2283 cum

104 2300 193 2335 nude,
214 2308 275 2340 pro
298 2296 408 2328 nescio
427 2297 601 2338 ponebant.
646 2296 730 2326 Nam
747 2295 850 2326 admi-

105 2341 188 2372 ratio
211 2341 252 2371 ab
278 2339 462 2381 ignorantia
489 2337 666 2370 descendit.
705 2338 850 2374 Plautus,

105 2383 182 2415 Aul.
199 2383 284 2414 Ptol.
299 2384 325 2413 1.
339 2384 390 2414 Ne
404 2384 472 2422 quis
487 2384 614 2412 miretur
627 2383 680 2421 qui
691 2383 757 2417 tim,
771 2392 851 2420 pau-

105 2428 151 2500 hqu'b
163 2428 297 2499 elflqissr.
327 2425 546 2499 ¹²Igie—--Omnes
562 2423 680 2498 lfxeemi
691 2430 730 2497 {t
749 2423 851 2454 nostri

151 2478 180 2499 n
215 2478 235 2499 a
277 2474 314 2499 nt
394 2479 453 2504 m,
470 2477 536 2498 non
551 2478 580 2497 m
619 2478 645 2497 o.
720 2488 729 2496 .

153 2512 202 2542 12.
225 2510 294 2551 Aa]
322 2509 510 2550 Interiectio
536 2515 751 2540 consternatae
780 2519 853 2539 mu—

106 2553 205 2584 lieris.
230 2554 363 2584 Concede
374 2555 417 2584 ad
430 2551 602 2592 dexteram]
626 2551 671 2582 Et
685 2552 768 2582 bene
779 2554 853 2582 dea·-

107 2602 225 2630 teram:
246 2595 379 2627 sinistra
398 2595 487 2626 enim
511 2594 602 2626 venit
622 2594 798 2626 Chremes:
822 2600 855 2625 et

105 2648 173 2669 non
198 2637 270 2669 vult
290 2638 475 2679 proximum
501 2637 532 2668 ei
558 2637 775 2674 Chremetem,
796 2636 855 2667 sed

102 2683 207 2722 juxta.
235 2681 341 2721 Supra
354 2680 442 2711 enim
457 2679 551 2717 dixit,
566 2681 634 2720 Ego
648 2691 763 2720 quoque
784 2681 855 2710 hine

106 2726 147 2755 ab
176 2725 302 2754 dextera
328 2725 429 2753 venire
457 2733 503 2753 me
532 2724 722 2753 assimulabo.
767 2722 856 2753 D.—

108 2767 242 2797 Concede
257 2767 299 2796 ad
313 2764 484 2805 dextera-u]
507 2764 547 2796 1‹1
560 2770 621 2802 est,
638 2764 748 2796 transi.
772 2764 854 2796 Levi

106 2809 167 2840 hoc
190 2819 268 2839 voce
287 2807 568 2850 pronunciandum
592 2813 652 2838 est.
698 2807 855 2843 E.—Au,·

106 2850 249 2892 concede]
268 2850 423 2882 Priscian.
436 2849 492 2881 lib.
506 2859 561 2880 xv.
592 2849 764 2891 L—Lege
777 2852 856 2882 Dic-

107 2900 179 2926 tum
192 2905 234 2926 es.
266 2894 305 2925 B.

153 2938 203 2969 13.
218 2938 362 2968 Delirus.-
379 2947 436 2967 non
451 2940 516 2966 tute
530 2934 637 2976 ipse?]
654 2935 768 2972 Deest,
782 2945 857 2967 eum

109 2979 190 3011 mihi
207 2979 335 3011 dedisti.
360 2979 426 3010 Sed
441 2984 475 3009 et
489 2987 597 3019 supra,
609 2985 643 3008 et
653 2988 740 3010 nunc
754 2977 856 3010 inter·

618 926 739 968 DAV.
762 926 981 968 Unde’st‘?
1013 927 1082 969 dic
1112 926 1240 969 clare.

1302 927 1401 970 Mv.
1433 927 1477 969 A
1508 930 1646 971 nobis.

899 1101 1010 1132 turbat
1036 1101 1168 1132 Davus:
1204 1111 1247 1132 ne
1273 1101 1392 1133 mulier
1418 1108 1521 1135 toturn
1552 1105 1648 1136 dicat.

898 1145 969 1175 Nm·
993 1149 1057 1175 tute
1080 1147 1144 1184 ipse
1153 1144 1187 1185 .⁷]
1216 1145 1383 1176 Submissa
1402 1156 1491 1177 voce.
1520 1148 1649 1179 Verbum

898 1189 927 1218 εἰ
946 1189 1021 1217 mihi
1036 1186 1144 1227 unum]
1166 1188 1419 1220 Accommodate
1433 1190 1650 1222 comminatur

901 1230 1032 1261 Davus:
1056 1240 1141 1271 pene
1161 1231 1248 1261 enim
1271 1231 1377 1272 Mysis
1396 1232 1548 1264 universa
1572 1244 1647 1264 nar-

898 1273 1000 1303 rabat.
1040 1272 1270 1313 D.-De12'ras]
1307 1274 1387 1305 Ideo
1410 1275 1480 1306 haec
1509 1276 1649 1317 Mysidis

898 1315 1033 1356 praecisa
1049 1316 1152 1346 oratio
1174 1322 1233 1353 est,
1255 1316 1330 1356 quia
1346 1318 1415 1357 jam
1434 1325 1577 1359 coeperat
1596 1319 1646 1349 in-

899 1358 1017 1394 dicare,
1034 1358 1120 1398 quod
1142 1358 1212 1399 ipse
1229 1359 1342 1390 Davus
1359 1370 1496 1401 puerum
1520 1361 1647 1393 attulis-

899 1406 958 1431 set.
997 1400 1062 1431 Pro
1087 1411 1151 1441 quo
1178 1401 1287 1432 statim
1315 1402 1428 1433 Davus
1454 1403 1650 1444 interposuit

897 1443 1086 1479 orationem,
1116 1443 1327 1481 comminans,
1360 1446 1490 1476 Verbum
1519 1449 1547 1476 n·
1573 1449 1649 1477 mihi

895 1497 997 1521 unum,
1006 1491 1211 1526 prater-quam
1221 1489 1302 1527 quod
1315 1493 1344 1518 te
1355 1498 1436 1528 rogo,
1443 1486 1544 1526 fatie,
1556 1488 1645 1530 cane]

896 1530 932 1559 Si
955 1539 1015 1570 pro
1038 1528 1215 1568 siquidem:
1248 1540 1319 1560 cave
1344 1537 1463 1568 autem,
1490 1541 1550 1572 pro
1574 1532 1648 1563 vide

895 1581 946 1601 ne.
987 1571 1031 1601 Et
1057 1571 1133 1611 quia
1162 1571 1219 1602 illa
1248 1571 1351 1603 sensit
1378 1572 1646 1614 indignationem,

894 1613 950 1650 ait,
961 1615 1046 1644 Male
1058 1616 1145 1644 dicis.
1169 1613 1339 1645 E.-—Dele
1349 1617 1386 1651 si,
1403 1616 1489 1656 quod
1505 1622 1555 1647 est
1569 1627 1646 1648 con·

895 1662 945 1686 tra
967 1656 1056 1697 leges
1077 1656 1207 1697 linguae,
1226 1663 1260 1687 et
1279 1657 1418 1688 transfer
1437 1668 1456 1689 e
1477 1669 1573 1690 versu
1594 1670 1647 1691 se·

895 1699 1008 1739 quenti
1023 1710 1114 1729 unum
1128 1699 1163 1729 in
1179 1698 1285 1730 locum
1301 1699 1398 1731 illius.
1444 1701 1483 1731 Β.

942 1743 991 1772 14.
1007 1743 1217 1782 Proeterquam
1239 1744 1319 1782 quod
1339 1748 1369 1773 te
1388 1743 1477 1784 rogo]
1502 1744 1577 1776 Hoc
1597 1751 1648 1776 est

896 1784 1028 1822 sensim,
1051 1791 1085 1815 et
1105 1791 1143 1815 ut
1164 1795 1266 1815 senex
1287 1785 1416 1822 sentiat,
1438 1787 1648 1827 pronunciari

900 1833 1017 1868 potest.
1054 1827 1179 1866 (Verba
1202 1833 1363 1868 corrupta.
1400 1828 1441 1859 R.
1459 1829 1570 1871 Steph.
1586 1830 1646 1861 ali·

898 1877 1019 1909 quanto
1034 1869 1168 1900 melius:
1192 1871 1260 1900 Hoc
1275 1875 1306 1900 et
1324 1872 1443 1907 sensim,
1459 1876 1490 1902 et
1509 1877 1544 1903 ut
1557 1883 1648 1904 senez

898 1915 1022 1948 sentiat,
1041 1914 1240 1951 pronunciari
1258 1918 1368 1951 potest.
1402 1913 1466 1944 Ms.
1485 1914 1596 1946 Hulst.
1613 1921 1648 1946 et

899 1954 971 1985 edd.
988 1954 1106 1985 Venet.
1123 1960 1201 1984 vett.
1218 1956 1296 1991 Hoc,
1318 1960 1353 1985 ue
1367 1961 1399 1986 et
1412 1967 1503 1987 senex
1521 1960 1646 1995 sentiat,

895 1999 1094 2037 pronunciari
1113 2002 1222 2036 potest.
1270 1997 1370 2029 Haud
1392 1998 1490 2030 dubie
1515 2000 1647 2042 scripsit

902 2040 1067 2070 Donatus:
1091 2041 1160 2070 Hoc
1179 2042 1298 2077 sensim,
1315 2045 1347 2071 et
1367 2052 1405 2072 ne
1418 2052 1509 2074 senex
1522 2046 1646 2082 sentiat,

894 2084 1094 2122 pronunciari
1104 2087 1201 2122 patet.
1219 2082 1284 2113 Ms.
1296 2083 1419 2115 Boend.
1432 2090 1466 2115 et
1476 2084 1527 2116 ed.
1538 2085 1595 2116 Du
1606 2087 1645 2117 B.

899 2126 967 2155 Hoc
988 2130 1023 2155 ut
1044 2135 1134 2155 senex
1154 2127 1278 2162 sentiat,
1297 2129 1498 2166 pronunciari
1516 2128 1646 2169 potest.)

898 2169 995 2198 Faxis
1016 2178 1088 2198 cave
1098 2166 1132 2208 ?]
1161 2167 1265 2198 Gestu
1287 2169 1515 2201 comminantis
1538 2176 1590 2202 est
1612 2178 1647 2202 et

897 2210 1008 2241 vultu:
1042 2216 1080 2240 ut
1108 2210 1323 2251 suspenderet
1350 2211 1647 2251 comminationem,

897 2253 1015 2283 deinde
1030 2252 1165 2283 inferret
1178 2259 1315 2294 gestum.
1340 2253 1439 2291 Ordo,
1454 2256 1533 2286 Cane
1544 2254 1645 2295 satie.

897 2296 1084 2336 D.—Lege
1111 2305 1185 2326 cum
1215 2295 1307 2326 libris
1337 2296 1457 2327 nostris
1488 2296 1646 2330 Praeterea

895 2350 994 2379 quam,
1004 2338 1036 2368 h.
1047 2348 1074 2369 e.
1091 2344 1315 2379 praeterquam‚
1328 2345 1366 2369 ut
1376 2344 1582 2380 posteaqua-a.
1605 2342 1645 2372 B.

942 2382 991 2411 15.
1015 2382 1100 2411 Male
1112 2379 1207 2420 dicis]
1218 2381 1303 2411 Cum
1315 2388 1482 2412 contemtu
1493 2382 1646 2423 loqueris,

895 2423 1078 2454 convicium
1089 2422 1178 2454 facis.
1212 2423 1361 2464 Apparet
1376 2434 1453 2464 ergo
1468 2426 1554 2457 Male
1568 2428 1647 2459 dieis

896 2466 1018 2498 lentius
1033 2476 1104 2497 esse
1118 2465 1253 2502 dictum,
1269 2476 1368 2506 quum
1392 2467 1568 2508 subjungit,
1583 2470 1647 2501 Die

896 2511 989 2540 clare.
1036 2510 1122 2539 Male
1145 2507 1240 2549 dicis]
1267 2509 1362 2539 Nove
1387 2511 1465 2540 male
1485 2512 1564 2542 dicis
1585 2521 1647 2553 pro

896 2551 1148 2583 comminatione
1174 2550 1293 2591 posuit,
1320 2561 1420 2591 quum
1445 2562 1507 2593 pro
1533 2553 1646 2586 eonvi-

897 2594 949 2625 cio
970 2594 1072 2625 soleat
1093 2593 1181 2634 poni.
1220 2593 1296 2624 Nisi
1317 2593 1409 2630 forte,
1433 2594 1509 2635 quia
1529 2602 1646 2629 conm-

896 2636 1002 2668 meliae
1027 2646 1132 2677 genus
1159 2642 1209 2667 est
1238 2636 1456 2668 comminatio.
1502 2637 1646 2674 Quidam

895 2685 1014 2721 putant
1039 2689 1110 2710 esse
1136 2689 1236 2710 unam
1261 2689 1443 2720 personam,
1469 2679 1556 2712 Davi
1580 2681 1644 2714 sei·

896 2722 982 2759 licet,
999 2721 1121 2753 dictum
1139 2720 1289 2763 superius
1312 2721 1462 2763 Mysidis,
1477 2731 1544 2755 non
1565 2724 1646 2757 satis

897 2764 1106 2796 manifestum
1128 2763 1271 2801 Chremi,
1286 2763 1322 2795 in
1342 2764 1508 2797 maledicti
1527 2765 1645 2798 simili-

900 2807 1045 2839 tudinem
1068 2806 1255 2837 derivantis.
1298 2808 1384 2838 Unde
1404 2813 1451 2839 est
1470 2809 1523 2839 dic
1542 2809 1644 2851 clare]

901 2850 971 2881 uio
994 2848 1180 2890 expressius
1202 2848 1296 2880 dixit.
1320 2849 1501 2883 n—Unde
1524 2857 1571 2884 est
1594 2855 1647 2884 dic

900 2891 999 2932 clare]
1024 2892 1071 2923 Ut
1090 2901 1192 2923 senex
1213 2891 1316 2933 possit
1335 2892 1457 2924 audire.
1494 2896 1527 2925 A
1543 2894 1645 2936 nobis]

901 2936 1048 2967 Obscura
1200 2934 1249 2971 ὀς
1270 2939 1307 2966 et
1325 2935 1443 2967 memit
1464 2936 1588 2975 Davus,
1603 2948 1646 2969 ne

902 2979 978 3019 (pro
993 2989 1029 3008 ne
1043 2977 1105 3018 leg.
1115 2983 1181 3015 aut,
1193 2982 1239 3015 ut,
1253 2983 1319 3017 aut,
1334 2989 1373 3010 ne
1386 2989 1444 3010 non
1466 2979 1519 3019 Z.)
1544 2990 1646 3012 senex
