1852 3216
101 191 243 219 ScENA
263 177 348 231 ιιι]

659 173 1076 217 EUNUCHUS.

1562 182 1635 221 161

154 265 311 307 Taedet
340 264 687 319 quotidianarum
717 263 870 305 harum
900 262 1145 305 formarum.
1206 264 1318 305 PAR.
1345 265 1462 307 Ecce
1494 274 1638 308 autem

241 328 435 371 alterum.

153 393 315 435 Nescio
335 393 441 448 quid
462 393 517 434 de
537 406 680 434 amore
700 392 913 447 loquitur:
946 407 972 434 o
990 392 1302 436 infortunatum
1323 398 1494 436 senem!

155 458 242 500 Hic
266 472 368 500 vero
389 464 470 507 est,
494 458 569 512 qui
590 457 625 498 si
646 457 878 512 occeperit,
897 456 1047 499 ludum
1061 459 1295 513 jocumque
1319 459 1435 500 dicet

154 522 306 564 Fuisse
327 522 445 564 illum
465 521 662 572 alterum,
685 530 827 577 praeut
849 522 978 578 hujus
1000 523 1142 564 rabies
1164 538 1262 578 quae
1283 524 1418 565 dabit.

101 596 139 625 ιο
156 587 240 629 Cn.
264 587 327 628 Ut
347 586 464 629 illum
484 587 529 629 di
548 587 729 641 deaeque
749 587 913 628 senium
933 588 1134 642 perdant,
1152 589 1227 643 qui
1245 603 1312 630 me
1342 588 1473 631 hodie
1504 604 1641 631 remo-

240 659 361 694 ratus
381 659 449 694 est
462 669 471 694 t
489 697 494 700 ,

154 717 318 772 Meque
334 717 459 767 adeo,
470 718 544 772 qui
553 717 802 759 restiterim:
826 724 916 758 tum
925 726 1082 768 autem,
1094 719 1168 773 qui
1181 718 1300 760 illum
1313 718 1437 761 flocci
1450 719 1637 762 fecerim.

155 781 245 824 Sed
275 797 423 824 eccum
454 782 790 824 Parmenonem:
833 782 962 824 salve.

240 847 397 901 quidve
418 861 465 888 es
486 845 668 888 alacris?

140 936 170 966 6.
198 934 467 976 Quotidianarum]
490 935 564 966 Hoc
588 940 646 972 est,
669 935 790 966 levium
814 941 847 966 et

96 979 306 1010 usitatarum:
331 984 380 1009 est
395 978 515 1019 quippe
536 977 613 1008 huic
634 977 844 1015 contrarium,

98 1023 187 1052 Nova
194 1023 299 1061 figura
316 1023 378 1052 oris
387 1034 398 1052 .-
417 1031 508 1061 papae
519 1023 532 1050 Ι
557 1021 635 1051 Ecce
649 1026 751 1051 autem
765 1022 844 1051 alte-

96 1063 181 1104 rum]
205 1063 257 1094 Sic
279 1063 427 1100 dicimus,
450 1073 525 1094 cum
548 1068 682 1104 propter
703 1062 842 1093 alterum

96 1106 137 1138 de
160 1106 262 1137 altero
284 1105 375 1137 veuit
396 1105 431 1136 in
456 1113 608 1136 mentem.
648 1105 846 1137 D.—Taedet

95 1147 622 1232 ztszssif'ffl'z'fles'sszgsstffiz
638 1158 691 1221 ’ἷζῗ
707 1147 845 1222 ἓέῗὲῗὲ

98 1234 209 1266 forma.
242 1234 282 1265 E.

140 1276 169 1310 7.
203 1278 315 1308 Nescio
337 1279 412 1317 quid
434 1278 471 1308 de
496 1287 594 1308 amore
620 1275 770 1317 loquitur]
799 1275 846 1307 Ut

90 1319 282 1360 jamdudum
299 1319 448 1351 Phaedria
462 1319 662 1359 loquebatur.
704 1321 730 1350 Ο
747 1318 843 1358 infor-

96 1368 199 1393 tunum
211 1373 309 1394 senem
319 1362 348 1402 l]
374 1362 448 1393 Hoc
463 1362 585 1393 dictum
600 1361 789 1402 praestruxit
804 1361 846 1393 ad

96 1405 220 1436 exitum
251 1405 366 1436 fabulae
396 1415 433 1435 ac
466 1404 704 1445 catastrophen.
758 1404 845 1437 Nam

96 1448 304 1488 perturbatus
316 1448 356 1478 ad
369 1447 528 1478 Thaidem
541 1446 723 1487 ingreditur
736 1446 844 1486 (forte,

96 1492 297 1530 ingredietur.
344 1490 430 1521 Nam
458 1489 604 1529 sequitur
630 1499 716 1525 mox,
735 1490 843 1527 firma-

99 1535 220 1570 buntur,
237 1538 271 1564 et
285 1533 389 1571 ducet)
410 1532 463 1563 hic
485 1541 596 1567 senex,
612 1542 671 1572 per
686 1531 845 1562 fallaciam

96 1575 230 1616 Pythiae,
254 1581 287 1606 et
308 1574 466 1617 indicium
490 1574 721 1605 Parmenonis:
746 1580 843 1614 atque

94 1616 140 1648 ita
152 1618 366 1649 firmabuntur
378 1616 500 1658 nuptiae
512 1616 658 1657 virginis,
671 1626 767 1657 quam
782 1616 842 1648 du—

95 1666 147 1691 cet
163 1661 306 1692 Chaerea.
339 1660 381 1691 D.

140 1704 168 1733 8.
193 1705 256 1734 Hic
270 1714 338 1734 vero
352 1701 414 1743 est]
431 1702 550 1733 Utrum
566 1712 676 1738 senex,
693 1712 735 1733 an
747 1702 842 1733 Chae-

96 1755 152 1776 rea
184 1745 342 1786 (Indigna
371 1745 439 1776 haec
467 1751 543 1776 sunt
575 1745 714 1776 Donato.
756 1745 843 1776 Nam

96 1787 266 1819 manifeste
281 1788 322 1818 de
338 1787 473 1819 Chaerea
487 1794 538 1818 est
551 1786 698 1827 sermo)?
719 1788 777 1818 sed
792 1797 844 1818 se-

97 1841 162 1861 nex
176 1830 294 1871 potius.
326 1832 389 1862 Hic
404 1840 472 1861 vero
487 1829 548 1870 est]
573 1832 668 1861 Senex
682 1832 735 1870 qui
745 1842 757 1865 ,·
779 1830 843 1861 sci-

97 1873 174 1904 licet
188 1873 332 1904 Chaerea.
367 1874 518 1904 D.—-Hic
539 1883 607 1903 vero
628 1872 691 1912 est]
723 1872 844 1903 Sensus

98 1922 164 1947 est:
190 1917 253 1947 Hic
267 1917 438 1947 adolescens
452 1917 480 1946 εἰ
501 1926 604 1945 amare
626 1917 760 1955 coeperit,
767 1913 842 1954 fra-

98 1964 173 1989 trem
188 1958 255 1998 ejus
269 1960 445 1989 Phaedriam
467 1959 548 1989 dices
571 1959 674 1988 ludum
695 1963 727 1988 et
739 1957 845 1997 jocum

89 2000 199 2041 fuisse,
215 2001 276 2032 hoc
293 2007 352 2038 est,
368 2011 434 2032 non
450 2010 594 2036 amasse3
618 2000 663 2031 ita
682 1999 769 2031 enim
791 1999 844 2030 hic

97 2043 254 2075 insanivit
274 2044 309 2074 in
331 2054 449 2075 amore.
483 2043 622 2074 E.—-Ne
644 2041 686 2073 ad
709 2042 844 2079 hiatum,

97 2087 154 2127 qui
178 2087 315 2124 videtur,
341 2086 530 2123 tollendum,
552 2095 627 2116 cum
649 2085 721 2116 aliis
746 2085 846 2116 verba

97 2135 147 2160 nat
160 2132 232 2167 seio,
247 2135 360 2161 contra
376 2129 486 2166 libros,
502 2128 728 2169 interpolanda
750 2134 844 2169 pute-

97 2182 188 2208 mus;
219 2172 284 2204 duo
306 2171 462 2203 dimetros
484 2178 517 2202 et
539 2181 640 2202 unum
662 2170 846 2202 trimetrum

98 2220 205 2246 statuo
227 2215 290 2246 ita:
315 2216 378 2246 Hic
404 2225 473 2246 vero
494 2219 549 2250 est,
565 2216 618 2254 qui
639 2216 667 2244 εἰ
687 2215 845 2253 occeperit,

98 2258 219 2289 Lucium
223 2257 386 2298 jocumque
401 2255 593 2297 dicassuisse
608 2258 693 2287 illum
705 2257 844 2293 alterum,

98 2301 205 2332 Praeut
220 2301 311 2341 hujus
324 2302 427 2331 rabies
443 2311 510 2340 quae
532 2301 629 2330 dabit.
669 2299 734 2329 Pro
755 2300 845 2335 dicet,

98 2349 155 2374 aut
176 2345 267 2381 dices,
291 2343 376 2384 quod
398 2343 432 2374 in
454 2342 546 2374 codd.
563 2341 733 2384 reperitur,
757 2341 846 2382 leges

99 2385 219 2426 linguae
232 2385 398 2427 postulant
411 2387 506 2416 dicas.
538 2385 576 2415 B.

144 2429 174 2459 9.
198 2430 304 2459 Praeut
325 2429 416 2469 hujus
437 2430 539 2459 rabies
560 2438 627 2468 quae
648 2425 753 2467 dabit]
773 2427 846 2458 Prae

102 2469 199 2511 (lege,
231 2471 312 2508 Prae,
342 2477 372 2502 et
401 2473 650 2510 comparationem
683 2471 844 2510 significat.

103 2512 203 2543 Mox:
222 2524 289 2552 pra
310 2515 383 2550 illiae,
399 2519 434 2545 ut
455 2515 511 2544 illa
531 2512 628 2552 sunt),
652 2522 694 2543 ex
714 2522 845 2553 compa-

100 2554 227 2586 ratione
249 2555 419 2596 significat.
456 2556 547 2596 Ergo
568 2555 717 2597 proprie:
742 2561 775 2586 et
797 2560 847 2585 est

102 2598 229 2638 integra
249 2597 390 2634 locuti03
421 2604 455 2630 et
476 2599 555 2630 ordo
576 2604 635 2635 est,
659 2598 769 2629 Praeut
790 2597 847 2628 illa

102 2647 189 2677 sunt,
212 2650 284 2680 quae
304 2640 400 2680 hujus
422 2641 528 2672 rabies
551 2640 650 2672 dabit.
695 2641 741 2672 Et
763 2640 846 2671 bene

101 2684 200 2720 dabit,
221 2682 312 2723 quasi
329 2683 371 2714 de
386 2693 421 2715 re
437 2682 587 2715 violenta.
626 2682 681 2720 Ut,
697 2683 773 2714 AEn.
789 2682 847 2713 xii.

103 2727 177 2756 453.
215 2742 260 2748 —
295 2727 383 2756 dabit
419 2727 472 2756 ille
511 2728 631 2757 ruinam
667 2727 847 2757 Arboribus.

103 2770 211 2800 Praeut
236 2768 327 2808 hujus
351 2770 452 2799 rabies
481 2779 548 2808 qua
577 2766 681 2808 dabit]
712 2767 777 2799 Hic
807 2778 850 2799 ex

102 2818 195 2853 parte
210 2810 405 2846 characteris
420 2810 542 2841 inscius
557 2810 688 2850 quidem
705 2816 754 2841 est
774 2820 850 2852 per-

103 2864 191 2885 sonae
207 2853 358 2890 Chaereae,
371 2855 467 2894 quem
483 2852 622 2884 motibus
637 2852 768 2893 conjicit
783 2863 850 2884 ser-

103 2907 164 2928 vus
185 2896 402 2928 ardentiorem
425 2896 460 2926 in
484 2905 626 2927 amorem
650 2894 721 2926 fieri
744 2905 850 2937 posse,

104 2939 238 2970 simulac
254 2938 399 2981 coeperit.
438 2940 546 2970 Praeut
560 2938 651 2978 hujus
665 2939 765 2969 rabies
784 2949 850 2979 quae

106 2982 209 3022 dabit]
228 2983 272 3013 Et
288 2982 339 3013 hic
363 2981 553 3018 ostenditur,
566 2980 761 3022 jampridem
781 2991 849 3012 mo-

1027 782 1141 824 PAR.
1167 783 1288 830 Quid
1319 791 1366 826 tu
1396 800 1442 826 es
1473 786 1639 828 tristis?

892 941 960 966 tum
973 936 1007 966 in
1021 945 1073 967 res
1084 935 1249 967 Venereas
1262 937 1439 968 Chaeream.
1465 938 1510 969 Et
1521 949 1639 980 magna

888 984 995 1019 poetae
1018 988 1096 1009 cura
1119 985 1179 1016 est,
1202 989 1244 1010 ne
1267 979 1457 1011 incredibile
1478 980 1637 1020 videatur,

887 1020 1174 1057 adolescentulum,
1191 1021 1246 1061 qui
1267 1032 1326 1063 pro
1349 1023 1498 1054 eunucho
1520 1024 1638 1055 deduci

886 1062 1040 1103 potuerit,
1061 1069 1128 1094 tam
1151 1063 1302 1105 expedite
1319 1065 1478 1105 virginem
1494 1065 1636 1097 vitiasse.

889 1105 1050 1140 Quocirca
1064 1105 1181 1137 artifex
1194 1117 1350 1144 summus,
1366 1107 1451 1147 quod
1467 1108 1554 1139 aetati
1570 1119 1637 1140 non

886 1154 1004 1222 potest,
1022 1154 1146 1180 naturae
1167 1149 1315 1181 attribuit
1337 1150 1497 1181 Chaereae:
1522 1156 1560 1181 ut
1581 1161 1634 1182 ca-

899 1190 984 1222 idior
997 1190 1138 1232 ingenio,
1157 1198 1190 1222 et
1204 1199 1280 1223 ante
1295 1202 1398 1223 annos
1419 1198 1553 1230 amator,
1570 1204 1636 1224 non

886 1233 1055 1265 libidinem
1079 1233 1113 1265 in
1138 1245 1219 1272 sese,
1247 1235 1306 1266 sed
1328 1235 1490 1276 quandam
1512 1236 1637 1268 rabiem

887 1276 1106 1317 designaverit
1117 1277 1152 1308 in
1164 1277 1331 1309 Venereos
1343 1276 1517 1319 appetitus.
1550 1279 1638 1310 D.—

889 1317 998 1350 Praeut
1012 1319 1102 1359 hujus
1118 1319 1235 1360 rabies]
1253 1320 1354 1351 Prisc.
1371 1320 1425 1351 lib.
1443 1320 1508 1351 xiv.
1540 1321 1578 1352 L.

935 1363 982 1392 10.
1013 1364 1055 1392 Ut
1069 1362 1172 1402 illum]
1191 1363 1255 1393 Pro
1277 1362 1410 1394 utinam.
1448 1365 1494 1393 Di
1515 1365 1636 1404 deaque

887 1406 1003 1435 senium
1019 1404 1169 1445 perdant]
1190 1405 1268 1436 Plus
1290 1404 1374 1436 dixit
1394 1407 1519 1443 senium,
1539 1417 1635 1446 quam

888 1457 996 1477 senem.
1034 1447 1104 1477 Nec
1120 1447 1257 1484 mireris,
1274 1453 1348 1488 post
1362 1450 1486 1485 senium,
1502 1451 1556 1489 qui
1578 1449 1635 1480 ad-

888 1489 1011 1520 ditum:
1042 1489 1116 1520 ideo
1143 1490 1219 1530 quia
1242 1489 1492 1521 declinationem
1515 1492 1557 1523 ad
1582 1491 1634 1522 in-

889 1531 1053 1563 tellectum
1075 1531 1204 1568 retulit3
1233 1538 1269 1563 ut
1291 1532 1376 1569 alibi,
1402 1536 1434 1563 in
1456 1535 1637 1565 Eunuchum

886 1585 980 1611 suam,
1004 1580 1038 1605 et
1058 1585 1157 1611 senex,
1182 1575 1223 1605 ad
1244 1582 1374 1606 aetatem
1396 1575 1553 1612 refertum
1587 1588 1635 1607 se-

886 1619 980 1654 nium,
996 1617 1037 1648 ad
1057 1617 1257 1648 convicium:
1281 1617 1327 1648 sic
1351 1617 1498 1649 Lucilius
1519 1618 1575 1655 ait,
1591 1621 1637 1650 At

886 1662 1006 1700 quidem
1033 1664 1062 1690 te
1087 1662 1212 1697 senium,
1238 1665 1330 1700 atque
1359 1662 1471 1691 insulse
1500 1664 1636 1700 sophista

887 1702 1016 1742 (Dousa
1042 1701 1131 1743 legit,
1159 1704 1205 1733 At
1231 1708 1259 1734 te
1290 1704 1335 1733 Di
1363 1705 1487 1740 senium,
1516 1704 1634 1735 subau—

886 1745 979 1776 diens
1012 1747 1155 1785 perdant.
1206 1745 1271 1776 Sed
1308 1745 1501 1777 Franciscus
1528 1746 1633 1778 filius:

886 1789 931 1818 At
958 1789 1003 1818 Di
1033 1793 1062 1818 te
1090 1790 1231 1827 perdant,
1258 1790 1373 1818 senium
1403 1794 1493 1828 atque
1523 1791 1636 1821 insulse

884 1830 1000 1870 poeta).
1020 1832 1200 1862 Remoratus
1211 1829 1273 1870 est]
1289 1830 1318 1861 A
1331 1840 1459 1861 remora
1469 1830 1635 1872 pisciculo,

888 1870 941 1912 qui
959 1879 991 1903 et
1007 1872 1134 1912 ἐχενηῒς
1148 1879 1289 1909 vocatur,
1306 1875 1466 1903 remoratio
1485 1879 1518 1904 et
1539 1885 1635 1904 remo-

887 1920 975 1945 ratus
997 1914 1125 1946 dicitur.
1159 1915 1295 1946 D.-Ut
1320 1917 1405 1945 illum
1433 1917 1467 1946 di
1493 1915 1633 1956 deeque]

893 1957 957 1988 Hic
972 1957 1088 1998 incipit
1105 1957 1302 1998 conquestiO.
1335 1958 1543 1989 E.-Sem'um
1560 1970 1633 1998 per-

888 1998 981 2040 dant]
1006 1999 1045 2030 V.
1070 2000 1106 2030 C.
1130 2002 1236 2031 Senem
1257 2011 1355 2031 omnes
1374 2002 1516 2040 perdant.
1553 2001 1636 2032 1..-

889 2044 994 2073 Senem
1010 2042 1131 2073 habent
1145 2052 1256 2073 omnes
1272 2042 1384 2074 nostri.
1422 2045 1479 2074 Dii
1493 2045 1558 2075 dea
1572 2055 1634 2075 om-

888 2096 941 2115 nes
962 2085 1032 2115 cod.
1055 2085 1157 2116 Acad.
1182 2091 1215 2116 et
1235 2087 1288 2126 qui
1311 2087 1399 2117 hodie
1421 2097 1476 2123 me,
1501 2086 1634 2127 Regius.

890 2127 1037 2169 Repone,
1067 2129 1109 2158 Ut
1128 2128 1214 2158 illum
1237 2129 1282 2158 Da·
1304 2129 1379 2159 Deae
1402 2139 1501 2160 omnes
1521 2131 1636 2160 senium

886 2172 1030 2210 perdant,
1047 2173 1100 2210 qui
1114 2172 1201 2201 hodie
1215 2181 1260 2201 me
1275 2176 1442 2202 remoratus
1455 2173 1506 2202 sit.
1539 2172 1576 2202 B.

936 2214 985 2244 ll.
1013 2215 1088 2243 Tum
1105 2218 1215 2250 autem,
1232 2215 1285 2253 qui
1306 2214 1392 2244 illum
1406 2212 1635 2254 flocctficerim]

893 2257 969 2286 Tum
984 2261 1084 2286 autem
1098 2266 1167 2297 pro,
1182 2261 1221 2286 et.
1261 2256 1352 2286 Duas
1367 2255 1437 2286 vult
1451 2255 1539 2287 enim
1560 2267 1636 2288 cau·

890 2308 942 2329 sas
959 2308 1038 2335 esse,
1054 2308 1113 2329 cur
1128 2298 1271 2339 seipsum
1291 2298 1325 2328 di
1346 2297 1502 2339 perdant:
1527 2309 1636 2337 unam,

889 2340 975 2381 quod
1011 2340 1186 2371 restiterit:
1226 2340 1370 2378 alteram,
1402 2341 1489 2380 quod
1525 2351 1637 2373 senem

889 2382 1072 2425 perveritus
1086 2383 1143 2414 diu
1161 2383 1353 2415 remanserit
1374 2393 1393 2414 a
1415 2384 1639 2424 persequenda

890 2425 1025 2467 virgine.
1065 2426 1109 2457 Et
1125 2432 1202 2457 nota
1209 2425 1430 2466 floccifecerim,
1443 2433 1476 2457 et
1490 2432 1635 2458 contem-

890 2479 968 2500 nere
991 2475 1024 2500 et
1047 2478 1112 2499 non
1136 2475 1344 2500 contemnere
1367 2468 1569 2509 significare:
1601 2475 1639 2500 ut

890 2522 988 2549 nunc,
1004 2514 1057 2552 qui
1073 2513 1158 2542 illum
1166 2510 1389 2551 floccifecerim,
1405 2511 1498 2543 deest
1511 2513 1560 2543 vel
1568 2524 1578 2543 .-
1601 2518 1639 2543 ut

890 2554 942 2591 sit,
960 2554 1012 2585 vel
1028 2553 1260 2585 floccifecerim.
1293 2554 1335 2584 D.

937 2597 985 2628 12.
1013 2598 1096 2631 Quid
1125 2602 1158 2627 tu
1179 2608 1211 2628 es
1232 2599 1356 2627 tristis?
1386 2598 1494 2637 quidve
1515 2608 1547 2628 es
1568 2599 1636 2628 ala-

891 2642 952 2671 cris
962 2639 994 2680 ?]
1029 2638 1235 2670 Proverbiale
1248 2645 1307 2676 est,
1322 2639 1357 2670 in
1375 2638 1541 2670 hominem
1561 2649 1636 2682 per-

892 2683 1056 2713 turbatum
1072 2688 1106 2713 et
1120 2681 1236 2712 incerti
1251 2681 1369 2713 vultus.
1394 2682 1464 2713 Aut
1483 2682 1578 2714 loetus
1590 2692 1636 2720 ec.

893 2725 980 2756 Nam
1002 2727 1126 2762 alacris,
1144 2725 1171 2755 L
1193 2724 1289 2755 litera
1309 2735 1370 2766 pro
1393 2725 1425 2756 D
1440 2724 1556 2766 posita,
1571 2735 1638 2761 non

893 2767 1006 2805 tristis,
1024 2767 1057 2798 id
1073 2773 1123 2798 est
1136 2766 1269 2807 ἄδακρυς
1282 2766 1485 2808 intelligitur.
1522 2770 1638 2804 Quidve

895 2821 927 2841 es
941 2812 1055 2841 alacris
1065 2809 1098 2850 ?]
1124 2810 1168 2840 Et
1192 2811 1297 2840 alacer
1320 2816 1354 2841 et
1369 2812 1484 2842 alacris
1498 2809 1636 2842 dicitur:

895 2861 931 2884 ut
956 2853 1054 2883 habes
1081 2852 1167 2893 apud
1194 2852 1284 2893 Virg.
1304 2852 1379 2884 AEn.
1396 2863 1426 2884 v.
1450 2854 1523 2885 380.
1554 2855 1640 2894 Ergo

894 2897 1017 2932 alacris,
1034 2900 1211 2936 cunctosque
1228 2899 1342 2935 putam
1362 2897 1503 2927 excedere
1522 2899 1637 2936 palma.

897 2937 1013 2972 Quidve
1027 2949 1059 2968 es
1074 2939 1187 2968 alam-is
1197 2936 1231 2978 ?]
1254 2940 1412 2970 Alacritas
1434 2945 1484 2970 est
1503 2939 1639 2970 mutatio

895 2981 1040 3021 quaedam
1070 2980 1178 3011 vultus
1203 2980 1373 3022 gestientis
1399 2981 1434 3013 in
1461 2992 1552 3023 spem
1580 2981 1638 3013 ali-

1103 3031 1123 3053 Y
