1852 3216
101 154 241 184 semu
262 141 348 197 ιιι]

670 140 1017 184 fHECYRA.

1533 145 1618 187 527

102 237 142 267 10
156 230 246 273 Sed
266 246 349 273 non
370 231 554 274 minuam
583 245 723 274 meum
742 230 986 274 consilium:
1017 245 1074 273 ex
1093 245 1176 273 usu
1195 232 1313 287 quod
1333 240 1414 283 est,
1443 233 1490 275 id
1518 249 1620 290 per-

241 311 409 353 sequar.

154 361 298 404 Credo
317 377 369 404 ea
385 363 523 417 gratia
543 362 777 405 concordes
796 363 947 418 magis,
969 364 1005 403 si
1024 377 1110 404 non
1129 363 1345 414 reducam,
1365 362 1471 407 fore.

155 426 238 468 LA.
261 427 444 469 Nescias
461 444 471 469 z
503 443 649 470 verum
669 428 714 470 id
733 435 807 470 tua
825 429 958 472 refert
978 428 1096 480 nihil,
1118 437 1262 471 utrum
1282 429 1365 471 illae
1385 429 1580 482 fecerint,

152 491 342 540 Quando
362 492 455 535 haec
475 494 650 535 abierit:
682 493 831 535 odiosa
850 494 944 536 haec
964 502 1031 536 est
1049 502 1154 536 aetas
1175 495 1503 538 adolescentulis
1520 513 1531 538 ε

153 557 194 599 E
214 559 354 600 medio
375 575 542 615 aequom
562 560 774 602 excedere
794 567 885 602 est:
917 568 1135 616 postremo
1149 562 1239 616 jam
1259 576 1338 603 nos
1360 561 1517 604 fabulae

98 631 136 660 1⁵
153 623 325 674 Sumus,
350 624 589 680 Pamphile,
610 625 756 667 Senex
776 633 905 681 atque
925 641 1047 667 anus.

152 689 240 732 Sed
263 690 387 732 video
410 690 675 747 Phidippum
694 691 845 746 egredi
862 706 942 747 per
963 698 1157 747 tempus:
1189 692 1456 734 accedamus.

342 878 595 926 ACTUS
641 878 940 932 QUARTI
985 878 1237 928 SCENA
1281 880 1367 928 IV.

451 1003 716 1036 PHIDIPPUS.
750 1003 944 1035 LACHES.
979 1004 1261 1036 PAMPHILUS.

151 1084 257 1127 Tlm
279 1100 451 1142 quoque
470 1084 639 1142 aedepol
659 1100 752 1128 sum
770 1086 921 1137 iratus,
943 1085 1212 1137 Philumena,

91 1210 159 1239 den·
180 1210 276 1250 cupio,
298 1214 328 1240 et
348 1211 400 1240 οἰκ
424 1207 591 1250 contineor]
615 1208 661 1239 Vt
681 1208 832 1240 reducam

92 1251 222 1283 scilicet.
283 1252 375 1284 Adeo
410 1263 526 1294 magna
555 1262 652 1283 causa
681 1258 731 1283 est
766 1262 832 1283 non

92 1295 277 1332 reducendi,
306 1303 342 1327 ut
371 1306 445 1326 cum
475 1295 580 1332 velim,
610 1306 675 1326 non
699 1295 830 1336 possim.

94 1339 245 1370 D.—Pro
271 1342 404 1370 contineo
432 1338 581 1370 meliores
608 1338 683 1369 libri
712 1338 832 1369 babent

91 1385 252 1413 mtineor.
286 1383 321 1413 B.

139 1426 187 1456 10.
215 1427 275 1456 Sed
299 1437 356 1456 non
382 1427 512 1456 minuam
538 1436 633 1456 meum
657 1423 829 1465 consilium]

92 1468 195 1500 Caute
217 1468 304 1506 satis,
327 1468 511 1504 reducendi,
534 1468 648 1508 inquit,
671 1467 832 1509 cupiditas

92 1519 141 1543 est
155 1523 162 1542 ε
187 1522 251 1542 non
266 1511 441 1543 reducendi
455 1511 635 1542 consilium.
671 1513 712 1542 Id
725 1522 829 1550 perse-

91 1554 186 1595 quor]
213 1555 287 1586 Non
310 1566 428 1596 sequor,
453 1555 509 1586 sed
529 1566 695 1595 persequar
715 1554 771 1591 ait,
795 1561 833 1585 ut

93 1599 306 1629 constantiam
333 1598 576 1630 demonstraret.
615 1598 752 1629 D.—-Eae
776 1609 832 1629 usu

90 1643 170 1682 qnod
183 1647 238 1678 est,
253 1643 288 1672 id
297 1641 478 1682 persequor]
489 1641 627 1672 Coactus
643 1640 832 1683 Pamphilus

90 1694 220 1716 causam
241 1685 359 1722 dicere,
379 1695 437 1716 cur
458 1685 557 1715 nollet
578 1695 713 1716 uxorem
734 1684 830 1715 redu·

91 1737 174 1765 cere,
199 1735 328 1760 revocat
347 1728 453 1765 verba,
476 1738 517 1759 ne
540 1727 599 1768 (nt,
622 1728 684 1765 vel,
706 1739 756 1765 an,
778 1727 830 1759 vel

90 1776 191 1802 utrum
208 1771 263 1811 Z.)
279 1771 391 1814 possit,
407 1771 492 1812 quod
507 1778 637 1812 rogatus
652 1778 710 1808 est,
726 1770 829 1802 conti·

91 1824 227 1845 cescere.
280 1816 331 1846 Es
357 1826 422 1851 usu,
452 1814 487 1845 id
516 1821 575 1851 est,
605 1825 647 1845 ex
680 1814 829 1845 utilitate.

93 1857 220 1889 Deinde
235 1857 329 1899 fingit
340 1868 479 1895 causam,
495 1857 568 1888 ideo
583 1868 618 1888 se
634 1857 719 1888 nolle
733 1857 828 1888 redu·

91 1911 174 1938 cere,
191 1907 227 1932 ut
242 1901 287 1932 ita
297 1901 471 1932 concordes
486 1901 596 1932 ambas
610 1900 715 1932 faciat.
747 1901 786 1931 E.

138 1945 185 1975 11.
218 1945 314 1975 Credo
344 1956 380 1976 eo
401 1947 507 1985 grafia
533 1946 689 1975 concordes
715 1943 829 1985 magis]

91 1987 295 2020 Sententiose
325 1987 417 2024 dixit,
448 1994 525 2018 tunc
554 1997 649 2029 posse
680 1987 766 2018 inter
795 1997 830 2019 se

90 2041 267 2072 congruere
287 2037 321 2062 et
341 2030 535 2062 concordare
556 2030 717 2067 mulieres,
731 2041 830 2071 quum

90 2081 124 2105 et
145 2073 201 2105 illa
216 2084 286 2106 esse
301 2074 434 2106 desierit
455 2084 574 2111 socrus,
590 2081 624 2105 et
638 2073 694 2105 illa
708 2084 826 2105 nurus:

89 2117 158 2148 haec
181 2117 267 2149 enim
292 2117 376 2149 inter
397 2117 469 2148 illas
490 2124 539 2148 est
560 2117 730 2148 dissidiosa
751 2128 828 2148 con-

84 2160 221 2201 junctio.
257 2161 302 2192 Et
315 2160 392 2192 satis
408 2160 573 2202 ingeniose
589 2160 729 2196 dictum3
753 2160 829 2191 tolle

90 2204 177 2235 enim
213 2204 299 2235 inter
329 2204 481 2235 mulieres
517 2203 766 2246 proximitatem,
797 2210 830 2235 et

89 2246 179 2278 nulla
192 2258 288 2278 causa
299 2247 467 2278 discordiae
482 2255 540 2278 est.
585 2249 749 2278 Concordes
763 2259 827 2278 ma-

86 2290 156 2332 gis]
180 2291 256 2322 Non
271 2290 374 2332 magis
388 2290 572 2328 concordes,
595 2300 705 2321 verum
723 2290 829 2330 (Nunc

89 2335 194 2375 Magis
208 2336 365 2366 concordes
379 2340 479 2365 utrum
495 2334 548 2373 Z.)
565 2344 625 2375 pro
639 2333 747 2364 minus
761 2333 827 2365 dis-

89 2377 239 2408 cordibus
253 2377 346 2414 dixit,
361 2388 403 2408 an
419 2384 456 2408 ut
477 2377 613 2408 serviret
633 2376 827 2408 sententiae?

90 2419 226 2451 D.—Ut
247 2420 357 2452 sensui
381 2427 414 2452 ct
437 2419 554 2458 versui,
580 2420 635 2461 qui
659 2430 678 2451 e
703 2420 829 2452 ratione

90 2462 215 2504 vulgari
237 2464 325 2503 justo
347 2463 474 2504 longior
495 2470 553 2502 est,
575 2463 733 2500 consulas,
756 2463 828 2494 dele

89 2517 171 2541 non,-
205 2505 286 2537 adeo
309 2512 346 2537 ut
369 2507 449 2539 illud
471 2509 569 2544 credo,
594 2517 654 2548 per
680 2506 827 2545 ironiam,

90 2548 251 2590 significet
259 2550 329 2580 Non
337 2551 434 2581 credo.
457 2550 541 2581 Tum
550 2560 592 2581 ex
602 2550 715 2582 Bemb.
724 2550 827 2581 scribe

88 2594 240 2623 reducem.
272 2591 309 2623 B.

136 2637 183 2666 12.
207 2634 354 2676 Nesciat]
378 2635 496 2667 Utrum
517 2635 691 2667 concordes
711 2635 827 2667 futurae

89 2678 164 2714 sint,
190 2688 231 2708 an
253 2677 424 2710 discordes.
474 2681 583 2710 Verum
604 2681 639 2710 id
659 2685 713 2710 tuo
734 2678 827 2720 refert

88 2720 183 2762 nihil]
199 2721 272 2752 Hoc
283 2722 416 2752 verbum
431 2732 473 2753 ex
484 2722 592 2763 aliqua
606 2728 697 2764 parte
708 2722 823 2753 confir-

87 2764 207 2796 mantis
229 2771 278 2795 est
294 2771 327 2795 et
347 2764 588 2796 consentientis.
637 2767 745 2796 Utrum
765 2766 827 2796 illa

79 2806 231 2848 fecerint]
263 2807 380 2838 Utrum
412 2807 652 2839 consentientes
680 2807 754 2845 sint,
785 2817 827 2839 an

87 2850 325 2883 dissentientes
376 2849 501 2892 Utrum]
522 2850 632 2882 Unum
648 2850 689 2882 de
703 2851 827 2882 duobus

87 2894 258 2936 significat.
305 2894 543 2925 D.—Nescias.·
577 2905 677 2925 verm
707 2896 742 2924 id
774 2899 828 2925 tna

86 2937 182 2979 refert
196 2939 283 2975 nihil,
297 2943 398 2969 utrum
419 2939 481 2968 511ae
493 2935 645 2978 ficet-int]
662 2936 750 2973 Quid
762 2936 827 2969 illae

53 3009 58 3013 ,
88 2980 214 3022 egerint
227 2980 314 3013 inter
328 2991 373 3019 se,
388 2991 502 3013 curare
517 2991 583 3013 non
594 2980 701 3013 debes.
747 2980 826 3012 Per·

875 1214 1001 1239 severat
1027 1207 1062 1239 in
1088 1208 1258 1246 sententia,
1282 1219 1503 1251 persuasurus,
1531 1213 1616 1253 quod

875 1251 1133 1283 adolescentibus
1151 1252 1261 1283 odiosa
1283 1259 1333 1284 est
1353 1263 1482 1296 semper
1503 1265 1614 1287 senec-

875 1295 1207 1369 “ssfsffflbe
1231 1295 1616 1384 1ffl⁰23222522fflffi121gt

873 1381 915 1412 ad
930 1381 1048 1422 Georg.
1071 1380 1117 1412 iii.
1138 1382 1207 1412 105.
1251 1383 1312 1413 Hae
1327 1394 1440 1424 quoque
1462 1396 1520 1416 non
1540 1397 1616 1417 cura

873 1426 958 1455 nobis
983 1426 1089 1455 leviore
1119 1427 1262 1456 tenendae.
1307 1427 1437 1467 Legitur
1461 1432 1493 1458 et
1517 1429 1615 1460 Haec:

874 1479 942 1498 nom
957 1469 1106 1498 ueteribus
1120 1479 1181 1499 mos
1191 1467 1270 1508 snit,
1285 1475 1320 1500 ut
1334 1475 1443 1501 neutra
1454 1469 1616 1510 seminini:

865 1511 1079 1551 jungerentur.
1123 1512 1208 1542 Unde
1222 1513 1380 1543 Terentius
1391 1526 1402 1544 .·
1427 1515 1494 1544 Tua
1506 1516 1552 1545 nil
1564 1526 1614 1547 re-

865 1552 943 1594 sert,
960 1559 1061 1584 uerum
1076 1553 1299 1595 illaecsecen‘nt
1310 1569 1320 1587 .·
1342 1561 1373 1587 ee
1388 1558 1420 1587 in
1435 1558 1514 1588 Eun.
1532 1558 1615 1590 Haec

874 1598 1034 1633 adornant,
1050 1602 1084 1628 ut
1099 1599 1207 1629 haene.
1236 1598 1274 1629 B.

921 1642 968 1671 13.
995 1642 1106 1672 Odiosa
1126 1642 1190 1672 haec
1204 1647 1250 1673 est
1270 1647 1347 1674 aetas
1367 1644 1613 1687 adolescentulis]

875 1683 980 1725 Supra
996 1683 1032 1715 in
1053 1694 1224 1725 personam
1238 1695 1349 1716 socrus
1363 1686 1491 1728 culpam
1513 1687 1615 1720 iratus

872 1726 1051 1758 contulerat
1065 1727 1251 1759 discordiae:
1275 1739 1361 1760 nunc
1377 1735 1409 1760 et
1428 1730 1522 1762 uxori
1543 1731 1614 1773 pla-

873 1777 973 1808 catus,
989 1777 1023 1801 et
1043 1770 1139 1802 nurui
1159 1781 1304 1812 parcens,
1320 1772 1466 1804 odiorum
1484 1783 1614 1806 causam

873 1823 893 1844 a
913 1813 1061 1855 personis
1083 1813 1246 1845 transtulit
1267 1815 1309 1845 ad
1329 1822 1460 1847 aetates:
1489 1818 1547 1849 sed
1567 1818 1615 1850 ita

874 1863 992 1894 tamen,
1005 1863 1041 1888 ut
1052 1857 1155 1898 magis
1164 1857 1310 1898 juniores
1322 1865 1496 1897 accusaret,
1509 1860 1539 1891 ei
1551 1860 1613 1902 (et)

873 1900 914 1931 de
931 1899 1187 1931 adolescentibus
1202 1907 1342 1941 questus,
1365 1912 1463 1943 quum
1479 1902 1613 1936 misera-

874 1949 927 1974 tur
954 1942 1100 1983 (questus,
1132 1946 1389 1976 comni-terantur
1419 1944 1474 1987 Z.)
1507 1957 1612 1979 senes.

876 1988 988 2018 Odiosa
1009 1989 1071 2017 haec
1093 1991 1140 2017 est
1159 1986 1253 2028 atas]
1281 1989 1368 2025 Haec,
1390 1998 1463 2020 cum
1488 1990 1614 2031 gemitu

872 2029 1149 2071 pronunciandum
1162 2036 1220 2061 est.
1252 2030 1404 2063 D.—Pro
1418 2032 1543 2074 vulgari
1557 2034 1612 2065 ab·

871 2075 953 2110 ierit,
975 2072 1083 2104 versui
1104 2073 1373 2106 accommodatius
1397 2074 1509 2108 Bemb.
1533 2076 1615 2118 legit

872 2117 982 2148 aberit.
1015 2116 1052 2147 B.

918 2160 966 2190 14.
983 2161 1013 2190 E
1027 2161 1123 2191 medio
1136 2171 1253 2201 equum
1266 2165 1313 2192 est
1322 2160 1482 2203 excedere]
1493 2161 1612 2196 Utrum

872 2212 914 2234 ex
929 2203 1008 2234 urbe
1021 2213 1097 2234 rus:
1120 2213 1162 2234 an
1178 2213 1220 2234 ex
1234 2203 1300 2234 vita
1314 2203 1349 2235 in
1364 2206 1526 2236 mortem?
1567 2206 1614 2239 Et

871 2245 950 2277 satis
986 2246 1159 2277 moraliter.
1215 2246 1301 2278 Nam
1334 2247 1368 2278 in
1402 2250 1498 2279 medio
1528 2255 1612 2282 nm

871 2289 990 2320 dicitur
1021 2299 1239 2331 supervacuus
1265 2289 1317 2321 vel
1346 2290 1510 2323 molestus.
1566 2293 1613 2325 Et

870 2343 944 2363 cum
981 2332 1145 2364 stomacho
1174 2332 1258 2364 dixit
1287 2333 1391 2365 senili.
1439 2335 1612 2368 D.—Cum

871 2375 1002 2418 optimis
1013 2375 1105 2407 libris
1118 2375 1249 2414 colloca,
1264 2378 1418 2408 Postremo
1431 2389 1484 2409 nos
1495 2378 1567 2419 jan
1577 2378 1610 2420 j:

871 2420 980 2460 Atque
993 2429 1052 2462 pro
1057 2418 1177 2460 sabula
1192 2419 1253 2461 leg.
1260 2418 1384 2460 sabula,
1398 2420 1446 2451 uti
1463 2421 1612 2454 Donatum

870 2461 1000 2494 videtur
1020 2462 1146 2502 legisse,
1163 2469 1196 2494 et
1217 2462 1279 2494 viri
1294 2463 1380 2494 docti
1395 2463 1518 2496 dudum
1538 2475 1608 2497 mo-

870 2512 1020 2537 nuerunt.
1055 2506 1091 2537 B.

916 2550 964 2580 15.
981 2551 1077 2580 Sene:
1088 2555 1179 2590 atque
1189 2548 1282 2590 anus]
1301 2549 1382 2581 Haec
1394 2549 1458 2582 duo
1469 2551 1610 2591 nomina,

869 2600 906 2633 ut
927 2592 1032 2634 posita
1053 2600 1138 2630 sunt,
1161 2599 1258 2635 caput
1278 2592 1423 2624 indicant
1444 2600 1477 2625 et
1497 2593 1609 2638 incep-

869 2636 990 2667 tionem
1018 2635 1200 2676 hujusmodi
1231 2635 1419 2667 fabularum.
1462 2638 1534 2669 Jan
1556 2650 1611 2671 noe

860 2677 981 2719 sabuloe
995 2690 1105 2715 sumu,
1128 2681 1224 2710 Senex
1238 2684 1327 2720 oeque
1342 2678 1436 2721 onus]
1460 2680 1610 2714 honun-

869 2722 920 2752 cia
932 2723 1027 2753 Senex
1037 2727 1127 2762 atque
1136 2733 1222 2758 onus,
1234 2721 1322 2762 quasi
1333 2722 1462 2755 initium
1472 2723 1607 2758 fabula:

868 2766 915 2805 τῷ
926 2764 1091 2804 ἶδιυτισμῷ
1105 2764 1259 2802 additum,
1276 2767 1442 2806 Pamphile.
1477 2767 1521 2799 D.

915 2809 942 2839 l.
973 2809 1044 2838 Tibi
1065 2819 1178 2848 quoque
1200 2807 1331 2850 edepol]
1362 2809 1401 2840 lu
1424 2809 1485 2842 hac
1508 2821 1606 2844 neena

870 2850 1001 2882 ultimus
1022 2861 1112 2882 error
1141 2857 1199 2888 est,
1238 2851 1364 2883 vicinus
1392 2856 1606 2896 καταστροφῇ.

873 2895 944 2925 Tibi
957 2905 1070 2935 quoqne
1090 2896 1206 2935 aedepot
1223 2906 1288 2926 un
1308 2893 1425 2938 ham]
1439 2896 1541 2933 Quasi
1555 2898 1606 2929 di-

869 2943 930 2975 cat,
955 2936 1031 2968 Non
1055 2937 1160 2968 solum
1182 2937 1278 2970 matri
1304 2944 1377 2977 tue,
1400 2946 1457 2972 ant
1479 2939 1529 2983 (ot
1550 2941 1587 2973 L.

869 2979 967 3013 etiam
993 2980 1099 3014 socrui
1126 2987 1198 3013 tuse.
1246 2983 1318 3014 Tibi
1338 2988 1459 3025 qnoque
1473 2941 1607 3029 aedepd}
