1852 3216
624 128 707 167 DE
742 126 1068 167 THEATRO.
1549 129 1607 168 lix

92 226 292 271 columnis,
325 224 488 276 fastigiis
517 232 557 263 et
585 225 716 277 signis,
749 224 985 286 reliquisque
1022 223 1217 275 regalibus
1252 225 1382 263 rebus.
1442 225 1609 264 Comicoe

90 289 218 319 autem
245 278 502 319 aedificiorum
523 279 763 330 privatorum
789 288 829 317 et
855 280 1117 316 menianorum
1144 278 1287 316 habent
1315 278 1497 329 speciem,
1515 293 1607 330 pro-

91 344 321 386 spectusque
345 330 522 371 fenestris
541 332 761 384 dispositos,
786 332 835 371 ad
862 332 1114 370 imitationem
1134 331 1393 370 communium
1421 332 1608 371 aedificio-

90 401 187 426 rum.
228 387 419 438 Satyricae
436 399 529 424 vero
547 396 729 426 ornantur
747 386 963 430 arboribus,
984 385 1189 447 speluncis,
1204 385 1412 431 montibus,
1429 385 1606 435 reliquis-

89 454 164 492 que
195 441 412 491 agrestibus
442 441 570 486 rebus,
602 441 642 478 in
671 441 822 492 topiarii
854 440 982 491 operis
1014 440 1182 491 speciem
1214 439 1452 478 deformatis.
1509 439 1606 478 Post

90 508 240 533 scenam
260 495 428 546 porticus
448 503 555 532 erant
578 503 823 538 constructae,
852 508 929 544 quo
958 507 1077 545 quum
1104 494 1247 532 imbres
1275 493 1466 544 repentini
1492 492 1607 531 ludos

87 547 433 600 interpellaveram,
453 557 602 586 actores
621 562 662 586 se
682 548 915 599 recipiebant
931 561 982 585 ex
1000 547 1163 599 pulpito,
1187 555 1254 585 aut
1280 547 1319 584 in
1347 547 1488 597 quibus
1516 560 1604 585 ves-

88 602 184 640 tium
203 602 533 647 commutationes,
550 611 589 640 et
607 616 860 654 personarum
877 601 1100 640 indumenta
1118 601 1435 639 adservabantur.
1474 599 1605 652 Ipsam

87 664 215 694 autem
234 669 484 707 personarum
498 657 882 707 repraesentationem
902 656 940 693 in
960 669 1086 701 scena,
1105 663 1222 706 atque
1241 654 1339 693 adeo
1357 654 1606 706 compositio-

87 723 176 748 nem
198 709 413 755 comoediae,
435 709 564 748 Graeci
583 709 716 747 drama
735 718 934 748 vocarunt.
972 709 1050 747 Sed
1066 717 1105 747 et
1123 723 1277 747 scenam
1297 717 1437 747 vocant
1455 708 1605 754 comici,

86 763 267 815 quicquid
286 763 375 801 duae
392 771 460 801 aut
478 772 555 801 tres
575 777 751 815 personae
771 763 959 802 sermonis
972 763 1114 814 integri
1131 771 1172 801 et
1190 762 1358 802 absoluti
1376 762 1604 813 colloquun-

86 826 160 864 tur,
181 817 334 868 illicque
354 817 438 855 finit
456 831 581 862 scena,
602 818 669 856 ubi
687 827 754 855 aut
775 817 903 868 aliqua
928 831 1091 868 persona
1118 816 1407 868 introgreditur,
1435 826 1504 855 aut
1530 816 1607 855 alia

85 871 136 910 ad
163 871 302 916 forum,
334 881 400 909 aut
431 871 522 909 alibi
554 871 602 909 ad
634 872 799 910 vicinam
832 872 964 909 currit.
1019 870 1141 909 Actus
1168 880 1298 908 autem
1319 870 1449 922 plures
1469 884 1604 909 scenas

87 924 446 976 comprehendebat.
504 925 653 976 Estque
681 925 719 963 in
747 925 938 963 comoedia
954 939 1044 976 pars
1063 924 1348 975 quodammodo
1368 924 1547 963 absoluta
1565 931 1606 963 et

86 979 247 1030 integra,
266 979 436 1017 nondum
454 986 581 1017 tamen
601 993 683 1017 rem
702 992 855 1017 omnem
875 978 1009 1016 finiens
1027 993 1036 1015 :
1065 978 1132 1016 sed
1152 978 1206 1016 ita
1224 978 1462 1016 dimidiatam
1486 977 1605 1016 relin-

86 1046 219 1084 quens,
249 1042 291 1070 ut
318 1033 509 1084 respirent
536 1041 783 1084 spectatores,
813 1042 853 1070 et
879 1032 1029 1070 facilius
1057 1041 1328 1077 commutetur,
1358 1032 1542 1082 quicquid
1566 1033 1606 1070 in

84 1086 240 1137 reliquis
259 1087 461 1125 comoediae
478 1087 653 1137 partibus
676 1095 874 1138 superest:
904 1086 944 1124 id
963 1095 1092 1124 autern
1117 1091 1223 1123 actus
1250 1092 1473 1124 commuta-re
1498 1085 1605 1124 dice-

85 1142 190 1179 bant.
238 1140 391 1179 Interea
418 1141 525 1178 mimi
552 1140 713 1179 dicteria
740 1149 779 1179 et
806 1140 981 1178 diverbia
1008 1140 1238 1184 referebant,
1267 1140 1606 1191 recitabanturque

85 1195 215 1232 nescio
243 1208 331 1245 quae
354 1194 541 1246 jucunda,
571 1209 658 1245 quae
686 1194 873 1246 populum
900 1194 975 1232 alia
1001 1194 1259 1232 oblectatione
1291 1193 1503 1232 afficerent.
1559 1194 1607 1232 In

86 1248 276 1286 comoedia
291 1262 383 1286 vero
401 1248 532 1300 plures
551 1258 660 1286 erant
678 1248 900 1300 hujusmodi
919 1257 1039 1292 actus,
1055 1247 1267 1286 secundum
1287 1249 1341 1286 rei
1362 1248 1605 1299 gravitatem,

84 1311 152 1340 aut
169 1302 371 1340 rationem.
414 1302 702 1340 Comoediarum
721 1312 849 1340 autem
869 1303 1044 1340 recitatio
1063 1303 1101 1340 in
1120 1316 1246 1347 scena,
1262 1302 1361 1340 actio
1380 1302 1606 1340 dicebatur:

85 1355 187 1393 unde
208 1356 322 1394 etiam
342 1356 407 1406 qui
426 1357 591 1407 agebant
610 1365 649 1394 et
667 1356 817 1394 fabulas
836 1356 1158 1407 pronunciabant,
1177 1362 1322 1394 actores
1340 1355 1446 1393 dicti.
1488 1356 1607 1394 Actio

85 1423 239 1460 quoque
257 1409 307 1447 ad
324 1410 505 1448 orationis
524 1410 880 1461 pronunciationem
899 1410 1152 1456 transfertur;
1182 1419 1227 1448 ut
1244 1410 1360 1448 etiarn
1379 1410 1463 1461 ipsa
1481 1410 1605 1448 oratio

83 1463 249 1502 rhetoris
269 1463 330 1502 vel
350 1464 493 1515 scripta
511 1463 573 1502 vel
591 1465 844 1515 pronunciata
860 1465 960 1502 actio
980 1464 1142 1502 dicatur.

461 1549 734 1591 Scenieorum
754 1548 961 1591 Actorum
981 1549 1225 1591 diversitas.

135 1616 183 1655 In
210 1631 364 1656 scenam
395 1631 472 1656 non
496 1617 621 1656 solum
652 1617 931 1656 comoediarum
958 1626 1026 1656 aut
1055 1617 1331 1669 tragoediarum
1358 1624 1503 1656 actores
1520 1617 1606 1669 (qui

84 1670 250 1722 tragoedi
277 1680 317 1709 et
344 1671 510 1710 comoedi
537 1671 783 1721 dicebantur)
802 1671 1011 1723 prodibant
1039 1671 1077 1710 in
1105 1671 1382 1723 spectaculum,
1402 1672 1471 1710 sed
1489 1673 1607 1710 etiam

80 1725 201 1769 mimi,
230 1725 466 1776 pantomimi,
494 1725 721 1771 archimimi,
747 1725 930 1777 ethologi,
956 1726 1151 1776 ethopoei:
1183 1739 1316 1764 omnes
1343 1739 1421 1763 uno
1448 1727 1604 1765 nomine

82 1777 290 1829 hypocritae
309 1779 367 1828 (id
386 1788 457 1823 est,
478 1778 613 1817 alienae
639 1791 816 1830 personae
844 1779 1107 1827 simulatores)
1126 1779 1241 1818 dicti:
1271 1788 1311 1817 et
1330 1793 1463 1818 eorum
1491 1781 1606 1826 actio,

82 1831 302 1884 hypocrisis,
321 1832 361 1870 id
388 1841 459 1878 est,
478 1832 613 1871 alienae
640 1845 817 1884 personae
846 1833 1052 1876 simulatio,
1082 1833 1230 1871 Latinis
1258 1833 1465 1879 histriones,
1486 1833 1606 1872 ludio-

82 1899 225 1938 nesque,
256 1894 324 1924 aut
360 1887 474 1924 etiam
514 1886 605 1924 ludii
641 1887 833 1925 dicuntur.
889 1886 1002 1924 Mirm·
1038 1887 1250 1925 imitatores
1286 1896 1374 1925 sunt
1410 1897 1604 1938 gestuum,

81 1953 233 1984 vocum,
252 1948 318 1978 aut
344 1953 547 1991 gressuum
574 1940 736 1992 alicujus
755 1953 930 1991 personae
957 1941 1058 1978 inter
1086 1940 1205 1978 alias:
1235 1941 1346 1992 cujus
1371 1941 1534 1980 ridicula
1554 1943 1606 1980 sit

81 2007 172 2038 vox,
190 2002 257 2031 aut
283 1993 388 2032 aliud
416 1994 627 2045 quidpiam.
683 1994 907 2032 Pantomimi
925 1995 1096 2032 omnium
1119 2007 1372 2045 personarum
1391 1995 1606 2034 imitatores

81 2056 171 2085 sunt
189 2047 480 2098 effictoresque:
510 2057 554 2086 ut
573 2057 612 2086 et
635 2048 828 2093 mulieres,
847 2057 887 2086 et
912 2062 1033 2092 senes,
1054 2057 1093 2086 et
1113 2049 1291 2099 juvenes,
1311 2062 1356 2087 ac
1381 2049 1603 2099 cujuscum-

81 2114 156 2152 que
183 2102 309 2139 aetatis
337 2115 521 2153 personas
540 2102 780 2153 confingant;
811 2102 926 2139 etiam
954 2102 1008 2140 ita
1027 2116 1078 2140 ex
1105 2103 1278 2153 gestibus
1302 2102 1539 2148 describunt,
1559 2113 1605 2142 ut

82 2154 123 2192 id
148 2155 253 2206 quod
280 2156 386 2193 aiunt
413 2156 545 2194 videre
568 2156 742 2194 videare.
810 2155 1048 2207 Hujusmodi
1078 2165 1169 2194 sunt
1198 2170 1295 2207 quos
1325 2156 1414 2194 Itali
1443 2156 1607 2208 buffones

82 2207 198 2260 vulgo
228 2218 380 2247 vocant.
435 2209 656 2248 Archimimi
685 2210 877 2261 principes
909 2218 999 2247 sunt
1032 2210 1274 2255 histrionum,
1305 2211 1378 2248 hoc
1410 2220 1482 2256 est,
1502 2212 1604 2250 inter

80 2261 284 2301 histriones
309 2263 548 2302 solertissimi
566 2272 605 2302 et
624 2264 951 2302 excellentissimi.
1007 2262 1191 2316 Ethologi
1209 2264 1328 2309 mimi,
1347 2272 1414 2302 aut
1432 2265 1603 2316 ethopoei,

80 2328 231 2355 morum
266 2325 355 2355 sunt
390 2317 595 2363 effictores,
631 2318 919 2368 affectuumque
956 2317 1234 2368 cujuscumque
1275 2331 1452 2370 personae
1488 2332 1605 2370 quam

81 2370 281 2416 sustinent,
301 2380 367 2409 aut
386 2385 500 2421 quam
518 2380 638 2423 agunt
657 2380 697 2410 et
715 2372 921 2410 referunt
910 2385 949 2409 in
968 2385 1095 2416 scena,
1116 2372 1217 2409 unde
1233 2372 1429 2423 ethopoeia,
1449 2386 1603 2411 morum

81 2400 293 2463 alienorum
329 2425 517 2463 imitatio·
554 2434 594 2464 et
626 2426 736 2463 ethici
770 2426 941 2477 pictores
978 2439 1022 2463 ac
1059 2425 1235 2464 statuarii
1272 2426 1377 2470 dicti,
1411 2426 1478 2477 qui
1514 2441 1604 2465 suas

81 2476 264 2529 imagines
282 2479 335 2517 ita
350 2479 578 2530 depingunt,
598 2488 665 2518 aut
684 2480 831 2524 caelant,
848 2488 891 2518 ut
910 2480 1087 2518 sensibus
1106 2481 1300 2531 expressis
1323 2480 1604 2531 propemodum

83 2532 242 2581 spirent.
305 2532 508 2584 Tbymelici
539 2534 639 2571 inter
669 2535 840 2572 scenicos
869 2543 1018 2572 actores
1051 2543 1153 2578 sunt,
1188 2534 1261 2572 hoc
1289 2543 1361 2578 est,
1386 2534 1603 2581 citharoedi,

83 2585 300 2631 citharistae,
337 2586 495 2637 lyristae,
533 2588 723 2626 tibicines.
784 2587 1009 2632 Citharoedi,
1040 2588 1107 2638 qui
1136 2595 1175 2625 et
1203 2587 1378 2625 fidicines
1405 2587 1600 2635 dicuntur,

85 2638 243 2678 citharae
279 2641 514 2679 accinebant.
587 2641 821 2686 Citharistae,
860 2642 1046 2679 citharam
1085 2650 1232 2679 tantum
1269 2641 1488 2692 pulsabant,
1524 2657 1603 2682 non

82 2701 211 2730 autem
240 2693 474 2732 accinebant.
531 2694 769 2756 Hujusmodi
798 2695 995 2746 thymelici
1014 2709 1083 2746 per
1102 2695 1339 2733 orchestram
1365 2698 1604 2746 praestabant

83 2746 251 2784 actiones
277 2760 378 2785 suas.
433 2747 544 2786 Ludii
572 2750 653 2787 sive
682 2749 844 2787 ludiones
871 2749 970 2799 (ut
955 2763 1036 2800 Jam
1065 2749 1211 2786 dictum
1239 2750 1316 2795 est)
1343 2749 1371 2787 ii
1397 2759 1507 2788 erant
1534 2751 1603 2802 qui

84 2800 312 2838 comoediam
342 2801 567 2840 recitabant.
625 2803 672 2841 In
694 2817 740 2841 ea
767 2803 867 2841 enim
897 2803 1095 2841 recitanda
1121 2802 1262 2840 mirum
1281 2802 1355 2841 fuit
1381 2804 1600 2843 artificium.

83 2851 184 2891 Nam
212 2855 360 2892 cantica
388 2857 699 2906 temperabantur
724 2857 863 2902 modis,
890 2870 968 2894 non
1000 2870 1023 2894 a
1050 2865 1178 2907 poeta,
1206 2856 1277 2894 sed
1303 2870 1326 2895 a
1351 2858 1478 2908 perito
1505 2859 1601 2897 artis

83 2908 239 2946 musicae
259 2908 397 2946 factis.
424 2922 549 2959 neque
576 2910 678 2948 enim
695 2911 824 2949 omnia
850 2910 986 2948 iisdem
1013 2909 1138 2948 modis
1165 2910 1205 2948 in
1231 2924 1308 2949 uno
1335 2912 1485 2950 cantico
1510 2925 1604 2962 age-

83 2959 232 3008 bantur,
248 2961 317 3000 sed
338 2976 441 3014 saepe
459 2963 641 3002 mutatis:
669 2972 713 3003 ut
726 2964 958 3016 significant,
973 2964 1038 3015 qui
1055 2972 1134 3002 tres
1151 2978 1333 3004 numeros
1347 2965 1388 3004 in
1401 2964 1607 3004 comoediis
