1852 3216
92 164 237 194 semu
259 151 310 207 1.]

688 152 997 196 ANDRIA.

1575 156 1633 197 49

142 240 301 292 Video,
323 243 447 297 cujus
466 241 644 284 consilio
665 242 801 285 fretus
823 257 931 284 sum.
966 242 1053 285 Cu.
1070 242 1133 305 At
1150 249 1197 285 tu
1210 242 1356 285 hercle
1375 242 1493 285 haud
1510 245 1633 299 quic-

227 321 356 360 quam
378 306 479 348 mihi
498 324 508 357 3

141 369 239 412 Nisi
251 385 318 420 ea,
333 386 431 426 quae
446 371 551 413 nihil
567 387 677 427 opus
692 380 792 414 sunt
809 373 942 415 scire:
975 372 1108 427 fugin'
1124 373 1255 415 hinc?
1288 373 1375 415 ΒΥ.
1394 373 1494 428 Ego
1512 389 1628 418 vero,

226 450 276 477 ac
297 435 465 478 lubens.

319 631 575 690 ACTUS
622 632 976 681 SECUNDI
1024 634 1279 683 SCENA
1323 636 1396 683 ΙΙ.

450 767 619 799 DAVUS.
669 768 925 800 CHARINUS.
974 769 1258 803 PAMPHILUS.

140 848 203 890 D1
228 862 349 899 nom,
370 849 473 890 boni
495 849 599 904 quid
621 852 772 904 porto!
806 850 883 892 sed
906 851 979 892 ubi
1000 851 1213 893 inveniam
1236 852 1540 907 Pamphilum?

141 914 204 956 Ut
228 921 399 963 metum,
431 915 474 955 in
494 929 581 969 quo
602 929 715 955 nunc
734 922 817 964 est,
840 915 1038 965 adimam,
1059 923 1190 971 atque
1220 917 1416 972 expleam
1438 920 1623 960 animum

224 979 398 1034 gaudio.

138 1043 222 1085 Cu.
250 1043 399 1085 Laetus
431 1050 512 1093 est,
540 1044 684 1085 nescio
712 1044 832 1098 quid.

225 1109 397 1150 rescivit
416 1107 541 1158 mala,

895 1044 1014 1086 PAM.
1040 1045 1164 1086 Nihil
1191 1053 1282 1087 est:
1317 1048 1508 1090 nondum
1533 1048 1626 1090 haec

138 1172 257 1214 DAv.
278 1173 420 1220 Quem
436 1188 518 1228 ego
531 1188 644 1215 nunc
653 1174 800 1224 credo,
812 1174 846 1215 si
853 1174 943 1229 jam
952 1175 1137 1216 audierit
1148 1175 1229 1217 sibi
1241 1182 1416 1230 paratas
1432 1178 1623 1232 nuptias,

102 1246 122 1275 5
139 1239 224 1281 Cu.
240 1238 401 1280 Audin'
416 1246 463 1279 tu
477 1237 592 1279 illum
609 1240 626 1279 2
669 1238 789 1280 DAv.
810 1238 929 1281 Toto
942 1254 1009 1281 me
1024 1241 1188 1295 oppido
1204 1241 1494 1283 exanimatum
1511 1257 1628 1296 quae-

223 1318 332 1345 rere.

82 1425 220 1456 Veteres
242 1424 428 1465 frequenter
448 1436 484 1455 ne
507 1434 567 1465 pro
588 1436 645 1455 non
669 1424 830 1456 dicebant.

85 1468 211 1506 (Verba
229 1469 290 1501 Qui
304 1469 588 1504 detur—dicebant,
601 1468 720 1498 absunt
731 1478 750 1498 a
767 1468 830 1499 Ms.

84 1510 194 1541 Hulst.
208 1520 267 1541 nec
277 1509 428 1541 videntur
439 1520 510 1541 esse
525 1510 674 1550 Donati.)
711 1512 766 1541 Sat
774 1513 831 1541 Ιια-

83 1551 152 1593 beo]
170 1552 224 1583 Sic
238 1552 373 1592 antiqui,
388 1562 448 1593 pro
463 1552 592 1590 sufficit,
607 1558 657 1583 sat
671 1555 765 1584 habeo
781 1553 831 1583 di-

80 1595 214 1626 cebant:
247 1605 289 1625 an
312 1595 363 1625 vel
386 1595 553 1626 abundat?
595 1595 732 1626 D.—Ut
757 1598 832 1626 mihi

81 1638 142 1669 sub
163 1637 263 1669 ictum
288 1637 417 1674 veniat;
449 1648 545 1679 pone,
560 1640 613 1678 φα·
628 1640 702 1668 mihi
718 1649 753 1669 ne
773 1640 826 1670 de—

82 1686 143 1712 tur.
176 1681 215 1711 B.

124 1724 175 1754 36.
199 1726 244 1754 At
266 1729 298 1754 tu
322 1722 437 1764 hercle]
453 1723 550 1763 (adde
567 1726 651 1754 haud
664 1726 831 1764 quicquam.

83 1766 135 1797 lta
147 1772 198 1797 est
213 1772 299 1797 recte
315 1765 350 1796 in
367 1766 431 1797 Ms.
449 1766 576 1806 Hulst.)
596 1766 708 1804 Deest,
725 1766 829 1805 affers,

82 1808 173 1845 dicis,
191 1808 336 1839 nuncias.
370 1809 410 1839 D.

125 1851 175 1884 37.
203 1853 275 1882 Nisa·
289 1863 325 1882 ea
335 1850 419 1892 quoe]
438 1851 512 1882 Hoc
525 1854 760 1888 esu—daturne
775 1853 832 1883 illa

78 1896 165 1926 hodie
182 1895 341 1934 Pamphilo
355 1899 480 1934 nuptum
493 1897 509 1924 ?
542 1894 603 1924 ΒΥ.
622 1896 673 1925 Sic
688 1900 742 1926 est.
765 1895 830 1926 Cn.

82 1939 143 1971 Qui
163 1939 252 1967 scis?
292 1937 353 1967 ΒΥ.
371 1935 580 1977 Apudsorum
595 1939 679 1968 modo
694 1939 731 1968 de
746 1939 834 1968 Davo

79 1982 193 2011 audivi.
231 1980 327 2015 Quod
339 1990 462 2011 memor
474 1986 524 2011 est
535 1980 707 2017 Charinus,
719 1990 755 2011 se
767 1990 832 2011 non

82 2022 222 2054 libenter
233 2022 371 2053 audisse.
395 2024 507 2063 Fugin’
522 2022 609 2063 hinc]
621 2022 831 2054 Comminan·

82 2065 123 2097 tis
137 2071 196 2102 est,
213 2073 247 2096 et
262 2065 422 2106 abigentis
438 2076 457 2096 a
473 2076 517 2096 se.
556 2067 625 2106 Ego
636 2077 713 2103 vero,
731 2077 767 2096 ac
784 2067 831 2096 lu-

81 2107 166 2149 bens]
191 2109 298 2139 Nemo
325 2108 475 2139 lubenter
496 2108 589 2149 fugit,
613 2108 676 2139 nisi
698 2115 828 2140 coactus

81 2151 281 2183 necessitate.
321 2151 388 2182 Hic
401 2151 499 2182 etiam
514 2153 619 2182 lubens
634 2151 727 2189 dixit,
742 2151 829 2192 quod

79 2199 137 2232 est,
159 2194 318 2226 lubenter.
356 2194 540 2225 D.—Unus
562 2204 581 2225 e
603 2194 732 2231 nostris,
755 2206 829 2234 opus

79 2242 134 2268 est.
178 2237 276 2268 Certe
292 2236 483 2268 alterutrum
506 2236 679 2278 legendum
695 2243 755 2274 est,
772 2243 829 2268 aut

78 2291 152 2320 opu
165 2286 212 2311 eet
225 2282 313 2317 xire,
330 2286 386 2311 aut
401 2290 483 2321 opus
498 2286 575 2311 sunt
588 2282 673 2310 sciri.
713 2280 826 2311 Poste-

78 2332 151 2396 ηυξ.
160 2322 275 2397 Ρίιῗὲῖι
282 2323 379 2397 aegina
393 2365 564 2397 consilium
582 2365 730 2396 continet
750 2375 824 2407 per-

78 2417 240 2446 sonarum,
257 2408 297 2440 ad
313 2418 393 2449 quas
414 2408 556 2439 maxime
571 2408 714 2449 pertinet
730 2419 826 2449 argu-

78 2457 232 2482 mentum.
279 2451 324 2482 Et
349 2451 402 2482 hic
427 2457 477 2482 est
504 2451 604 2488 locus,
627 2451 662 2482 in
689 2461 762 2491 quo,
794 2457 831 2482 ut

80 2492 151 2525 fieri
166 2494 257 2530 solet,
274 2494 403 2525 fortuna
424 2494 527 2525 mixta
541 2494 638 2525 rebus
653 2493 829 2535 dispositis,

242 2537 351 2568 turbas
375 2537 439 2568 dat.
485 2539 530 2568 Di
560 2538 637 2573 boni,
662 2539 730 2568 bom*
756 2540 832 2578 quid

77 2578 183 2620 porto]
204 2580 280 2611 Non
298 2579 416 2611 mirum
435 2580 522 2621 quod
546 2579 739 2611 insolentius
760 2581 828 2611 Da-

81 2631 141 2653 vus
163 2621 296 2659 exultat,
322 2622 387 2662 qui,
412 2630 450 2654 nt
469 2622 560 2654 Simo
583 2622 721 2660 dicebat,
745 2623 831 2654 timi-

79 2663 142 2696 dus
165 2664 236 2702 fuit,
256 2670 294 2695 ut
317 2664 388 2706 ipse
406 2666 529 2703 Davus,
553 2665 652 2696 etiarn
677 2665 830 2707 despera-

82 2706 131 2738 vit
147 2706 243 2748 (lege,
267 2713 329 2738 tam
352 2710 475 2739 timidus
487 2707 556 2748 suit
574 2713 606 2739 et
623 2711 832 2748 perturbatus,

80 2754 115 2789 qu
129 2752 221 2781 etiam
248 2751 468 2790 desperaverit)
489 2761 530 2782 ex
553 2751 741 2792 nuptiarum
763 2758 829 2783 ter-

82 2801 165 2829 rore,
203 2803 282 2833 quas
313 2803 398 2823 nunc
435 2793 531 2824 falsas
560 2794 728 2835 comperit.
784 2796 830 2826 Da·

82 2835 160 2872 honi,
178 2837 245 2866 boni
261 2838 336 2876 quid
347 2834 451 2876 porto]
470 2836 521 2866 Ex
544 2836 694 2877 proximo
708 2838 829 2878 repeti-

82 2877 130 2909 vit
158 2878 225 2910 bis:
262 2879 319 2909 sed
338 2885 446 2909 tamen
470 2878 606 2910 alterum
630 2879 830 2911 nominativo

189 2921 211 2958 i,
238 2920 376 2952 alterum
407 2921 553 2962 genitivo
579 2921 735 2963 singulari
761 2923 829 2954 dic-

83 2967 151 2997 tum
177 2970 236 2996 est.
284 2963 368 2998 Quid
389 2963 493 3005 porto]
527 2964 602 2995 Non
629 2964 733 2996 solum
757 2976 828 2997 cor-

876 1435 964 1466 pore,
981 1423 1038 1456 sed
1048 1424 1146 1457 etiam
1157 1425 1266 1457 animo
1277 1433 1444 1467 portamus
1455 1433 1520 1459 tam
1532 1429 1626 1465 bona,

876 1478 972 1508 quam
997 1468 1090 1499 mala.
1137 1468 1191 1499 Sic
1218 1469 1305 1507 alibi,
1335 1471 1384 1501 Ne
1408 1473 1484 1510 quid
1505 1473 1627 1504 Andria

875 1516 1015 1550 apportet
1030 1513 1113 1542 mali.
1146 1512 1279 1543 D.—Di
1295 1515 1373 1550 boni,
1391 1515 1460 1544 bom·
1471 1516 1626 1554 quidpor-

876 1553 924 1593 to]
950 1554 1031 1584 Haec
1047 1564 1144 1585 scena
1159 1555 1409 1594 conjecturalem
1432 1562 1552 1587 statum
1577 1563 1626 1588 te—

875 1602 941 1627 net.
988 1597 1150 1628 Praeterea
1165 1597 1384 1637 conqueritur,
1399 1608 1442 1629 an
1464 1599 1555 1629 Simo
1571 1610 1626 1630 ve·

875 1649 928 1670 ras
944 1639 1075 1680 nuptias
1090 1639 1134 1670 sit
1148 1639 1245 1670 hodie
1260 1639 1413 1672 facturus.
1454 1641 1564 1682 Hujus
1579 1642 1629 1673 rei

875 1688 1067 1722 argumenta
1091 1681 1204 1714 Davus
1218 1692 1331 1714 servus
1343 1683 1460 1715 callida
1474 1691 1544 1716 arte
1558 1685 1626 1716 col-

875 1724 965 1765 legit,
1002 1725 1197 1766 probaturus
1240 1725 1336 1758 falsas
1372 1737 1444 1759 esse
1486 1728 1627 1769 nuptias-

876 1767 958 1798 Haec
982 1767 1093 1799 multis
1115 1768 1196 1799 locis
1209 1769 1439 1810 exprimemus.
1486 1770 1536 1801 Ac
1558 1771 1626 1812 pri·

874 1820 964 1841 mum
978 1810 1174 1850 generaliter
1188 1811 1342 1852 gaudium
1355 1822 1449 1844 suum
1465 1819 1626 1853 protesta-

875 1858 938 1889 tur,
970 1853 1177 1894 Pamphilum
1205 1854 1388 1894 quaerendo.
1441 1857 1483 1886 Ut
1506 1862 1626 1894 metum,

875 1898 908 1926 in
931 1907 989 1936 quo
1018 1907 1097 1926 nuuc
1121 1901 1177 1933 est,
1204 1899 1347 1934 adimam,
1375 1903 1466 1938 utque
1490 1901 1627 1938 expleam

876 1939 1008 1969 animum
1020 1938 1153 1979 gaudio]
1169 1939 1328 1971 Ordinem
1342 1946 1378 1971 et
1391 1940 1550 1972 rationem
1566 1952 1625 1983 po-

876 1980 951 2011 suit.
991 1980 1087 2012 Prius
1100 1981 1186 2012 enim
1200 1981 1244 2020 id,
1260 1982 1346 2022 quod
1360 1983 1480 2014 malum
1497 1990 1556 2022 est,
1569 1985 1625 2016 de·-

876 2023 932 2054 bet
946 2023 1085 2060 excludi,
1102 2030 1139 2054 ut
1153 2023 1187 2054 id
1202 2025 1288 2066 quod
1303 2025 1424 2057 bonum
1434 2032 1492 2064 est,
1508 2027 1625 2059 melius

877 2065 1066 2107 faciliusque
1082 2073 1241 2099 teneatur.
1272 2068 1311 2099 E.

916 2110 945 2140 2.
974 2110 1017 2140 Ut
1031 2115 1149 2148 rnatum,
1164 2113 1196 2141 in
1219 2122 1277 2151 quo
1299 2123 1379 2143 nunc
1400 2117 1457 2149 est,
1480 2114 1624 2151 adimam,

870 2157 961 2193 atque
977 2154 1111 2192 expleam
1133 2155 1264 2184 animum
1281 2153 1414 2195 gaudio]
1436 2155 1560 2186 Ordine
1575 2156 1624 2187 lo·-

871 2202 965 2226 cutus
992 2202 1052 2226 est.
1092 2196 1187 2227 Prius
1212 2196 1300 2227 enim
1324 2203 1446 2228 metum
1471 2197 1624 2237 adimere,

871 2237 917 2268 sic
934 2238 1065 2269 demum
1085 2239 1204 2279 gaudio
1222 2239 1427 2280 perfundere.
1464 2240 1531 2272 Hic
1547 2241 1627 2276 ordo

873 2281 972 2312 etiam
984 2281 1020 2312 in
1041 2281 1136 2312 laude
1159 2288 1316 2313 servatur.
1351 2282 1486 2314 D.—-Ut
1505 2289 1624 2322 metum,

874 2326 906 2354 in
922 2335 980 2364 quo
992 2322 1087 2364 nunc]
1107 2324 1239 2356 Servius
1252 2325 1329 2356 AEn.
1343 2324 1364 2356 i.
1381 2325 1422 2356 ad
1434 2325 1525 2357 illum
1541 2337 1624 2358 vers.

871 2368 902 2397 A
906 2368 1002 2398 bolere
1046 2368 1203 2398 Siehaeum.
1264 2368 1400 2400 L.—Ne
1443 2374 1553 2400 metum
1590 2369 1625 2401 in

872 2409 972 2440 Thesi
987 2416 1091 2441 totum
1107 2410 1263 2448 subsidat,
1276 2411 1333 2442 sed
1357 2411 1473 2443 melius
1489 2412 1624 2444 exaudi-

874 2458 956 2489 atur,
973 2462 1032 2493 pro
1048 2455 1080 2483 in
1095 2465 1161 2493 qno,
1178 2463 1301 2494 repone
1314 2465 1373 2494 quo
1388 2456 1429 2484 in.
1463 2455 1500 2485 B.

918 2496 947 2526 3.
971 2497 1084 2527 Nescio
1102 2495 1194 2536 quid]
1218 2497 1322 2528 Deest
1334 2502 1481 2536 praemter:
1512 2503 1550 2529 ut
1572 2497 1625 2537 sit,

873 2544 1008 2579 propter
1022 2539 1133 2569 nescio
1147 2539 1234 2579 quid.
1272 2539 1371 2580 Quid]
1388 2540 1627 2572 adverbiale.—

874 2582 966 2612 Nihil
978 2586 1023 2612 est
1033 2594 1044 2612 .-
1066 2583 1194 2612 nondum
1210 2584 1274 2613 haec
1285 2585 1407 2614 rescivit
1418 2582 1516 2624 mala]
1531 2583 1625 2616 Non-

876 2624 953 2655 dum
993 2624 1183 2665 Pamphilus
1219 2624 1342 2656 sciebat
1372 2626 1502 2657 Davum
1531 2626 1624 2666 scire,

875 2667 961 2707 quod
975 2666 1038 2698 sibi
1053 2673 1245 2708 pararentur
1259 2668 1393 2709 nuptiae.
1424 2669 1464 2700 Ε.

920 2711 949 2740 4.
977 2711 1070 2743 Quem
1086 2721 1140 2750 ego
1154 2721 1232 2741 nunc
1251 2712 1349 2749 credo,
1370 2710 1476 2752 sejam
1490 2714 1626 2744 audierit

872 2754 934 2783 sibi
953 2758 1083 2792 paratas
1104 2751 1246 2794 nuptias]
1271 2752 1335 2784 Hic
1354 2753 1510 2796 intelligit
1526 2755 1625 2786 Pam-

873 2795 983 2836 philus
999 2795 1128 2826 Davum
1144 2795 1239 2833 scire,
1254 2796 1339 2837 quod
1358 2797 1482 2839 nuptiae
1495 2808 1623 2839 praepa-

873 2844 995 2869 rantur.
1028 2838 1068 2869 Ε.

917 2881 948 2911 5.
971 2880 1206 2922 Eaeanimatum]
1218 2881 1440 2920 Per-territum,
1453 2884 1624 2924 perturba-

874 2929 953 2955 tum.
1002 2923 1166 2955 D.—Toto
1196 2935 1242 2956 me
1277 2927 1386 2965 oppido
1421 2928 1624 2957 exanimatum

874 2976 1019 3007 quaerere.
1058 2968 1144 2998 Dave
1160 2966 1260 3008 perii]
1297 2968 1481 3009 Antequam
1502 2969 1624 3009 aliquid

1080 3018 1103 3039 u
