1852 3216
113 186 251 213 scssxA
275 171 325 226 1.]

199 261 313 303 Pan.
347 259 459 305 Fiet.

675 168 1097 217 EUNUCHUS.

523 259 609 306 Pu.
641 258 705 308 At
733 266 915 307 mature.

1578 173 1663 215 149

975 257 1090 299 Pan.
1126 256 1235 299 Fiet.
1298 256 1383 299 Pu.
1414 258 1548 300 Satin’
1576 259 1659 301 hoc

283 323 586 365 mandatum'st
607 324 715 365 tibi?
768 323 883 364 PAR.
904 320 1003 363 Ah!

198 388 441 443 Rogitare?
472 389 598 443 quasi
616 387 788 430 difficile
810 388 879 429 sit.

200 452 377 494 Utinam
398 460 483 494 tam
505 451 665 507 aliquid
687 453 876 494 invenire
898 452 1022 494 facile
1044 454 1201 507 possis,
1225 452 1446 502 Phaedria,

164 525 184 555 5
202 517 346 565 Quam
366 517 450 559 hoc
469 517 642 572 peribit.

284 589 352 623 est
372 583 527 626 carius.

200 646 273 688 Ne
306 647 417 688 istuc
448 653 535 701 tam
563 647 709 701 iniquo
741 647 906 701 patiare
935 648 1089 689 animo.

286 711 488 754 effectum
509 712 638 753 dabo.

202 776 291 817 Sed
313 776 520 831 numquid
540 775 657 817 aliud
679 777 894 831 imperas?

696 517 782 558 Pu.
807 517 908 572 Ego
928 533 1101 572 quoque
1124 532 1210 560 una
1238 512 1387 573 pere0,
1408 517 1528 572 quod
1558 517 1661 558 mihi

1153 646 1268 688 PAR.
1306 646 1485 691 Minime
1500 663 1509 688 :
1556 647 1661 702 quin

202 840 287 882 ΡΗ.
313 840 477 882 Munus
503 848 699 882 nostrum
730 849 882 883 ornato
903 841 1060 891 verbis,
1083 842 1199 896 quod
1231 843 1418 896 poteris:
1459 849 1504 884 et
1532 842 1662 885 istum

287 904 500 955 aemulum,

202 969 337 1017 Quod
358 972 535 1025 poteris,
558 971 614 1011 ab
634 986 685 1011 ea
708 970 868 1026 pellito.

148 1044 186 1072 10
204 1034 317 1076 PAR.
353 1033 548 1084 Memini,
579 1036 750 1077 tametsi
781 1034 923 1076 nullus
957 1050 1146 1079 moneas.

286 1107 416 1154 atque
435 1099 495 1140 ibi
514 1101 711 1142 manebo.

113 1222 175 1253 mis
188 1222 293 1263 (legez
318 1228 349 1253 et
364 1224 398 1253 id
402 1221 506 1263 facete
521 1226 628 1264 magis,
644 1230 675 1254 et
689 1225 789 1255 odiose
805 1226 861 1254 mi-

113 1265 197 1304 mas).
231 1265 383 1296 D.—Fac
405 1268 451 1296 ita
477 1271 511 1296 ut
529 1265 633 1306 jussi]
659 1266 741 1297 Haec
766 1277 864 1297 scena

113 1314 204 1339 tenet
214 1308 318 1349 prima
329 1315 422 1349 parte
435 1309 586 1339 mandata
598 1309 694 1346 servi,
704 1309 865 1340 ducantur

114 1350 154 1382 ad
170 1350 373 1382 meretricem
394 1350 451 1382 illa
472 1351 566 1388 dona,
583 1362 655 1391 quae
675 1359 753 1383 ante
775 1362 862 1382 com—

114 1393 250 1435 paravit.
295 1393 444 1424 E.—Fac
466 1396 512 1424 ita
534 1399 569 1424 ut
582 1393 685 1434 jussi]
711 1394 862 1429 Diomed.

114 1436 168 1467 lib.
186 1436 207 1467 i.
224 1446 293 1477 cap.
311 1437 340 1466 4.
375 1436 412 1466 L.

159 1480 188 1509 2.
213 1479 311 1510 Satin’
328 1481 382 1509 hoc
397 1478 588 1520 mandatum]
601 1479 735 1521 Aperte,
747 1479 864 1520 inquit,

115 1521 202 1552 dicta
218 1528 295 1552 sunt
310 1521 373 1552 ista
388 1521 456 1552 tibi.
490 1521 529 1552 E.

160 1565 190 1595 3.
225 1566 286 1600 Ah,
323 1566 475 1604 rogitare.
471 1567 484 1586 ⁹
525 1567 614 1604 quasi
649 1566 771 1613 difficile
806 1564 864 1606 sit]

117 1607 220 1638 Deest
231 1609 286 1644 vis,
301 1606 352 1637 vel
364 1609 492 1647 pergis:
515 1614 552 1637 ut
566 1607 618 1644 sit,
632 1608 774 1648 rogitare
789 1618 864 1648 per-

115 1649 188 1690 gis?
220 1649 281 1680 Vel
298 1654 337 1687 te,
354 1649 381 1680 si
398 1649 504 1691 ipsum
525 1650 675 1692 respicit.
702 1649 755 1680 vel
777 1652 864 1687 hunc,

117 1691 144 1723 si
166 1692 321 1723 adversus
337 1691 418 1731 (imo
440 1703 572 1729 annm,
589 1703 608 1723 a
631 1692 781 1724 Phaedria
803 1693 865 1724 sci-

116 1735 194 1766 licet
223 1735 262 1766 ad
293 1741 500 1776 spectatores.
553 1735 646 1766 Idem
672 1735 756 1766 vidit
786 1735 865 1766 Lin-

118 1776 247 1814 denbr.)
262 1777 323 1808 hoc
336 1777 432 1808 dicit:
457 1784 494 1808 ut
508 1777 561 1814 sit,
578 1778 642 1815 Ah,
652 1778 793 1819 rogitare
811 1780 863 1809 te?

117 1827 183 1858 aut,
206 1819 347 1860 rogitare
370 1820 478 1851 hunc?
517 1820 561 1851 Et
582 1820 791 1852 distinctione
813 1821 864 1851 in-

117 1862 284 1904 terposita,
329 1862 533 1893 inferendum
571 1863 730 1900 vultuose,
775 1863 867 1903 quasi

118 1905 248 1936 difficile
264 1905 307 1936 sit
322 1905 366 1943 id,
380 1905 465 1946 quod
481 1906 614 1936 mandat
629 1905 766 1945 (malim,
783 1917 867 1936 man-

118 1951 185 1985 das,
215 1948 277 1986 vel,
310 1948 499 1987 mandatur).
555 1948 607 1979 Ita
643 1956 676 1979 et
712 1948 870 1989 ineptiam

117 1991 253 2022 nimiam
280 1990 367 2022 circa
393 1991 453 2021 hoc
478 1990 609 2022 solliciti
633 1991 786 2022 amatoris
812 2001 867 2022 ex-

117 2033 254 2075 pressit:
290 2040 324 2064 et
349 2033 492 2064 ostendit
518 2033 600 2064 nihil
631 2044 703 2064 esse
733 2034 869 2071 facilius,

118 2086 214 2117 quam
237 2076 397 2107 deducere
419 2076 460 2107 ad
483 2075 685 2107 meretricem
711 2086 864 2107 munera:

118 2129 192 2150 cum
204 2127 317 2150 contra
327 2118 408 2150 illud
419 2119 463 2150 sit
475 2119 711 2155 difficillimum,
721 2119 868 2160 poscenti

119 2161 240 2203 aliquid
253 2172 318 2192 non
334 2162 421 2192 dare.
459 2164 608 2203 Rogitare
617 2161 651 2202 ?]
669 2162 869 2193 Subauditur

120 2210 159 2236 te.
200 2204 245 2235 Ut
262 2205 314 2242 sit,
338 2207 444 2236 mirum
471 2211 517 2236 est
541 2210 570 2236 te
594 2207 749 2245 rogitare,·
781 2207 870 2245 quasi

119 2249 161 2280 sit
182 2249 303 2286 difficile
324 2250 468 2287 complere
490 2250 571 2288 quod
581 2247 685 2288 jubes.
718 2248 868 2279 D.-R0-

117 2292 246 2331 gitare?
268 2290 373 2331 quasi]
391 2291 531 2322 Sensus:
556 2291 647 2331 quasi
666 2290 694 2322 si
716 2291 794 2331 quid
816 2301 869 2321 me

120 2332 214 2374 fugit,
228 2333 274 2364 sic
291 2334 480 2374 interrogas.
518 2335 652 2372 Difficile
666 2336 730 2364 sit.-
753 2336 870 2364 utinam

121 2375 256 2416 aliquid]
270 2376 409 2407 Sensus·
435 2383 501 2407 tam
523 2376 616 2408 facile
639 2377 764 2407 utinam
786 2376 869 2407 lucri

121 2417 267 2459 aliquid·
259 2419 416 2457 invenias,
433 2429 528 2460 quam
548 2419 642 2450 facile
665 2419 752 2450 istud
775 2419 870 2451 amit·

124 2466 183 2495 tas·
214 2461 341 2493 E.-—1n
356 2461 432 2492 edit.
446 2462 587 2503 Sandby.
602 2469 635 2493 et
652 2462 780 2493 Dacier.
797 2472 870 2493 ver-

124 2513 195 2534 sum
207 2513 308 2535 unum
317 2504 521 2536 constituunt
529 2505 615 2536 haec:
640 2507 701 2543 Ah,
712 2508 871 2546 rogitare?

124 2548 213 2586 quari
226 2547 347 2584 difficile
361 2549 440 2578 siet.-
463 2549 589 2578 utinam.
623 2547 661 2578 Z.

168 2589 199 2618 4.
229 2590 358 2629 Aliquid
386 2591 520 2621 invenire
541 2589 641 2630 facile
670 2590 785 2631 possis]
815 2592 868 2622 In-

125 2633 235 2667 venire,
280 2631 455 2672 acquirere.
516 2633 570 2664 Sic
612 2633 647 2664 in
690 2633 869 2665 Heautont-

126 2674 197 2704 Non
232 2676 343 2713 μανία
375 2677 462 2714 patra·
503 2677 645 2716 quomodo
686 2678 870 2717 obsequar-e:

126 2722 166 2753 et,
188 2721 224 2747 ut
244 2727 343 2747 serves
363 2718 444 2756 quod
464 2718 565 2748 labore
586 2720 742 2750 invenerit.
784 2719 871 2750 Nam

126 2757 200 2840 113oe
214 2768 235 2789 a
253 2759 449 2800 precedenti
471 2759 569 2791 etiam
590 2766 723 2801 quastus
742 2761 870 2794 dicitur

170 2845 201 2875 5.
227 2845 325 2878 Quian
345 2846 399 2875 hoc
414 2844 551 2886 pefibii]
577 2845 685 2884 Deest
693 2845 813 2886 suile.-
834 2853 873 2879 ut

127 2885 511 2928 siusaeilehocperibit.
549 2890 870 2938 Quod-umescen-

127 2928 208 2970 riu]
234 2929 308 2967 Pro,
325 2930 379 2971 qui
396 2930 475 2961 milii
496 2941 567 2962 sum
584 2931 697 2962 carior.
732 2931 797 2969 Sed
819 2943 874 2973 ego

127 2971 210 3005 dixit
224 2953 379 3011 absolute,
395 2983 568 3005 ooeurrens
590 2974 664 3006 huic
688 2975 872 3014 pronomini

1212 1035 1297 1077 Pu.
1334 1036 1435 1091 Ego
1466 1052 1541 1078 rus
1573 1038 1660 1087 ibo,

907 1226 987 1264 quod
1010 1223 1086 1265 (qui,
1111 1224 1182 1256 edd.
1213 1230 1290 1255 vett.
1321 1224 1385 1256 Ms.
1410 1224 1534 1256 Boend.
1558 1230 1592 1256 et
1611 1225 1661 1256 ed.

910 1267 964 1297 Du
981 1267 1048 1305 B.).
1089 1267 1131 1298 D.

951 1309 981 1340 6.
1008 1309 1089 1343 Quin
1111 1311 1247 1348 effectum
1262 1309 1358 1350 dabo]
1389 1311 1470 1343 Quin
1493 1320 1553 1351 pro
1576 1309 1661 1346 imo·

908 1358 948 1383 ut
961 1352 995 1382 in
1014 1352 1192 1383 Heautont.
1212 1354 1294 1386 Quin
1308 1354 1375 1383 nolo
1389 1354 1546 1383 mentiare.
1574 1353 1617 1384 D.
1619 1370 1663 1375 —

909 1394 1055 1426 Faernus
1078 1395 1165 1425 hunc
1193 1400 1227 1425 et
1257 1401 1324 1425 tres
1353 1405 1440 1435 seqq.
1472 1405 1586 1426 versus
1616 1395 1663 1444 ⁸.i⁰

907 1447 1035 1477 quoque
1047 1436 1220 1474 ordinavit,
1232 1437 1319 1468 haud
1334 1437 1432 1468 dubie
1443 1447 1462 1468 e
1477 1437 1571 1468 libris
1584 1437 1662 1470 suis.

908 1481 1071 1511 Caeterum
1087 1486 1124 1511 ut
1137 1480 1179 1510 sit
1192 1479 1374 1511 trochaicus
1389 1486 1587 1518 tetrameter,
1603 1491 1664 1522 pro

908 1523 1045 1562 effectum
1061 1522 1187 1563 corrige
1194 1521 1325 1562 sactum.
1365 1523 1404 1553 B.

955 1565 983 1597 7.
1008 1567 1069 1596 Sed
1082 1566 1229 1605 numquid
1242 1567 1330 1596 aliud
1350 1567 1481 1605 imperas
1490 1564 1523 1606 ?]
1550 1566 1589 1596 In
1613 1565 1669 1598 his,

909 1617 1022 1638 servus
1034 1607 1116 1639 nihil
1129 1607 1207 1645 vult,
1219 1607 1282 1638 nisi
1294 1614 1426 1639 coactus
1436 1608 1552 1644 facere,
1563 1618 1664 1649 prop-

910 1656 960 1681 ter
982 1652 1137 1690 majorem
1159 1650 1346 1681 dominum:
1375 1650 1422 1681 sic
1444 1656 1479 1681 et
1499 1650 1587 1687 alibi,
1603 1652 1662 1681 Ju-

912 1695 1026 1724 besne?
1048 1693 1156 1733 inquit
1177 1693 1391 1734 responderet
1405 1693 1436 1724 ei
1455 1693 1592 1724 Chaerea
1605 1693 1663 1733 (R.

912 1735 1024 1777 Steph.
1037 1737 1216 1776 respondere
1234 1738 1369 1767 Chaerea.
1395 1736 1484 1777 Lege
1500 1744 1534 1767 et
1544 1736 1662 1768 distin-

909 1789 991 1819 gue:
1009 1780 1193 1809 JUBESNE?
1210 1778 1326 1819 inquit.
1350 1780 1521 1818 Respondet
1533 1781 1562 1810 ei
1576 1781 1664 1811 Cha-

910 1832 973 1852 rea.
1009 1821 1070 1852 vel
1095 1832 1168 1852 cum
1198 1822 1262 1852 Ms.
1281 1821 1392 1852 Hulst.
1415 1828 1449 1852 et
1475 1821 1524 1852 ed.
1543 1822 1598 1853 Du
1624 1822 1664 1853 B.

910 1865 1119 1903 &spondente
1137 1866 1272 1895 Charea.
1305 1864 1356 1894 W.
1403 1865 1450 1894 At
1472 1864 1500 1895 si
1523 1870 1599 1895 ante
1614 1875 1664 1895 re-

913 1908 1072 1946 sponderet
1085 1906 1255 1937 interseris
1275 1911 1319 1942 ut,
1336 1906 1445 1937 omnia
1461 1906 1551 1937 salva
1564 1907 1663 1939 habe-

913 1948 966 1980 bis
982 1949 1047 1988 Z.)‚
1067 1950 1148 1990 Cogo
1158 1954 1248 1988 atque
1264 1951 1385 1988 impero.
1410 1949 1664 1986 D.-—AEmluu,

913 1993 993 2032 quod
1004 1991 1136 2032 poteris]
1156 1991 1294 2022 Mandat
1308 1991 1496 2023 adolescens
1507 2002 1612 2029 servo,
1628 1999 1667 2024 ut

913 2044 1033 2065 munus
1048 2044 1143 2065 suum
1160 2034 1268 2065 verbis
1279 2040 1383 2071 ornet,
1397 2041 1430 2065 et
1441 2034 1579 2068 militem
1595 2045 1664 2066 me-

911 2076 1038 2107 retricis
1053 2077 1094 2108 ab
1109 2087 1219 2108 amore
1234 2076 1404 2108 discludat.
1439 2077 1478 2108 E.

955 2121 985 2150 8.
1002 2121 1118 2150 Munus
1129 2124 1263 2150 nostrum
1273 2125 1379 2151 ornato
1389 2119 1507 2160 verbis]
1523 2120 1665 2158 Ἦθικῦς,

912 2172 977 2193 non
993 2162 1078 2193 dixit
1093 2173 1198 2198 meum,
1213 2161 1305 2203 quasi
1327 2168 1361 2194 et
1382 2162 1596 2194 Parmenonis
1610 2162 1665 2195 sit.

912 2207 956 2235 Ec
979 2204 1085 2245 istum]
1114 2205 1150 2235 ld
1174 2211 1232 2242 est,
1250 2205 1420 2237 molestum
1443 2212 1478 2236 et
1497 2205 1663 2241 odiosum

913 2258 988 2278 nam
1001 2248 1061 2278 hoc
1077 2247 1239 2288 significat
1255 2250 1355 2278 istum.
1382 2247 1588 2280 D.—M·nuu
1595 2259 1665 2280 πω·

914 2296 993 2321 trum
1009 2290 1132 2331 ornato]
1157 2290 1281 2322 Charis.
1298 2290 1353 2321 lib.
1370 2290 1404 2321 ii.
1442 2290 1479 2322 L.

957 2334 986 2364 9.
1006 2335 1055 2364 Ab
1069 2345 1106 2364 ea
1119 2332 1242 2373 pellito]
1258 2335 1309 2364 Ab
1328 2344 1374 2370 ea,
1390 2334 1431 2364 ab
1451 2334 1523 2374 ejus
1536 2332 1665 2369 animoz

913 2382 946 2407 et
960 2386 1036 2413 non,
1055 2378 1132 2416 pelli
1141 2375 1243 2417 facito
1254 2390 1266 2411 ,-
1289 2376 1356 2412 sed,
1370 2377 1487 2415 pellito.
1528 2375 1664 2408 D.-11-

915 2419 971 2450 lud
981 2421 1042 2456 Au,
1053 2419 1138 2459 quod
1153 2419 1188 2450 in
1201 2418 1294 2449 codd.
1310 2425 1343 2450 et
1355 2418 1427 2449 edd.
1441 2425 1518 2450 vett.
1535 2428 1667 2451 versum

919 2463 967 2492 10.
994 2462 1129 2499 orditur,
1160 2468 1321 2493 mutatum
1349 2461 1383 2492 in
1405 2463 1456 2492 Ah
1483 2468 1667 2503 apponatur

916 2511 1038 2536 nostro
1078 2505 1117 2535 B.

963 2549 1011 2578 10.
1039 2549 1173 2578 Tametsi
1203 2549 1304 2578 nullus
1334 2545 1470 2587 moneas]
1509 2546 1669 2588 Proper-t

915 2600 1028 2622 servus
1052 2599 1186 2632 carpere
1209 2589 1429 2630 vaniloquium
1450 2589 1584 2621 domini.
1622 2589 1668 2626 But

914 2635 1026 2671 nullus,
1053 2643 1113 2674 pro
1139 2642 1223 2663 non:
1257 2632 1304 2663 sic
1331 2631 1367 2662 in
1398 2632 1539 2673 Hecyra,
1565 2634 1678 2666 nuk·-

915 2678 1039 2707 dixeris.
1074 2675 1209 2706 Plautus
1235 2674 1270 2705 in
1295 2675 1498 2712 Trinummo,
1523 2674 1618 2707 iii-l.
1634 2676 1665 2706 5.

915 2720 1016 2750 nullus
1037 2720 1153 2750 credas.
1199 2719 1267 2758 Ego
1287 2728 1342 2748 nu
1363 2716 1429 2758 ibo]
1461 2717 1581 2751 Ethnc
1596 2718 1666 2758 jam

916 2761 1038 2792 dictum
1065 2768 1132 2792 ωτι
1156 2759 1214 2791 sed
1238 2759 1389 2798 ostendit,
1411 2770 1508 2801 quam
1530 2759 1668 2793 moleste

916 2804 951 2835 id
965 2804 1102 2845 incipiat
1118 2802 1275 2834 Phaedria.
1312 2802 1354 2834 D.
1355 2804 1516 2836 —quu
1528 2802 1666 2844 nouas]

917 2847 991 2878 Hoc
1013 2852 1071 2884 est,
1088 2845 1150 2877 etsi
1172 2855 1237 2878 non
1260 2855 1412 2882 moneam
1435 2846 1522 2887 quod
1543 2845 1639 2878 alio
1630 2856 1665 2877 m

915 2889 986 2921 loco
1007 2889 1071 2920 ait.
1096 2890 1196 2920 nullus
1218 2890 1355 2923 ᾰὶιενίη
1381 2890 1463 2921 aliae
1485 2891 1532 2920 neu·
1552 2900 1666 2928 pomn-

916 2943 1008 2963 causa
1035 2934 1091 2962 hac
1111 2933 1247 2972 integra.-
1275 2931 1500 2969 R—Maenani,
1525 2931 1663 2971 melei]

918 2976 982 3006 Ms.
1000 2977 1074 3006 Aa!
1097 2976 1225 3007 memini.
1263 2974 1302 3006 1..
