1852 3216
95 167 234 195 seem
258 154 327 209 u.]

712 155 1016 199 ANDRIA.

1575 166 1625 205 71

151 241 293 298 Perge
314 242 454 285 facere
475 243 549 294 ita,
571 251 620 286 ut
640 243 744 286 facis
762 261 771 286 ε
803 253 849 287 et
868 246 912 287 id
935 261 1064 301 spero
1084 247 1310 301 adjuturos
1331 249 1452 291 deos.

152 306 217 347 S1.
252 306 345 348 Imo
375 308 447 348 abi
480 308 617 350 intro':
661 309 720 350 ibi
748 323 815 351 me
853 311 1069 365 opperire,
1096 319 1154 359 et,
1184 313 1303 366 quod
1337 321 1491 368 parato
1522 328 1631 369 opus

237 378 318 421 est,
340 387 460 426 para.

150 435 254 476 Non
274 435 443 491 impulit
461 451 543 487 me,
566 436 660 479 haec
679 453 794 480 nunc
814 440 985 481 omnino
1006 448 1054 482 ut
1075 442 1311 483 crederem.

92 508 133 536 45
151 499 299 555 Atque
320 501 439 543 haud
460 503 563 552 scio,
585 518 654 552 an,
677 518 775 558 quae
795 503 919 554 dixit,
938 505 1023 546 sint
1040 520 1141 547 vera
1161 508 1324 547 omnia:

151 565 239 606 Sed
260 567 382 620 parvi
401 567 569 621 pendo:
601 566 708 609 illud
728 567 832 609 mihi
850 569 985 611 multo
1003 571 1302 618 maximum’st‚

151 629 286 677 Quod
306 629 409 672 mihi
430 631 700 689 pollicitus’st
719 633 842 688 ipsus
862 643 1035 688 gnatus,

1092 634 1225 676 Nunc
1246 634 1475 677 Chremem

149 694 435 737 Conveniam:
467 698 602 739 orabo
621 705 755 752 gnato
776 713 983 740 uxorem:
1017 700 1053 740 si
1073 700 1272 754 impetro,

149 758 269 806 Quid
292 759 395 801 alias
415 760 570 811 malim,
591 777 720 816 quam
739 762 871 805 hodie
890 763 969 805 has
990 763 1086 806 fieri
1106 765 1310 819 nuptias?

91 831 133 860 50
150 823 264 866 Nam
285 833 442 880 gnatus
462 826 581 880 quod
600 826 886 881 pollicitus’st,
908 828 1028 870 haud
1048 829 1282 870 dubium’st
1300 828 1419 879 mihi,

148 889 196 930 Si
217 889 336 940 nolit,
357 891 461 945 quin
481 906 580 932 eum
600 892 753 933 merito
771 893 934 947 possim
953 907 1123 947 cogere.

146 952 295 1009 Atque
315 955 427 997 adeo
447 956 490 997 in
510 957 607 1011 ipso
628 963 823 1012 tempore
844 971 992 999 eccum
1012 958 1155 1012 ipsum
1175 957 1356 999 obviam.

342 1134 598 1183 ACTUS
645 1135 927 1183 TERTII
974 1135 1228 1183 SCENA
1274 1136 1368 1183 111.

653 1259 781 1291 SIMo.
816 1259 1057 1291 CHREMES.

141 1339 292 1381 Jumzo
308 1339 597 1381 Chremetem.
650 1339 735 1381 Cn.
752 1340 820 1382 O!
853 1348 896 1383 te
916 1341 1059 1396 ipsum
1078 1342 1339 1396 quaerebam.
1374 1341 1439 1384 S1.
1463 1341 1525 1384 Et
1544 1357 1628 1398 ego

229 1412 288 1446 te.
339 1404 424 1446 Cn.
447 1403 616 1459 Optato
635 1404 828 1446 advenis.

85 1514 173 1556 apud
193 1524 263 1551 noe,
290 1515 432 1551 Tandem,
455 1519 489 1544 et
510 1518 610 1545 tamen
632 1520 745 1545 natum
764 1519 831 1550 est3

84 1557 132 1588 nic
155 1563 189 1587 et
210 1558 288 1587 iden
305 1562 338 1587 et
359 1558 518 1587 eorundem
533 1555 665 1587 dictum.
714 1558 761 1587 Tu
783 1562 832 1587 ta·-

83 1610 151 1630 nen
176 1598 273 1639 idem]
305 1600 416 1629 Tmen
443 1601 532 1635 idem,
557 1605 614 1629 aut
638 1609 698 1640 pro
723 1605 833 1630 tamen

83 1642 226 1684 positum
242 1647 301 1678 oet,
316 1648 373 1672 aut
394 1651 454 1682 pro
471 1640 620 1672 tandem:
644 1647 682 1672 ut
706 1641 760 1678 sit,
787 1643 835 1672 Tu

84 1687 205 1715 tandem
220 1686 275 1715 hos
287 1687 411 1724 nuptias
423 1694 516 1724 perge
529 1683 647 1724 facere,
663 1686 710 1714 ita
725 1690 760 1714 ut
772 1683 830 1724 fa·

83 1729 136 1758 cis.
170 1727 211 1757 D.
213 1727 284 1758 —1
274 1737 356 1767 ege,
365 1731 514 1766 postremo
525 1728 560 1757 id
570 1728 612 1758 da
623 1729 698 1757 mihi
709 1729 832 1767 negoti,-

83 1776 120 1800 ιιι
136 1769 221 1800 Prol.
238 1779 304 1800 ver.
322 1771 352 1799 2.
385 1769 423 1799 Β.

126 1813 178 1842 42.
204 1812 365 1843 Recentes
378 1811 497 1842 Faerni
506 1811 598 1842 codd.
613 1817 647 1842 et
662 1821 747 1843 unus
762 1819 834 1843 tan-

83 1861 153 1885 tum
170 1864 189 1885 e
204 1854 323 1886 nostris
338 1854 459 1885 habent
473 1854 637 1894 adjutores.
662 1854 760 1885 Male.
793 1855 832 1885 B.

126 1898 179 1927 43.
207 1899 294 1930 Quod
316 1902 428 1937 parato
452 1908 525 1936 opus
552 1895 615 1936 est]
645 1896 777 1928 Diserte
800 1903 834 1928 et

84 1940 201 1970 Latine
216 1940 310 1976 dixit,
324 1941 405 1980 quod
412 1945 523 1979 parato
538 1950 611 1978 opus
625 1944 680 1969 est.
713 1940 755 1971 D.

125 1984 178 2013 44.
202 1984 273 2013 Non
293 1984 415 2022 inpulit
437 1993 492 2019 me,
521 1984 585 2012 haec
610 1993 689 2012 nunc
718 1985 834 2013 omnino

82 2031 119 2056 ιιι
138 2024 307 2065 crederem]
331 2026 401 2055 Nou
423 2026 554 2064 impulit,
571 2034 637 2055 non
659 2025 831 2065 persuasit,

81 2078 148 2099 non
169 2067 315 2109 perfecit,
331 2074 368 2098 ut
382 2067 548 2098 crederem
563 2067 751 2107 Glycerium
772 2078 830 2109 pe·

82 2110 216 2152 perisse.
263 2110 308 2141 Et
337 2120 411 2141 cum
431 2109 511 2140 dicit
537 2112 663 2146 omnino,
690 2110 834 2142 ostendit

82 2153 228 2194 quedam
243 2163 279 2184 se
294 2152 479 2189 credidisse,
502 2152 537 2183 in
552 2152 744 2192 quibusdam
762 2154 832 2193 jam

82 2196 198 2233 (men
212 2202 349 2236 uterque
363 2195 462 2235 liber)
478 2205 549 2226 ease
563 2195 830 2227 circumventum.

83 2238 171 2269 Mire
192 2245 302 2270 autem
324 2245 454 2269 caumm
469 2237 542 2279 capi
565 2237 691 2269 inducit
708 2248 830 2276 senem,

81 2287 120 2312 ιιι
130 2281 287 2319 crederet,
299 2280 385 2322 quod
399 2280 587 2322 Glycerium
603 2291 669 2311 non
684 2281 830 2323 peperis

81 2330 142 2355 aet.
174 2324 216 2355 D.

125 2368 179 2398 45.
205 2369 280 2401 Qua
303 2369 393 2403 dia-it,
419 2369 482 2397 rint
507 2377 580 2397 vera
603 2366 719 2407 omnia]
748 2367 830 2402 Quae

81 2413 196 2450 postea
224 2409 310 2440 dixit
344 2409 467 2440 Davus.
525 2409 571 2440 Et
598 2409 683 2440 bene
708 2412 829 2440 omnia:

82 2458 120 2483 ιιι
144 2458 300 2494 appareat
327 2462 440 2483 senem
466 2451 569 2483 multa
595 2451 728 2484 credere
754 2462 831 2483 vera

83 2504 164 2531 eene.
179 2505 252 2536 que
266 2495 378 2526 Davus
393 2494 522 2526 dixerit.
556 2495 598 2526 D.

126 2538 180 2568 46.
202 2539 303 2569 Meno
316 2537 495 2578 nmmum]
512 2538 612 2568 Multo
627 2537 725 2568 etiam
741 2548 829 2569 com-

81 2579 252 2653 parativiiz)
254 2580 463 2621 (superlativis
477 2580 532 2620 Z.)
548 2580 673 2621 antiqui
691 2581 829 2621 adjunx-

81 2628 187 2653 erunt.
253 2645 262 2653 .

124 2665 178 2697 47.
204 2664 293 2699 Quod
304 2667 379 2696 nihi
386 2667 543 2705 pollicitus
553 2665 616 2707 eet]
631 2667 831 2704 Polueitatio,

81 2707 256 2738 multarum
272 2717 381 2738 rerum
396 2708 577 2748 promissio.
610 2709 652 2740 D.
654 2709 827 2749 —Proap-
783 2711 791 2718 ‘

80 2761 141 2787 m,
159 2749 262 2781 edidit
278 2749 384 2781 Bentl.
401 2752 475 2789 ipae.
508 2751 545 2781 Z.

123 2794 175 2824 48.
204 2794 304 2824 Gnaeo
325 2791 464 2833 uxorem]
488 2793 695 2831 Subauditur‚
718 2799 753 2825 at
767 2796 830 2825 det.

82 2835 247 2866 D.-—A1ia
268 2835 435 2866 distinctio
458 2841 509 2866 est
529 2835 564 2866 in
586 2836 656 2867 cod.
679 2842 826 2867 vetusto:

83 2879 282 2909 Conveniam.-
317 2880 427 2909 orabo:
461 2883 557 2918 gnato
575 2890 696 2910 nrm-eu·
717 2881 745 2910 εἰ
771 2882 828 2910 ἰηι-

78 2926 177 2971 petro.
224 2920 336 2952 Placet
353 2927 461 2952 tamen
485 2920 644 2952 Prisciani
666 2921 773 2959 lectio,
791 2931 829 2952 m

82 2965 111 2993 εἰ
125 2965 259 3003 inpetro.
292 2964 330 2995 B.

914 1515 966 1546 49.
978 1514 1094 1554 (Quid)
1104 1515 1201 1556 alios]
1215 1517 1299 1549 Quid
1305 1526 1365 1558 pro
1374 1526 1447 1547 cur:
1465 1518 1555 1554 alias,
1562 1517 1627 1548 alio

878 1562 1032 1598 tempore.
1042 1558 1131 1588 D.—-
1135 1560 1218 1591 Quid
1224 1560 1305 1589 alias
1309 1561 1412 1589 nolim
1418 1558 1451 1599 ?]
1458 1559 1628 1591 Charisius

876 1599 932 1630 lib.
940 1600 973 1630 ii.
986 1600 1251 1638 L.-—Quida11·as,
1260 1601 1289 1632 h.
1298 1611 1326 1632 e.
1334 1601 1463 1632 curalio
1470 1607 1627 1643 tempore,

875 1643 1625 1733 ffiffiss‘ffssssffiffimflssssssffimss'

875 1727 924 1768 git
941 1728 1072 1759 Horatii
1083 1728 1188 1759 Schol.
1207 1729 1316 1760 Acron
1326 1729 1368 1760 ad
1378 1729 1480 1760 Serm-
1495 1729 1519 1760 i.
1532 1731 1563 1760 4.
1574 1730 1626 1761 63.

881 1772 1008 1803 Quando
1023 1773 1113 1808 albu,
1129 1777 1186 1802 etc.
1219 1771 1257 1802 B.

922 1814 974 1843 52.
998 1815 1063 1843 In
1050 1824 1116 1852 apso
1130 1813 1277 1854 tempore]
1296 1813 1360 1844 In
1351 1824 1423 1855 ipsa
1434 1814 1626 1856 opportuni-

876 1860 953 1892 tate,
976 1855 1011 1885 in
1033 1855 1106 1896 ipso
1127 1856 1273 1887 articulo.
1318 1858 1432 1887 Eccum
1454 1859 1552 1896 ipsun
1572 1859 1625 1888 ob-

875 1899 955 1927 vim
973 1898 1174 1938 Chremetem]
1191 1898 1311 1938 (Recte
1334 1899 1489 1936 Faernus,
1504 1899 1559 1930 cui
1573 1909 1626 1931 as—

876 1939 1016 1970 sentitur
1038 1940 1216 1978 Bentleius‚
1232 1941 1374 1981 conjicit,
1391 1951 1411 1972 a
1431 1952 1532 1973 manu
1554 1942 1625 1973 Do—

876 1982 945 2013 nati
961 1992 1033 2013 esse
1048 1984 1210 2014 Chremen.
1248 1983 1335 2015 Nam
1351 1983 1471 2025 alioqui
1486 1995 1625 2025 sequen-

877 2024 923 2055 tia
945 2035 1076 2056 sensum
1098 2025 1303 2057 commodum
1325 2036 1391 2057 non
1395 1995 1543 2058 oiiabent.
1568 2028 1625 2067 Z.)

876 2068 1042 2098 Continuo
1052 2068 1191 2099 mutavit
1202 2068 1470 2101 declinationem:
1494 2076 1541 2108 ut,
1564 2072 1624 2101 Ju-

877 2111 929 2141 beo
960 2112 1153 2142 Chremetem.
1201 2111 1356 2143 D.—Pro
1384 2114 1511 2149 obvim,
1538 2113 1627 2153 quod

875 2163 941 2183 non
964 2153 1060 2184 modo
1074 2153 1261 2195 ambiguum
1284 2162 1343 2191 est,
1366 2154 1443 2195 quia
1463 2157 1561 2195 ips--
1583 2155 1625 2186 de

876 2195 1047 2237 Pamphilo
1062 2196 1165 2237 accipi
1187 2203 1305 2238 potest,
1320 2197 1379 2228 sed
1392 2203 1426 2228 et
1438 2207 1459 2228 a
1473 2207 1573 2229 sensu
1585 2208 1623 2229 a-

874 2238 1008 2276 lienum,
1024 2239 1101 2279 qnia
1120 2239 1210 2270 Simo
1225 2239 1330 2270 adhuc
1345 2239 1380 2270 in
1395 2249 1493 2271 scena
1506 2240 1623 2279 stabat,

874 2262 1013 2312 necdum
1031 2282 1205 2312 Chremem
1219 2288 1415 2313 conventum
1436 2282 1530 2320 ierat,
1550 2282 1624 2324 lege

876 2326 1039 2361 Chremem,
1049 2324 1135 2365 quod
1145 2324 1292 2356 nonnulli
1301 2324 1392 2356 codd.
1403 2324 1569 2365 adjiciunt.
1583 2326 1624 2357 B.

919 2368 946 2397 1.
977 2369 1073 2398 Iubeo
1102 2367 1302 2408 Chremetem]
1332 2368 1413 2398 Haec
1438 2368 1625 2409 congresaio

873 2409 1011 2441 duorum
1033 2420 1148 2441 senum
1170 2411 1211 2441 ad
1233 2410 1298 2442 tale
1319 2410 1501 2452 periculum
1520 2410 1625 2452 adigit

873 2452 1024 2490 fabulam,
1041 2459 1078 2484 ut
1099 2452 1133 2483 id
1149 2463 1215 2484 non
1236 2453 1385 2484 videatur
1399 2452 1546 2491 consilio,
1566 2453 1626 2485 aed

874 2502 993 2526 eventu
1014 2506 1110 2537 posse
1124 2496 1238 2527 vitari:
1262 2497 1318 2536 qui
1333 2502 1470 2527 eventus
1484 2502 1536 2527 eet
1549 2495 1624 2527 cti-

875 2538 961 2569 tonis
990 2538 1172 2579 praesentia.
1230 2538 1315 2570 Nam
1346 2549 1433 2569 nunc
1463 2548 1506 2570 ex
1533 2538 1625 2571 falsi:

875 2581 955 2612 fient
982 2591 1068 2612 verae
1103 2581 1235 2629 nuptiae.
1294 2583 1391 2612 Iubeo
1419 2581 1622 2622 Chre-elea]

876 2623 986 2655 Firme
1013 2623 1135 2664 aliquid
1155 2625 1279 2663 Jubere‚
1304 2623 1388 2655 velle
1413 2630 1472 2655 est.
1526 2625 1625 2656 Jubeo

875 2676 963 2715 ergo,
977 2666 1067 2702 volo;
1092 2673 1125 2697 et
1139 2666 1241 2702 deest,
1254 2668 1390 2698 salvere:
1413 2666 1622 2709 quodexpri-

872 2709 973 2740 mitur
987 2710 1028 2740 ab
1043 2709 1177 2740 alterius
1192 2719 1340 2749 personae
1353 2709 1562 2746 interventu,
1575 2715 1624 2742 ut

874 2751 989 2792 Virgil.
1006 2751 1083 2782 AEn.
1097 2762 1127 2782 v.
1146 2752 1218 2782 ³86.
1235 2732 1623 2792 reddique-inponi&

864 2794 1027 2834 jubebant.
1073 2794 1118 2824 Et
1129 2796 1390 2831 μεταληπτικῦςε
1412 2794 1490 2835 quia
1499 2795 1556 2835 qui
1569 2795 1620 2826 di-

872 2837 918 2867 cit
939 2837 1037 2874 salve,
1056 2837 1158 2876 jubet.
1205 2836 1364 2868 Volumus
1383 2836 1473 2868 enim
1491 2837 1620 2868 animo:

869 2880 1032 2919 j,ubemus
1055 2879 1172 2910 verbis.
1219 2881 1247 2910 Ο
1268 2885 1298 2911 te
1318 2890 1416 2920 φησι
1432 2879 1620 2920 querebam]

869 2890 1046 2953 Jplacabilis
1061 2928 1095 2952 et
1108 2921 1192 2953 lenia
1200 2921 1324 2954 micm
1337 2933 1398 2964 per
1412 2928 1513 2954 totam
1528 2922 1620 2953 fabu-

874 2964 938 2995 lam
961 2964 1125 2995 inducitur
1145 2964 1312 3004 Chremec,
1334 2972 1372 2997 ut
1386 2964 1564 3006 cognitioni
1579 2965 1621 2996 ad
