1852 3216
83 169 226 199 scena
247 154 337 208 111.]

691 153 1008 196 HECYRA.

1516 154 1609 197 ‚505

145 245 259 288 Nam
276 246 424 288 vitium
443 253 512 288 est
529 245 718 288 oblatum
736 244 887 301 virgini
913 243 1011 286 olim
1030 245 1087 286 ab
1116 243 1261 287 neseio
1279 257 1367 300 quo
1396 243 1606 299 improbo.

78 351 83 358 .
144 311 276 354 Nunc
296 311 382 354 huc
401 311 608 368 confugit,
629 318 672 354 te
691 317 821 367 atque
841 310 946 353 alios
966 317 1135 367 partum
1155 317 1204 353 ut
1222 309 1380 353 celaret
1400 324 1536 352 suum.

77 387 127 423 ,25
143 377 229 420 Sed
249 392 381 433 quum
397 386 518 419 orata
530 378 623 433 ejus
642 377 903 427 reminiscor,
917 391 1085 432 nequeo
1098 376 1202 432 quin
1217 375 1445 418 lacrumem
1462 376 1603 418 miser.

141 443 339 499 Quaeque
361 442 449 485 fors
471 443 643 485 fortuna
661 450 742 493 est,
764 442 915 498 inquit,
936 443 1059 484 nobis
1080 457 1177 497 quae
1198 449 1240 484 te
1260 441 1391 484 hodie
1407 440 1576 492 obtulit,

141 510 228 552 Per
246 523 339 551 eam
359 517 402 551 te
424 508 687 551 obtestamur
703 509 854 558 ambae,
875 508 910 549 si
924 508 1014 563 jus,
1037 508 1073 549 si
1090 507 1154 549 fas
1175 515 1255 558 est,
1278 507 1342 549 uti

139 574 340 616 Advorsa
360 576 454 631 ejus
474 590 552 630 per
572 582 615 617 te
636 581 764 624 tecta,
785 574 999 630 tacitaque
1021 574 1139 630 apud
1161 587 1307 616 omnes
1329 573 1452 615 sient.

138 641 186 683 Si
198 657 385 697 unquam
399 656 503 697 erga
518 650 559 683 te
574 642 712 682 animo
728 655 824 682 esse
838 640 972 682 amico
989 640 1160 681 sensisti
1173 654 1281 689 eam,
1294 639 1352 680 mi
1365 637 1604 694 Pamphile,

82 715 124 745 30
141 707 242 749 Sine
261 707 408 748 labore
427 706 538 748 hanc
558 706 737 762 gratiam
756 713 814 756 te,
835 706 898 747 uti
919 706 999 747 sibi
1026 706 1104 747 des
1125 719 1205 760 pro
1226 703 1312 755 illa,
1332 718 1445 747 nunc
1465 712 1603 760 rogat.

139 772 356 814 Caeterum
374 772 429 814 de
450 772 697 814 reducenda
716 771 759 812 id
781 771 926 821 facias,
948 771 1065 825 quod
1085 771 1128 812 in
1147 785 1237 812 rem
1258 771 1313 811 sit
1332 777 1463 812 tuam.

139 837 361 880 Parturire
381 852 489 887 eam,
511 852 650 892 neque
671 837 891 892 gravidam
909 852 1005 879 esse
1026 851 1082 878 ex
1103 844 1162 887 te,
1184 835 1300 878 solus
1321 837 1531 878 conscius.

137 903 254 946 Nam
274 904 393 945 aiunt
410 911 551 946 tecum
571 910 671 959 post
689 903 859 944 duobus
880 903 1162 945 concubuisse
1182 902 1424 944 mensibus:

80 1021 118 1046 ut
139 1022 244 1046 taceat
266 1022 399 1052 tantum,
424 1016 505 1046 Nam
526 1017 563 1045 de
585 1016 764 1051 reducenda,
787 1016 822 1045 id

79 1069 149 1089 vero
184 1061 356 1099 neutiquam
393 1060 545 1089 honestum
577 1069 639 1089 esse
676 1059 819 1088 arbitror.

81 1101 203 1133 Verum
235 1111 344 1132 amore
375 1101 511 1132 multum
549 1108 690 1132 aestuans
726 1100 818 1142 inge-

79 1144 195 1182 miscit,
206 1144 292 1185 quod
302 1144 491 1176 necessitate
503 1151 687 1186 separetur;
707 1154 818 1185 quam-

79 1198 175 1228 quam
191 1188 248 1219 dat
269 1187 330 1219 sibi
346 1187 606 1225 consolationem,
625 1198 690 1218 non
706 1187 819 1218 didicit

77 1232 119 1262 ab
149 1238 255 1262 amata
284 1231 458 1269 discedere,
489 1238 525 1262 ut
551 1238 626 1262 ante
656 1230 818 1262 exclusam

78 1275 281 1306 meretricem
302 1275 451 1306 discessit
467 1275 718 1314 (consolationerm
741 1275 821 1315 quod

77 1328 136 1349 non
157 1329 236 1350 nunc
256 1320 355 1349 discat
369 1320 409 1349 ab
430 1323 533 1349 amata
549 1319 712 1354 discedere,
729 1329 819 1358 quum

75 1367 149 1392 ante
166 1364 303 1393 exclusus
321 1373 341 1392 a
360 1363 515 1392 meretrice
537 1363 718 1392 discesserit.
754 1360 818 1400 Z.).

123 1449 174 1478 23.
199 1446 416 1488 Namvitium]
441 1447 501 1478 Est
523 1446 691 1478 consessio.
737 1448 820 1478 Nam

75 1493 184 1522 vitium
199 1496 245 1522 est
259 1490 408 1531 oblatum]
426 1490 534 1532 Coepit
547 1501 567 1521 a
581 1501 685 1521 causa.
725 1492 818 1521 Obla-

80 1533 160 1575 tum]
193 1534 245 1565 Ad
276 1535 445 1576 repentina
478 1534 642 1575 pertinere
671 1534 820 1575 superius

76 1577 313 1608 annotavimus.
360 1577 403 1609 Et
417 1578 558 1613 oblatum,
575 1576 666 1618 quasi
682 1587 744 1608 non
761 1587 818 1608 ex-

79 1620 237 1662 spectanti
254 1627 287 1651 et
302 1620 434 1652 nolenti.
478 1619 615 1661 Virgini]
632 1620 732 1656 Quasi
748 1631 819 1661 quae

78 1663 146 1695 falli
164 1670 281 1706 posset.
329 1663 424 1705 Olim]
450 1663 550 1695 Recte
566 1665 635 1694 olim
647 1676 658 1695 .-
681 1664 756 1704 quia
770 1663 816 1694 sa-

76 1706 150 1738 cilis
180 1707 275 1738 venia
311 1707 396 1738 circa
432 1714 541 1738 vetera
573 1708 641 1747 jam
678 1707 814 1738 delicta:

76 1750 166 1781 unde
181 1757 284 1781 tentat
301 1750 454 1792 temporis
476 1750 710 1791 longinquitate
726 1756 816 1781 exte-

79 1803 179 1824 nuare
194 1800 371 1835 peccatum.
412 1795 490 1825 Olim
501 1803 587 1835 ergo,
600 1800 674 1824 ante
690 1803 817 1824 menses

79 1846 205 1868 novem.
250 1839 301 1868 Ab
330 1839 427 1868 nescio
455 1848 512 1877 quo
550 1836 697 1877 improbo]
730 1836 817 1867 Mire

77 1879 249 1911 contemsit
271 1890 451 1921 personam,
474 1879 610 1910 dicendo
631 1882 729 1910 nescio
750 1891 816 1920 quo,

78 1922 112 1954 id
139 1930 196 1959 est,
221 1923 330 1954 nescio
360 1933 454 1963 quem
478 1922 578 1954 dixit:
611 1930 647 1953 ut
670 1922 818 1954 ostendat

77 1966 262 2008 ignobilem,
294 1967 339 1997 ita
367 1965 429 2007 (et)
460 1967 627 2006 abjectum.
674 1966 758 1997 Nam
789 1966 817 1997 si

76 2019 195 2041 nomen
218 2010 267 2040 illi
289 2016 347 2046 est,
370 2010 467 2040 habet
482 2016 515 2041 et
536 2009 746 2050 dignitatem:
771 2015 817 2047 ut,

77 2052 155 2084 AEn.
172 2053 205 2084 ii.
223 2054 273 2084 89.
290 2059 320 2084 et
335 2065 387 2084 nos
402 2054 525 2093 aliquod
539 2063 697 2093 nomenque
712 2054 816 2083 decus-

76 2107 134 2137 que
152 2098 312 2128 Gessimus.
359 2097 402 2127 Et
418 2107 459 2127 ne
481 2096 608 2137 placere
625 2095 771 2126 videatur
790 2095 817 2126 is

77 2139 133 2180 qui
154 2140 240 2176 fecit,
263 2142 427 2180 improbum
449 2139 540 2170 dixit.
580 2139 749 2170 D.—Nam
770 2141 816 2170 vi-

77 2182 170 2224 tium]
187 2183 329 2221 Servius,
347 2183 422 2214 AEn.
433 2183 477 2214 xi.
492 2183 564 2216 687.
599 2183 635 2213 L.

121 2227 172 2258 25.
190 2229 250 2258 Sed
264 2238 351 2267 quum
365 2234 451 2257 orata
462 2225 544 2267 ejus]
562 2226 654 2257 Bona
668 2223 814 2265 παρένθε·

78 2280 136 2301 cis.
169 2271 291 2310 Nequeo
302 2273 373 2311 quin
389 2272 548 2301 lacrumem
560 2268 664 2309 miser]
680 2268 817 2300 Videtur

76 2312 168 2353 quasi
194 2313 386 2344 distillantes
412 2313 507 2344 fletur
530 2313 704 2354 detergere.
750 2314 815 2343 Ne-

78 2355 168 2396 queo]
186 2356 287 2388 Deest
301 2359 459 2388 continere.
494 2357 534 2387 D.

121 2400 172 2430 26.
186 2399 316 2440 Quaeque
319 2399 388 2441 sors
390 2399 537 2440 fortuna]
551 2399 708 2430 Precatio.
739 2400 816 2430 Fors

68 2440 215 2483 fortuna]
243 2442 356 2483 ’Τφένε
394 2443 428 2474 id
457 2450 516 2480 est,
546 2443 651 2474 subita
678 2442 814 2473 fortuna.

79 2484 124 2515 Et
140 2484 279 2524 sor-tuna,
304 2487 339 2517 in
361 2486 505 2517 incerto:
529 2485 599 2526 sors
613 2484 755 2526 fortuna,
780 2485 814 2516 in

78 2527 163 2558 bono
184 2529 324 2569 ponitur.
369 2529 459 2570 Virg.
477 2529 554 2560 AEn.
571 2529 614 2560 ix.
631 2530 682 2559 41.
706 2531 740 2560 Si
755 2540 815 2568 qua

77 2573 194 2602 interea
200 2570 330 2645 ¹figor-tuna
336 2571 459 2612 suisset.
490 2573 534 2604 Et
544 2573 624 2615 ipse,
640 2571 813 2613 Osorssor—

76 2619 152 2645 tuna
164 2618 178 2646 Ι
243 2637 251 2645 .

122 2657 172 2690 27.
188 2658 251 2688 Per
263 2668 329 2689 eam
342 2663 371 2689 te
386 2657 584 2699 obtestamur]
599 2658 749 2690 Oratorie
762 2657 814 2689 in-

77 2700 240 2732 ducuntur
264 2707 297 2732 et
321 2711 380 2743 pro
404 2701 585 2732 tacentibus
610 2700 813 2743 (absentibus)

77 2754 198 2785 preces.
244 2745 306 2775 Per
333 2755 399 2775 eam
434 2749 463 2775 te
491 2746 673 2775 obtestamur
701 2743 813 2785 ambae]

77 2788 250 2819 ‚Obeestatio
264 2794 313 2818 est
328 2787 471 2829 precatio
486 2797 559 2818 cum
581 2787 746 2818 mentione
761 2797 814 2818 ea-

76 2838 150 2862 rum
168 2841 286 2868 rerum,
309 2841 368 2872 per
386 2840 465 2871 quas
486 2829 647 2872 petimus:
672 2837 718 2867 ut,
738 2830 815 2861 AEn.

75 2883 109 2904 x.
125 2874 177 2905 45.
190 2885 246 2914 per
261 2885 379 2910 eversae,
398 2876 529 2914 genitor,
543 2871 699 2915 sannatia
715 2873 814 2914 Troice

77 2918 210 2949 Excidio
223 2919 362 2948 obtestor.
397 2918 431 2947 Si
435 2916 501 2958 sas,
514 2916 606 2957 sijus
616 2915 678 2957 est]
696 2916 814 2947 Utrum

77 2959 138 2991 hnc
157 2960 339 2996 invidiose;
362 2970 403 2991 an
418 2959 509 3001 quasi
524 2959 653 2996 femina,
674 2969 746 3000 quae
766 2959 813 2990 le-

75 3012 134 3044 ges
152 3004 300 3035 nesciat?
341 3004 621 3035 D.-0bteaetamur
635 3001 746 3043 ambe]
760 3003 812 3034 Al.

863 1016 1058 1045 obsecramus.
1098 996 1245 1044 L—Pro
1260 1015 1454 1050 obtestamur,
1471 1025 1542 1056 quae
1557 1022 1606 1047 est

862 1057 958 1088 lectio
974 1055 1096 1088 Donati
1114 1063 1147 1088 et
1161 1055 1296 1088 aliorum
1312 1057 1403 1088 codd.
1427 1057 1604 1096 Bentleius.

862 1100 944 1132 duce
960 1100 987 1131 F
989 1110 1087 1132 aerno
1102 1107 1135 1131 et
1149 1099 1339 1132 auctoritate
1360 1101 1451 1132 codd.
1468 1103 1604 1133 obsecra-

862 1155 935 1175 mus.
969 1143 1006 1174 Z.

904 1188 955 1218 28.
979 1188 1033 1218 Uti
1047 1189 1174 1218 adversa
1186 1185 1269 1228 ejus]
1287 1186 1374 1218 Mire
1390 1198 1455 1218 non
1470 1188 1603 1226 crimen,

861 1231 918 1261 sed
927 1232 1063 1261 adversa.
1086 1232 1150 1261 Per
1165 1235 1194 1261 te
1206 1235 1295 1267 tecta,
1311 1231 1480 1273 tacitaque]
1500 1233 1602 1269 Tecta,

861 1273 888 1304 si
903 1273 1048 1304 reducis:
1066 1276 1170 1310 tacita,
1186 1273 1214 1305 si
1229 1273 1381 1322 repudias
1395 1275 1455 1306 sub
1470 1275 1534 1306 alia
1546 1285 1603 1306 ex·

861 1316 1035 1348 cusatione.
1074 1317 1128 1348 An
1142 1316 1229 1348 idem
1251 1317 1456 1358 Significant?
1480 1328 1522 1349 an
1544 1329 1602 1360 po-

863 1359 937 1398 tius,
964 1370 1068 1400 neque
1092 1360 1191 1391 verbo
1213 1359 1359 1391 indices?
1383 1371 1424 1392 an
1451 1367 1540 1398 tecta,
1563 1372 1605 1393 ne

862 1403 1049 1434 videantur:
1074 1405 1179 1440 tacita,
1190 1413 1232 1434 ne
1245 1403 1414 1435 dicantur?
1437 1406 1538 1442 Tecta,
1555 1411 1603 1436 ta-

862 1446 997 1488 citaque]
1026 1447 1118 1478 Tecta
1141 1446 1215 1484 sint,
1239 1456 1281 1477 ne
1311 1447 1379 1478 haec
1401 1447 1458 1478 alii
1481 1447 1603 1480 sciant:

863 1492 968 1527 tacita,
986 1500 1026 1521 ne
1041 1489 1111 1531 ipse
1126 1489 1256 1521 indicet.
1290 1490 1331 1521 D.

906 1535 956 1565 29.
982 1535 1016 1564 Si
1039 1544 1168 1574 unquam
1187 1544 1262 1574 erga
1286 1533 1331 1574 te]
1365 1534 1455 1575 Virg.
1480 1533 1555 1566 AEn.
1572 1545 1602 1566 v.

863 1576 934 1609 798.
961 1578 995 1607 Si
1021 1588 1157 1608 concessa
1182 1582 1262 1616 peto,
1288 1579 1316 1608 si
1338 1579 1414 1608 dant
1436 1588 1472 1608 ea
1494 1581 1604 1609 moenia

862 1621 979 1651 Parcae.
1017 1620 1190 1651 Terentius
1215 1619 1250 1650 in
1266 1620 1368 1651 Andr.
1385 1622 1419 1651 Si
1438 1626 1467 1652 te
1480 1623 1513 1651 in
1530 1633 1603 1662 ger-

861 1665 943 1694 mani
957 1662 1074 1704 sratris
1095 1665 1190 1694 dilexi
1206 1665 1275 1700 loco,
1291 1665 1360 1694 Sive
1381 1666 1445 1695 haec
1467 1669 1495 1695 te
1510 1666 1603 1695 solum

859 1718 974 1747 semper
986 1706 1067 1747 fecit
1087 1709 1219 1737 maximi.
1251 1708 1286 1737 Si
1307 1718 1436 1748 unquam
1457 1719 1531 1748 erga
1557 1707 1602 1749 te]

859 1750 913 1781 Ab
925 1756 1072 1781 anteacta
1085 1749 1160 1781 vita.
1194 1750 1369 1791 D.—Lege
1385 1753 1419 1781 Si
1431 1762 1560 1792 unquam
1575 1757 1604 1783 te

859 1804 933 1834 erga
948 1804 975 1824 a.
992 1804 1018 1824 e.
1035 1805 1064 1824 a.
1079 1795 1182 1830 sensti,
1197 1798 1254 1824 etc.
1285 1793 1322 1824 B.

904 1837 954 1867 30.
978 1838 1031 1867 Uti
1054 1838 1114 1867 sibi
1142 1838 1195 1867 des
1227 1848 1282 1876 pro
1305 1835 1376 1877 illa]
1409 1837 1604 1869 Subauditui-

857 1882 972 1919 gratia.
1005 1879 1195 1910 D.—Reete
1213 1879 1356 1910 Faernus
1371 1880 1412 1911 ob
1428 1890 1555 1911 versum
1571 1886 1605 1912 et

862 1923 1026 1954 Donatum
1042 1933 1100 1964 pro
1115 1925 1161 1953 uti
1176 1922 1255 1964 legit
1269 1928 1312 1954 ut.
1342 1923 1379 1953 B.

905 1967 955 1996 31.
969 1968 1117 1997 Caeterum
1129 1968 1165 1997 de
1176 1965 1362 2006 reducenda]
1378 1965 1496 1997 Tentat
1505 1965 1603 1998 etiam

861 2009 921 2040 hoc
930 2008 1132 2051 persuadere,
1144 2009 1201 2040 sed
1213 2008 1352 2040 oratorie
1366 2015 1399 2040 et
1410 2010 1600 2042 verecunde.

862 2052 907 2083 Et
922 2051 1011 2090 mire,
1027 2054 1064 2083 de
1078 2054 1248 2083 reducenda
1262 2051 1355 2089 dixit,
1370 2062 1434 2084 non
1444 2054 1481 2083 de
1496 2064 1600 2094 respu-

860 2097 947 2126 enda.
975 2097 1062 2129 Quod
1073 2097 1106 2126 in
1120 2106 1181 2126 rem
1197 2098 1238 2126 sit
1253 2094 1352 2136 mam]
1370 2095 1455 2126 Nam
1471 2095 1534 2127 nisi
1548 2106 1600 2128 re·

860 2139 1005 2175 ducatur,
1030 2138 1194 2169 reddenda
1224 2139 1282 2170 dos
1309 2138 1379 2170 erit.
1431 2139 1602 2171 D.—Cm‘n

860 2181 1001 2213 iambum
1026 2181 1207 2213 trochaicus
1233 2192 1297 2213 non
1320 2181 1478 2220 admittat,
1502 2183 1600 2214 Faer-

861 2235 922 2256 nus
938 2225 1039 2256 edidit
1052 2227 1251 2256 redducenda.
1283 2225 1321 2256 B.

904 2270 954 2299 32.
978 2271 1064 2299 Solus
1089 2268 1238 2309 conscius]
1267 2269 1298 2299 A
1321 2267 1475 2310 possibili.
1515 2269 1601 2301 Nam

859 2312 919 2342 hoc
943 2312 1073 2343 nomine
1099 2311 1240 2343 ostendit
1264 2318 1370 2343 meere
1393 2322 1468 2343 eum
1495 2321 1600 2354 posse,

858 2355 943 2396 quod
958 2354 1105 2386 conscius
1120 2355 1163 2386 sit
1177 2355 1247 2397 ipse
1262 2354 1358 2386 solus.
1387 2355 1429 2386 D.

902 2399 952 2429 33.
969 2400 1052 2429 Nam
1078 2397 1183 2439 aiunt]
1216 2398 1394 2429 Honestius
1417 2401 1514 2436 aiunt,
1540 2409 1600 2441 pro

858 2444 913 2479 ait,
930 2441 1021 2472 dixit.
1059 2441 1144 2472 Nam
1163 2441 1234 2482 quis
1247 2448 1303 2472 aut
1317 2441 1399 2472 scire
1414 2448 1470 2473 aut
1494 2442 1601 2474 dicere

857 2485 972 2527 potuit,
990 2484 1052 2516 nisi
1062 2484 1277 2516 Philumena?
1302 2495 1378 2526 ergo
1390 2493 1486 2516 recte.
1502 2487 1601 2518 Aiunt

858 2528 945 2559 enim
959 2528 1067 2570 potius
1079 2528 1248 2559 honestum
1264 2534 1322 2565 est,
1335 2537 1430 2569 quam
1445 2531 1500 2560 ait.
1526 2530 1601 2561 Pur

858 2574 971 2603 duobus
982 2573 1172 2603 concubuisse
1182 2582 1247 2603 eam
1258 2570 1424 2613 mensibus]
1440 2573 1514 2603 Part
1525 2574 1600 2604 dno-

859 2617 922 2653 bus,
946 2614 1136 2656 simpliciter
1160 2614 1392 2656 accipiendum,
1424 2625 1488 2646 non
1524 2622 1600 2658 poet

857 2658 958 2689 duos:
993 2663 1043 2688 est
1064 2657 1151 2689 enim
1174 2657 1377 2698 ἀντιστροφὴ,
1400 2667 1460 2700 pro
1487 2660 1601 2691 duobus

855 2707 943 2742 pou,-
964 2700 999 2732 id
1014 2707 1073 2738 est,
1088 2711 1155 2732 non
1169 2700 1278 2732 statim
1291 2706 1328 2732 ut
1348 2707 1450 2743 nupta
1462 2701 1516 2740 sit,
1530 2702 1598 2741 sed,

857 2750 1026 2786 postquam
1051 2750 1153 2785 nupta
1179 2752 1238 2781 est,
1325 2749 1338 2775 t
1366 2744 1447 2777 duo·
1470 2754 1598 2778 mense·

858 2788 1064 2830 nuptiarum:
1088 2793 1125 2818 ut
1139 2786 1206 2818 sint
1218 2786 1334 2828 reliqui
1354 2787 1495 2830 quinque
1505 2788 1596 2821 meno

859 2840 920 2862 ses.
955 2830 1000 2861 Et
1020 2828 1095 2860 hinc
1114 2836 1258 2872 apparet,
1281 2830 1447 2863 antedoce
1459 2836 1596 2870 men-35

855 2873 1044 2916 priusquam
1069 2883 1142 2904 cum
1166 2873 1337 2915 Pamphilo
1360 2875 1596 2915 concumberet,

856 2916 1012 2953 vitiatam,
1049 2922 1186 2957 quantor
1226 2915 1492 2956 (Westerboviua
1527 2919 1597 2952 vult

857 2959 921 3002 legi
946 2961 1085 3001 quinque.
1128 2959 1193 2991 Sed
1219 2960 1299 2992 eatis
1323 2960 1443 3004 inepte.
1477 2962 1598 2994 Omnia

857 3002 943 3034 enirn
958 3011 1036 3034 sana
1057 3009 1134 3035 sunt
1155 3003 1208 3044 Z.)
1224 3003 1388 3037 mensibu
1405 3015 1479 3038 cum
1502 3006 1596 3038 Pam-

1032 3048 1051 3076 3
1068 3055 1088 3077 τ
