1852 3216
457 814 715 853 FABULAE
755 810 1348 851 INTERLOCUTORES.

179 916 365 949 Auni-no
382 913 588 948 adolescens.
691 912 831 947 Doaus
849 912 1028 946 eunuchus.
1206 910 1379 944 Pvums
1398 907 1537 942 ancilla.

178 970 351 1006 Oua-:tum
368 971 573 1006 adolescens.
692 967 861 1003 Gna-ruo
876 968 1066 1013 parasitus.
1206 964 1340 1000 SANGA
1358 965 1442 999 lisca.

176 1027 369 1062 Cnasuss
387 1027 581 1062 adolescens
693 1025 848 1059 LAcuzs
865 1036 979 1058 senex.
1209 1022 1423 1056 Somnum
1441 1021 1571 1055 nutrix.

239 1085 398 1118 rusticus.
694 1081 890 1116 Pnuumo
907 1092 1036 1115 servus.
1206 1077 1335 1112 Tuus
1352 1077 1524 1112 meretrix.

176 1141 329 1176 Domus
347 1141 485 1176 ancilla.
694 1138 886 1173 Passum..
904 1137 1112 1172 adolescens.
1205 1134 1368 1170 TnaAso
1386 1134 1493 1168 miles.

490 1335 820 1374 IDIOMATA
858 1331 1312 1372 PERSONARUM.

196 1437 352 1478 Antipho,
369 1438 448 1477 quod
462 1438 564 1467 obvius
579 1440 738 1476 appareat.
784 1434 928 1469 Chaerea,
942 1445 962 1464 a
974 1434 1090 1474 gaudio
1100 1444 1110 1462 :
1134 1433 1263 1472 ephebus
1273 1433 1316 1462 ad
1330 1432 1448 1471 quidvis
1464 1431 1577 1466 audax,
1589 1431 1671 1460 inco-

125 1493 240 1531 gitans,
256 1496 286 1521 et
303 1493 480 1530 impotenter
495 1501 609 1521 amans.
655 1488 822 1525 Chremes,
839 1489 1009 1518 adolescens
1031 1487 1099 1516 ruri
1120 1486 1276 1522 educatus,
1293 1495 1383 1524 eoque
1399 1485 1533 1514 civilium
1550 1484 1671 1514 blandi-

129 1546 240 1574 tiarum
256 1545 394 1579 insolens,
411 1548 441 1574 et
462 1545 575 1573 artium
590 1544 757 1581 imperitus.
805 1539 934 1577 Dorias,
950 1541 990 1570 ab
1001 1541 1101 1576 hasta,
1117 1540 1198 1579 quod
1212 1540 1244 1568 in
1259 1539 1334 1568 bello
1349 1542 1441 1577 capta
1455 1539 1507 1567 sit.
1553 1536 1673 1573 Dorus,

127 1599 207 1636 quod
221 1598 296 1628 dono
308 1598 450 1627 mittatur
468 1597 592 1626 Thaidi.
637 1594 778 1631 Gnatho,
796 1605 816 1624 a
830 1595 1017 1629 mandibula,
1034 1597 1069 1623 ut
1083 1593 1170 1623 edax.
1215 1592 1362 1631 Pingitur
1377 1595 1547 1622 assentator
1562 1595 1592 1621 et
1607 1591 1672 1620 cal-

128 1652 217 1681 lidus.
264 1650 399 1686 Laches,
414 1661 434 1680 a
446 1651 597 1680 sortiendo
611 1651 674 1679 sive
687 1650 727 1679 ab
742 1648 924 1678 intendendo
939 1648 1086 1677 actionem
1101 1644 1295 1685 injuriarum,
1314 1646 1387 1684 pius
1402 1646 1435 1674 in
1442 1645 1526 1683 filios
1540 1649 1571 1675 et
1586 1645 1672 1674 vehe-

130 1705 222 1734 menti
251 1705 380 1743 ingenio.
420 1703 590 1739 Parmeno,
613 1703 693 1742 quod
718 1702 821 1732 sedulo
844 1702 928 1731 adsit
951 1701 1068 1730 domino
1091 1709 1153 1735 suo,
1179 1699 1309 1729 callidus
1331 1702 1361 1729 et
1384 1708 1451 1728 osor
1471 1699 1671 1728 meretricum.

129 1755 287 1794 Phaedria,
303 1758 342 1787 ab
357 1757 516 1787 hilaritate
531 1766 654 1792 morum,
670 1756 813 1786 cordatus
827 1755 1008 1790 adolescens,
1024 1757 1055 1783 et
1070 1763 1137 1783 cum
1152 1753 1252 1782 morbo
1266 1762 1320 1782 suo
1330 1761 1482 1791 pugnans.
1528 1750 1673 1792 Pythias,

129 1813 165 1842 ob
187 1813 397 1847 calliditatem,
414 1815 469 1840 aut
489 1811 569 1850 quod
590 1811 690 1840 omnia
709 1813 913 1849 percontetur.
959 1807 1076 1847 Sanga,
1099 1817 1120 1836 a
1142 1803 1261 1844 σάττω,
1278 1807 1331 1836 hoc
1353 1810 1408 1842 est,
1425 1816 1445 1835 a
1467 1807 1674 1844 componendis

129 1867 259 1895 sarcinis
274 1866 375 1895 dictus
389 1865 519 1894 videtur.
543 1864 690 1903 Fingitur
704 1864 781 1893 liber
795 1873 832 1892 ac
844 1862 957 1892 domini
972 1864 1144 1894 contemtor.
1158 1857 1340 1898 qualessere
1356 1860 1452 1898 coqui.
1492 1857 1672 1898 Sophrona,

128 1930 147 1949 a
164 1919 364 1958 temperantia
386 1922 417 1948 et
438 1927 550 1947 morum
564 1915 764 1956 frugalitate.
809 1913 918 1951 Thais,
934 1925 954 1944 a
973 1924 1088 1953 pavone
1103 1914 1224 1943 videtur
1238 1913 1332 1948 dicta,
1349 1913 1459 1942 addita
1476 1913 1672 1950 aspiratione.

129 1973 291 2002 Indacitur
312 1972 438 2001 cordata
460 1974 490 2001 et
512 1971 619 2007 civilis,
636 1975 667 2000 et
689 1971 769 1999 inter
792 1969 964 1999 meretrices
980 1968 1087 2006 probis
1108 1967 1251 1997 moribus.
1297 1964 1432 2002 Thraso,
1449 1976 1468 1995 a
1482 1966 1672 2004 confidentia.

129 2026 276 2065 Pingitur
290 2025 417 2055 stolidus
434 2029 464 2055 et
479 2034 636 2064 arrogans.
