1852 3216
603 378 1098 419 ARGUMENTUM.

138 464 316 495 Cunnum
330 462 469 502 Atticus,
483 469 576 506 pater
590 464 751 496 Pasibulae
765 471 798 496 et
814 464 1024 502 Philumenae,
1038 474 1112 495 cum
1129 473 1170 495 ex
1185 463 1236 495 his
1252 463 1376 495 duabus
1394 475 1427 495 se
1442 465 1625 498 Pasibulam

79 514 258 556 perdidisse
269 514 349 546 falso
362 514 518 552 crederet,
530 514 676 546 relictam
691 515 840 553 Athenis,
858 525 918 547 nec
933 515 1035 547 visam
1052 522 1165 556 postea
1182 515 1283 546 multo
1301 523 1454 557 tempore,
1473 523 1625 557 tunquam

79 565 207 596 unicam
222 565 283 596 sibi
302 566 437 607 putabat
457 566 693 604 Philumenam,
715 577 811 607 quam
832 565 994 597 Charinus
1015 566 1202 597 adolescens
1226 567 1437 598 Atheniensis
1458 569 1625 600 adfflnabat

78 616 184 653 unice,
201 623 233 647 et
250 616 312 647 sibi
328 617 460 658 petebat
475 627 619 648 uxorem.
666 617 731 648 Sed
743 624 836 659 pater
851 628 921 648 eam
939 617 1111 659 Pamphilo
1126 618 1264 655 cuidam,
1284 618 1426 650 Simonis
1443 619 1519 657 filio,
1541 620 1626 651 ultro

73 667 306 709 desponderat:
332 668 387 708 qui
405 668 595 710 Pamphilus
610 675 723 700 contra
735 679 878 700 sororem
895 669 1073 710 Chrysidis,
1091 679 1128 700 ac
1144 669 1350 711 peregrinam
1370 678 1436 701 tum
1453 670 1624 708 creditam,

78 717 262 749 Pasibulam
279 729 376 761 supra
391 718 519 756 dietam,
536 719 671 751 alteram
688 719 871 751 Chremetis
887 719 996 757 filiam,
1015 720 1074 751 sub
1091 719 1222 751 nomine
1238 720 1393 762 Glycerii,
1416 720 1556 752 latenter
1577 722 1624 753 sic

77 769 206 806 amavit,
224 776 260 800 ut
276 780 317 800 ex
333 779 371 800 ea
386 769 490 801 filium
506 770 701 812 suscepisset
715 770 818 802 inscio
837 777 939 812 patre.
985 771 1059 806 Qua
1076 781 1111 802 re
1133 770 1309 809 intellecta,
1330 778 1510 803 commotus
1532 772 1623 803 Simo

76 826 167 862 pater
180 820 352 862 Pamphili,
367 821 444 852 dum
458 831 516 862 per
529 821 624 852 falsas
640 822 771 863 nuptias
783 827 887 853 tentat
899 821 1044 852 animum
1059 821 1231 863 Pamphili,
1246 822 1358 854 multis
1374 822 1478 854 modis
1492 833 1511 854 a
1528 823 1623 855 Davo

74 871 144 912 ipse
161 871 323 902 deluditur
338 881 449 908 servo3
473 872 680 913 periculoque
697 873 832 904 Charini
849 879 881 903 et
898 872 1191 914 Pamphili-motus
1213 883 1303 904 error
1324 874 1359 904 in
1383 873 1500 912 fabula,
1521 884 1624 915 usque

76 922 116 953 ad
132 933 205 953 eum
223 923 319 954 finem
337 922 452 954 ductus
468 929 526 961 est,
546 923 623 954 dum
645 924 791 955 Athenas
809 923 944 955 veniens
964 923 1110 955 Andrius
1129 925 1259 965 quidam
1282 924 1374 957 Crito
1395 936 1465 957 rem
1487 927 1622 968 aperiat,

76 980 109 1005 et
123 974 243 1005 nodum
260 974 376 1005 fabulae
391 974 511 1005 solvat:
536 985 595 1016 per
611 985 706 1015 quem
723 974 834 1015 agnita
851 974 1003 1006 Pasibula
1019 974 1178 1016 recipitur
1193 986 1210 1007 a
1223 975 1422 1017 parentibus,
1438 983 1471 1008 et
1483 977 1625 1009 traditur

77 1025 246 1066 Pamphilo
261 1025 402 1056 amanti:
428 1025 623 1056 Philumena
637 1036 715 1057 vero
731 1025 874 1057 Charino
888 1026 1118 1067 despondetur,
1135 1033 1168 1058 et
1185 1027 1323 1059 traditur
1339 1028 1517 1069 exoptanti.
1543 1029 1622 1060 Per-

76 1082 185 1117 specto
201 1082 391 1117 argumento
407 1076 490 1107 scire
505 1076 660 1107 debemus
674 1077 758 1108 hanc
775 1087 846 1108 esse
861 1076 1016 1109 virtutem
1032 1077 1204 1119 poeticam,
1220 1083 1258 1109 ut
1278 1088 1298 1109 a
1318 1078 1505 1110 novissimis
1525 1090 1624 1121 argu-

74 1126 176 1158 menti
191 1127 287 1158 rebus
302 1126 472 1168 incipiens,
489 1126 619 1158 initium
633 1127 748 1159 fabulae
761 1134 794 1159 et
808 1128 968 1170 originem
981 1129 1145 1160 narrative
1157 1129 1273 1160 reddat
1284 1130 1531 1172 spectatoribus,
1544 1141 1621 1162 auc-

75 1184 241 1218 toremque
256 1184 450 1219 pmentem
465 1178 527 1209 sibi
543 1177 705 1216 exhibeat,
721 1179 777 1210 ubi
793 1178 869 1211 finis
884 1186 933 1211 est
949 1179 1074 1211 fabulae.
1122 1180 1222 1212 Hunc
1238 1180 1326 1212 enim
1343 1181 1453 1212 orbem
1468 1188 1502 1213 et
1516 1182 1622 1214 circu-

74 1229 140 1261 lum
158 1229 292 1271 poeticae
307 1229 437 1261 virtutis
452 1240 517 1261 non
534 1230 629 1261 modo
644 1230 748 1261 secuti
768 1237 846 1262 sunt
867 1230 981 1272 tragici
999 1230 1179 1272 comicique
1198 1238 1356 1270 auctores,
1377 1233 1435 1264 sed
1457 1233 1623 1266 Homerus

75 1280 172 1311 etiam
188 1287 221 1312 et
236 1280 395 1322 Virgilius
411 1287 594 1312 tenuerunt.
633 1280 837 1312 Divisionem
853 1288 984 1313 actuum
997 1282 1032 1313 in
1049 1282 1176 1314 Latinis
1192 1282 1309 1314 fabulis
1325 1282 1546 1315 internoscere
1559 1284 1622 1315 dif-

75 1331 159 1362 ficile
175 1338 242 1363 est:
267 1342 396 1363 causam
411 1332 602 1373 jamdudum
618 1333 920 1366 demonstravimus.
967 1334 1063 1365 Unde
1079 1341 1198 1373 autem,
1214 1341 1271 1366 aut
1285 1336 1456 1376 quomodo,
1475 1337 1623 1378 quamvis

74 1393 169 1422 aegre,
186 1389 295 1414 tamen
310 1382 450 1424 intelligi
466 1383 686 1424 distinguique
700 1383 836 1426 possint,
858 1391 908 1416 est
928 1395 1035 1426 operae
1055 1385 1198 1427 pretium
1218 1385 1336 1418 dicere.
1382 1387 1550 1429 Principio
1571 1388 1621 1419 di·

74 1433 213 1464 cendum
235 1440 294 1471 est,
311 1433 433 1464 nullam
455 1444 627 1475 personam
650 1445 812 1475 egressam
836 1435 1017 1476 quinquies,
1041 1436 1126 1467 ultra
1151 1436 1242 1468 exire
1269 1447 1373 1478 posse.
1420 1438 1485 1469 Sed
1510 1438 1565 1470 illa
1585 1449 1621 1470 re

74 1483 265 1525 plerumque
287 1484 477 1526 decipimur,
499 1485 584 1526 quod
603 1495 785 1527 personam,
808 1496 883 1517 cum
903 1486 1050 1524 tacuerit,
1066 1497 1230 1528 egressam
1250 1487 1331 1519 falso
1354 1494 1525 1530 putamus:
1550 1500 1621 1530 quae

73 1534 284 1566 nihilominus
300 1534 334 1565 in
350 1535 520 1576 proscenio
536 1541 646 1567 tacens
660 1536 813 1577 loquendi
829 1542 956 1579 tempus
973 1543 1150 1579 exspectat.
1197 1538 1258 1569 Est
1278 1538 1380 1580 igitur
1402 1545 1526 1571 attente
1548 1541 1620 1571 ani-

73 1585 350 1623 madvertendum,
367 1586 422 1617 ubi
439 1592 472 1617 et
486 1586 614 1627 quando
630 1596 729 1618 scena
744 1597 846 1618 vacua
861 1588 904 1619 sit
919 1589 959 1619 ab
975 1588 1125 1620 omnibus
1145 1589 1304 1631 personis,
1322 1596 1359 1621 ut
1378 1590 1414 1622 in
1435 1602 1473 1622 ea
1492 1592 1621 1631 chorus,

73 1636 123 1668 vel
147 1636 267 1669 tibicen
289 1637 394 1669 audiri
420 1637 540 1679 possit:
572 1638 658 1679 quod
681 1649 780 1680 quum
802 1639 990 1677 viderimus,
1014 1639 1060 1671 ibi
1085 1646 1195 1672 actum
1218 1651 1289 1672 esse
1312 1641 1442 1673 finitum
1464 1643 1621 1675 debemus

73 1698 255 1729 agnoscere.
301 1688 481 1721 Confundit
495 1699 582 1731 saepe
602 1689 757 1721 lectorem
778 1690 823 1729 id,
840 1690 926 1731 quod
945 1701 1085 1732 persona
1100 1691 1136 1722 in
1157 1691 1318 1734 superiori
1336 1703 1434 1725 scena
1456 1693 1620 1733 desinens,

73 1746 106 1770 et
126 1739 160 1770 in
182 1739 332 1781 proxima
352 1739 513 1782 incipiens
534 1740 633 1781 loqui,
656 1751 723 1772 non
744 1741 939 1783 intelligitur
961 1742 1131 1784 ingressa:
1169 1744 1255 1784 quod
1281 1744 1389 1786 ipsum
1412 1745 1620 1786 experientes

73 1789 182 1821 statim
198 1790 377 1831 dijudicant
392 1791 432 1822 de
447 1801 555 1822 rerum
571 1801 608 1822 ac
625 1798 808 1833 temporum
824 1793 1022 1833 quantitate:
1047 1800 1156 1835 potest
1172 1794 1260 1825 enim
1283 1794 1365 1833 fieri,
1388 1801 1426 1826 ut
1447 1802 1481 1827 et
1502 1795 1546 1826 sit
1567 1796 1619 1827 in-

72 1851 184 1882 gressa
199 1851 236 1872 ac
252 1851 389 1882 egressa,
407 1852 502 1882 quam
518 1852 617 1884 prave
642 1843 804 1875 credimus
820 1844 860 1875 de
874 1843 1046 1885 proscenio
1067 1855 1133 1876 non
1156 1845 1338 1877 recessisse.
1385 1846 1486 1877 Posse
1509 1853 1620 1879 autem

73 1892 186 1933 quinto
202 1893 312 1934 egredi
332 1904 513 1935 personam,
537 1903 602 1925 non
627 1900 660 1925 et
679 1905 811 1926 necesse
830 1905 901 1926 esse
921 1895 1070 1933 dicimus,
1093 1902 1131 1927 ut
1152 1902 1309 1937 appareat
1334 1896 1420 1928 ultra
1439 1897 1530 1929 exire
1552 1908 1620 1930 non

72 1954 184 1986 posse:
220 1943 255 1975 in
282 1944 454 1985 Tragoedia
476 1950 510 1975 et
529 1944 657 1986 parcius
676 1944 776 1984 exire,
798 1951 831 1976 et
848 1945 952 1977 solere
973 1946 1096 1988 pariter
1116 1953 1150 1978 et
1166 1946 1274 1978 licere.
1321 1947 1451 1979 Primus
1471 1954 1562 1981 actus
1583 1949 1620 1981 in

71 1997 199 2029 Andria
220 1998 442 2029 narrationem
466 1998 607 2029 Simonis
627 1998 715 2040 apud
739 1998 865 2030 Sosiam
887 1999 1035 2030 continet
1059 1999 1261 2041 argumenti:
1286 2000 1371 2041 quod
1393 2001 1534 2043 populus
1557 2002 1619 2034 hac

73 2048 240 2080 occasione
254 2049 411 2090 perdiscit
426 2059 503 2080 mox
517 2048 681 2090 querelam
698 2049 785 2090 apud
801 2060 836 2080 se
853 2050 939 2081 Davi
955 2050 996 2081 de
1011 2050 1153 2088 domino,
1170 2056 1204 2082 et
1227 2051 1372 2092 ejusdem
1390 2062 1465 2083 cum
1485 2052 1619 2085 domino

73 2101 188 2131 verba:
212 2106 246 2131 et
260 2110 372 2132 rursus
388 2100 532 2141 ejusdem
548 2100 631 2132 servi
649 2100 915 2132 deliberationem
931 2101 1009 2142 quid
1024 2112 1133 2133 rerum
1148 2108 1249 2143 gerat.
1284 2102 1427 2134 Secundi
1443 2109 1534 2135 actus
1548 2104 1620 2136 haec

73 2156 165 2182 sunt:
190 2151 324 2183 Charini
340 2152 438 2183 verba
453 2151 559 2193 primo
574 2162 649 2183 cum
665 2151 804 2193 Byrrhia
819 2162 923 2190 servo,
940 2158 973 2184 et
987 2159 1062 2194 post
1076 2163 1150 2184 cum
1165 2152 1237 2194 ipso
1252 2153 1423 2194 Pamphilo
1436 2153 1477 2186 de
1493 2155 1620 2196 nuptiis

74 2201 293 2234 Philumenae:
319 2202 405 2234 Davi
426 2203 640 2240 interventus,
658 2209 691 2234 et
706 2213 780 2234 cum
797 2213 836 2234 eo
851 2203 1029 2244 disputatio
1044 2203 1085 2234 de
1101 2203 1226 2245 nuptiis
1246 2203 1427 2245 Pamphili:
1454 2205 1620 2247 Pamphili

72 2262 177 2284 sermo
192 2264 264 2285 cum
279 2260 381 2295 patre,
399 2253 473 2284 dolo
488 2253 722 2285 consentientis
741 2254 775 2285 in
791 2254 942 2295 nuptias:
969 2255 1116 2296 Byrrhiae
1133 2255 1247 2286 verba:
1273 2255 1359 2287 Davi
1375 2255 1492 2288 callida
1513 2257 1618 2289 oratio

72 2303 241 2335 adversum
253 2314 374 2335 senem.
407 2304 519 2336 Tertio
535 2304 621 2335 actui
636 2305 706 2336 haec
722 2304 958 2336 attribuuntur:
979 2305 1119 2347 Mysidis
1134 2316 1208 2337 cum
1222 2306 1395 2337 obstetrice
1408 2306 1616 2354 colloquium,

74 2354 168 2387 Davo
189 2365 226 2386 ac
250 2355 382 2386 Simone
406 2354 633 2387 audientibus:
669 2362 782 2397 partus
805 2355 949 2398 Glycerii
972 2365 1143 2398 suspectus
1165 2356 1247 2394 seni,
1270 2362 1303 2387 et
1327 2357 1413 2388 Davi
1436 2358 1523 2399 apud
1545 2369 1622 2391 eum

72 2405 276 2438 fraudulenta
290 2407 536 2439 sermocinatio:
562 2407 705 2439 Simonis
720 2409 819 2439 verba
833 2417 907 2437 cum
924 2407 1098 2438 Chremete
1114 2407 1154 2438 de
1170 2407 1295 2449 nuptiis
1308 2419 1315 2438 ε
1342 2408 1428 2439 Davi
1443 2410 1615 2450 perturba-

72 2456 119 2488 tio
133 2467 170 2489 ac
186 2457 358 2499 Pamphili.
404 2459 562 2494 Quartum
579 2464 687 2490 actum
702 2469 763 2500 per
783 2459 852 2491 haec
877 2460 1110 2502 intelligimus:
1135 2460 1242 2503 prima
1262 2461 1398 2492 Charini
1419 2463 1518 2494 verba
1539 2470 1618 2495 sunt

71 2506 281 2549 indignantis,
304 2509 393 2540 velut
415 2509 513 2540 fidem
535 2509 597 2541 sibi
620 2520 686 2541 non
708 2516 868 2542 servatam
891 2522 911 2542 a
934 2512 1124 2553 Pamphilo:
1158 2518 1228 2543 tum
1249 2512 1389 2553 Mysidis
1412 2513 1511 2544 verba
1528 2514 1617 2556 apud

73 2558 287 2601 Pamphilum,
303 2560 510 2601 eJusdemque
526 2567 676 2601 questus:
702 2561 788 2592 Davi
803 2562 1042 2594 administratio
1057 2562 1123 2594 doli
1139 2563 1294 2594 adversus
1310 2563 1528 2595 Chremetem.
1573 2565 1616 2597 In

73 2608 186 2650 quinto
205 2616 296 2641 actu:
322 2610 462 2642 Simonis
481 2617 513 2642 et
531 2611 714 2642 Chremetis
733 2622 835 2653 prope
851 2612 998 2654 jurgium
1020 2613 1216 2655 disputatio:
1242 2621 1311 2644 tum
1330 2613 1470 2645 detectio
1491 2614 1615 2646 fallaci-

73 2669 165 2690 arum
186 2659 290 2691 Davi:
323 2666 392 2692 tum
412 2661 594 2702 indignatio
617 2661 719 2703 patris
740 2662 894 2694 adversus
919 2663 1040 2695 filium:
1076 2670 1145 2694 tum
1166 2663 1310 2695 Critonis
1332 2663 1556 2698 interventus:
1581 2673 1616 2698 et

70 2722 131 2754 per
146 2722 219 2743 eum
235 2713 374 2753 cognitis
388 2714 485 2744 rebus
499 2714 534 2745 in
550 2714 760 2755 tranquillum
781 2725 834 2746 res
855 2720 936 2752 acta,
959 2714 1153 2746 ducentibus
1174 2724 1304 2752 uxoreS,
1322 2725 1402 2756 quas
1416 2717 1613 2759 concupive-

70 2770 153 2799 rant,
171 2763 341 2804 Pamphilo
355 2770 388 2795 et
404 2764 555 2796 Charino.
599 2765 686 2796 Illud
701 2775 766 2797 non
782 2775 985 2797 commovere
1001 2775 1060 2797 nos
1076 2765 1182 2802 debet,
1199 2765 1285 2806 quod
1300 2765 1335 2798 in
1350 2766 1465 2799 horum
1481 2775 1614 2801 actuum

67 2813 275 2846 distinctione
290 2814 442 2846 videntur
457 2815 497 2846 de
513 2816 683 2857 proscenio
704 2827 768 2848 non
792 2815 980 2849 discessisse
1002 2826 1149 2857 personae
1164 2816 1330 2856 quaedam3
1354 2818 1411 2849 sed
1426 2824 1539 2851 tenere
1555 2820 1613 2851 de·

67 2864 189 2902 bemus,
206 2865 280 2896 ideo
296 2865 487 2896 Terentium
503 2865 679 2898 vicinitatis
694 2867 892 2898 mentionem
910 2867 1024 2898 fecisse
1040 2867 1074 2898 in
1091 2866 1264 2908 principio,
1278 2873 1314 2898 ut
1328 2868 1456 2900 modico
1477 2877 1614 2912 receptu

69 2921 102 2946 et
116 2916 227 2948 adesse
243 2923 275 2947 et
291 2917 402 2948 abesse
418 2927 590 2958 personam
605 2918 832 2960 intelligamus.
879 2917 971 2949 Nihil
988 2928 1064 2960 ergo
1080 2928 1172 2950 secus
1188 2917 1307 2950 factum
1330 2926 1380 2952 est
1399 2921 1440 2952 ab
1459 2921 1618 2962 antiquis,

70 2966 125 3006 qui
139 2967 180 2999 ad
194 2968 279 3000 hunc
296 2968 426 3000 modum
443 2968 658 3002 Terentianas
671 2970 795 3003 fabulas
813 2970 1004 3003 diviserunt.
