1852 3216
126 124 267 155 scmu
288 111 340 165 1.]

441 107 1367 154 HEAUTONTIMORUMENOS.

1555 110 1651 154 '301

182 210 223 240 45
242 200 416 243 Nedum
435 207 484 242 tu
502 200 658 256 possis.
709 199 838 242 Man.
863 200 1003 243 Estne
1023 215 1075 243 ea
1093 201 1242 244 intus?
1290 201 1376 243 Cn.
1399 201 1466 243 Sit
1486 215 1614 257 rogas
1631 203 1650 244 2

238 266 387 308 Sensi:
418 280 601 322 namque
621 266 662 308 ei
680 280 808 308 unam
827 280 994 309 coenam
1013 274 1143 322 atque
1162 267 1257 323 ejus
1276 266 1502 309 comitibus

239 332 382 373 Dedi:
414 332 533 387 quod
555 332 591 373 si
609 332 764 374 iterum
782 331 885 374 mihi
906 333 962 374 sit
982 333 1142 384 danda,
1162 340 1305 376 actum
1322 333 1419 375 siet.

240 397 370 447 Nam,
391 403 441 438 ut
458 396 540 439 alia
557 397 763 448 omittam,
784 398 1038 453 pytissando
1057 399 1186 441 modo
1205 398 1310 440 mihi

241 462 376 513 Quid,
398 463 504 517 quid
522 463 609 504 vini
627 463 858 505 absumsit!
901 465 962 506 sic
983 463 1082 515 hoc,
1104 465 1278 507 dicens:
1318 462 1553 520 Asperum,

184 537 225 569 50
243 527 388 578 Pater,
411 527 493 570 hoc
513 535 605 579 est3
636 527 753 570 aliud
773 527 910 571 lenius
930 530 1059 572 sodes
1080 530 1193 572 vide.

243 593 384 635 Relivi
405 593 520 635 dolia
539 595 695 644 omnia,
718 609 865 637 omnes
886 595 1042 637 serias:

243 659 406 701 Omnes
428 658 630 701 sollicitos
649 659 807 702 habui:
840 668 970 717 atque
990 660 1084 703 haec
1106 676 1191 703 una
1211 676 1311 703 nox.

172 795 222 824 45.
248 795 367 825 Nedum
383 799 416 824 tu
434 791 548 834 possis]
566 794 696 830 Nedum,
718 793 779 824 hoc
800 793 871 824 loco

130 836 277 878 negative
302 836 455 878 ponitur:
487 842 524 866 ut
546 837 616 867 Non
639 838 789 867 crederem
814 838 872 868 tibi

128 882 251 915 obolum,
266 881 372 910 nedum
384 890 441 919 pro
452 884 481 910 te
494 879 674 918 effunderem
686 882 871 920 sanguinem.

128 923 201 954 Jam
229 923 385 954 Chremes
413 921 605 953 Bacchidem
630 921 734 953 credit
755 922 873 954 Cliniae

128 976 198 997 esse
224 965 369 997 amicam.
415 965 459 996 Et
482 965 617 996 observa
642 965 871 996 Terentianam

127 1009 402 1045 consuetudinem,
426 1007 480 1048 qui
505 1007 630 1039 inducit
653 1007 735 1039 nihil
758 1018 872 1050 sapere

127 1062 183 1083 eos
210 1052 265 1093 qui
292 1051 456 1082 falluntur.
507 1051 567 1082 Est
597 1058 822 1092 argumentum
852 1061 873 1083 a

126 1095 239 1136 majori
252 1095 294 1126 ad
308 1094 425 1132 minus,
439 1104 514 1126 nam
527 1094 555 1126 si
567 1104 632 1125 non
644 1094 749 1137 possit
759 1096 871 1136 major,

127 1138 213 1169 idem
227 1148 288 1169 nec
303 1138 418 1169 minor.
450 1138 487 1169 C.

169 1182 222 1212 46.
244 1180 349 1222 Sensi]
363 1181 437 1212 Hoc
449 1191 524 1213 cum
538 1180 648 1212 dolore
663 1181 772 1212 dicere
786 1181 870 1213 sole-

128 1234 200 1256 mus
210 1224 245 1256 in
256 1224 317 1262 his,
331 1225 367 1255 in
381 1224 497 1265 quibus
512 1224 741 1256 detrimentum
756 1224 873 1266 ingens

127 1268 214 1310 passi
229 1278 351 1299 sumus-
377 1267 566 1308 C.—Sensi]
585 1269 660 1299 cum
671 1270 787 1309 gemitu
798 1279 871 1308 pro-

126 1314 247 1342 nuncia.
280 1310 386 1342 Schol.
403 1311 515 1342 Bemb.
553 1311 716 1342 Caeterum
730 1311 772 1342 ob
792 1321 871 1342 con-

126 1364 260 1386 sensum
288 1354 380 1385 codd.
411 1360 446 1385 et
473 1364 586 1385 versus
620 1353 780 1385 rationem
809 1353 871 1395 leg.

129 1399 215 1429 Sensi
225 1410 237 1428 .·
258 1409 328 1428 nam
342 1408 432 1428 unam
446 1399 487 1428 eii
500 1408 624 1428 coenam.
656 1397 694 1428 B.

173 1441 224 1473 47.
250 1442 359 1471 Actum
370 1439 444 1481 siet]
457 1442 567 1471 Actum
582 1445 633 1471 est
646 1439 765 1471 dicitur
779 1440 819 1471 de
834 1450 873 1471 ea

129 1494 176 1520 re,
195 1483 236 1514 de
258 1494 321 1524 qua
338 1485 405 1524 jam
427 1483 493 1515 lata
513 1483 556 1515 sit
577 1482 747 1521 sententia,
770 1490 804 1515 et
825 1490 875 1515 est

132 1527 263 1558 verbum
279 1526 490 1568 desperantis.
521 1527 556 1558 C.

174 1571 226 1601 48.
248 1571 434 1611 Pylis-tando
454 1569 554 1611 modo]
577 1569 667 1601 Bene
683 1571 873 1611 pytissando.

132 1613 219 1645 Nam
241 1616 396 1654 pytissme
419 1613 550 1655 proprie
573 1619 623 1644 est
644 1623 741 1655 parce
762 1613 874 1644 vinum

131 1664 270 1698 gustare,
292 1656 384 1697 quasi
406 1656 552 1688 tentandi
573 1656 685 1697 gratia.
723 1656 803 1687 Tale
825 1662 875 1688 est

132 1701 266 1731 verbum
287 1710 351 1740 quo
373 1699 517 1737 Plautus,
542 1700 700 1730 Maenech.
715 1699 749 1731 ii.
767 1701 796 1731 2.
820 1700 873 1731 29.

132 1743 244 1780 utitur,
259 1745 390 1783 cyon-'uo
399 1756 411 1778 ,-
434 1743 497 1774 tale
513 1750 563 1774 est
578 1749 611 1773 et
619 1745 771 1783 graecisso.
808 1745 873 1784 Py-

132 1788 276 1823 tissando,
289 1785 323 1816 id
336 1793 395 1823 est,
408 1786 570 1827 expressis
580 1785 678 1817 labris
693 1787 874 1828 expuendo,

131 1830 208 1860 dum
219 1839 366 1871 saporem
375 1829 444 1860 vini
456 1830 580 1871 probat.
609 1829 877 1870 C.—-Pytissando

133 1875 216 1903 modo
227 1871 317 1913 mihi]
333 1873 497 1907 Quantum
509 1872 577 1903 vini
592 1872 784 1903 absumserit
793 1872 876 1909 vide,

131 1915 209 1946 dum
234 1915 379 1956 pytissat.
428 1916 564 1957 Proprie
589 1922 696 1946 autem
722 1918 877 1956 pytissare

131 1958 260 1996 dicitur,
283 1958 369 1999 quod
392 1965 532 1999 gustare,
555 1958 691 1999 (excidit
714 1960 760 1998 et)
786 1958 877 1999 quasi

131 2012 206 2033 cum
227 2002 364 2042 quadam
386 2002 576 2043 probatione
598 2012 766 2043 exspuere.
806 2002 872 2033 De-

132 2045 230 2086 nique
245 2045 379 2085 adjecit:
396 2047 449 2076 Sic
463 2048 516 2076 hoc
530 2047 642 2082 dicens,
653 2047 802 2085 Asperum
815 2056 872 2085 ρα-

132 2094 188 2126 ler,
204 2091 257 2119 hoc
278 2094 342 2124 αἰ,-
358 2090 446 2119 aliud
459 2091 565 2124 lenius,
581 2090 675 2126 sodes,
690 2090 767 2120 vide.
791 2088 876 2119 E.—

133 2131 334 2173 Pyiissmedo]
362 2132 512 2163 Diomed.
539 2132 594 2163 lib.
621 2131 655 2162 ii.
699 2132 874 2172 L.—Pyti-

132 2174 242 2216 mdo]
260 2174 454 2207 Scholiastes
470 2175 582 2206 Bemb.
599 2176 760 2215 Expressit
779 2177 875 2206 labris

131 2221 272 2259 spuendo,
287 2220 359 2249 dum
375 2230 510 2259 saporem
531 2220 594 2249 vini
612 2220 731 2258 probat.
769 2218 874 2249 Caete-

134 2271 208 2293 rum
222 2261 278 2293 alii
293 2271 353 2303 per
365 2261 487 2303 duplex
502 2272 518 2293 s
539 2261 701 2292 scribunt:
725 2272 784 2293 nos
799 2271 875 2292 vero

133 2305 327 2346 sequendam
343 2312 494 2347 putamus
509 2304 701 2346 scripturam
725 2304 875 2336 Bembini

133 2355 168 2379 et
187 2348 257 2379 cod.
274 2349 346 2380 900.
361 2359 529 2386 annorum,
545 2358 604 2390 per
621 2358 720 2379 unum
736 2359 770 2384 ες
793 2358 872 2389 quo-

135 2391 221 2422 niam
238 2402 348 2423 versus
362 2399 450 2423 certe
471 2391 518 2423 ita
538 2392 580 2423 ad
601 2392 789 2423 Graecorum
811 2401 871 2423 nu-

136 2443 241 2465 meros
253 2434 386 2466 accedit.
419 2435 456 2466 B.

179 2478 231 2508 49.
245 2479 296 2508 Sic
307 2480 361 2509 hoc
374 2480 486 2515 dicens,
496 2477 662 2519 Asperum]
675 2478 714 2509 Id
729 2484 789 2515 est,
800 2488 874 2509 aus-

137 2527 250 2551 terum.
288 2521 470 2552 Secundum
486 2521 628 2552 Plinium
642 2521 705 2552 tria
720 2521 788 2552 vini
799 2528 876 2552 sunt

135 2573 265 2604 genera.
277 2569 439 2601 wicram,
451 2567 547 2602 dulce,
560 2571 593 2595 et
608 2570 704 2596 tenue.
728 2565 875 2596 c.-Pa-

137 2606 201 2647 ter]
217 2606 384 2638 Scholiast.
402 2607 513 2639 Bemb.
550 2609 594 2638 Et
609 2610 663 2639 hoc
676 2610 705 2639 ei
725 2610 875 2648 displicet,

136 2652 216 2690 qnod
225 2661 291 2681 m
300 2653 442 2681 meretrix
456 2651 580 2681 Patren
593 2652 733 2691 amiellet-
770 2652 874 2682 Caete-

136 2703 208 2724 rum
238 2699 326 2724 recte
354 2693 499 2724 Faernus
531 2693 677 2725 ordinem
706 2694 877 2726 verborum

137 2736 223 2767 hunc
238 2746 309 2767 ωδε
330 2735 386 2774 ait,
397 2738 510 2774 dicens,
526 2746 569 2767 sc.
587 2736 733 2774 Bacchis,
747 2739 792 2768 sic
813 2739 876 2775 hoe,

135 2791 179 2811 sc.
196 2787 262 2815 est;
286 2779 363 2820 quia
376 2782 421 2810 eie
435 2781 489 2810 hoc
509 2785 556 2811 est
577 2779 684 2811 dicere
706 2779 876 2818 soleamus,

135 2834 210 2855 eum
232 2822 310 2863 quid
332 2822 382 2853 vel
404 2822 622 2864 improbemus
643 2822 693 2854 vel
717 2822 876 2854 mediocre

137 2877 208 2898 esse
237 2866 452 2897 ostendamus.
496 2866 645 2897 B.—Pro
675 2865 767 2904 Quid,
793 2868 876 2907 qnid,

139 2909 307 2941 Bentleius
335 2920 408 2940 cum
442 2909 572 2941 Faerno
596 2915 683 2941 recte
712 2919 777 2941 non
814 2909 878 2942 nisi

139 2963 238 2986 unum
255 2956 330 2994 qaid
344 2952 452 2985 edidit.
487 2952 523 2983 Z.

958 794 1010 825 50.
1035 793 1125 825 Male
1140 804 1199 836 pro
1214 795 1303 825 aliud
1322 793 1452 835 quidam
1474 793 1600 826 malunt
1620 795 1661 825 il-

915 838 977 868 lud.
1015 837 1135 868 Omnia
1157 837 1244 868 enim
1266 837 1352 868 dolia
1374 837 1565 875 relinuntur,
1583 837 1662 869 dum

914 881 1003 910 aliud
1027 880 1199 921 quaeritur:
1236 886 1271 911 at
1296 880 1324 911 si
1351 882 1439 918 illud,
1459 881 1528 921 jam
1554 881 1661 919 habet,

912 923 1000 963 quod
1011 922 1135 964 placet:
1155 932 1215 954 nec
1228 923 1322 965 plura
1337 923 1423 954 dolia
1437 923 1662 956 sollicitantur.

914 966 1077 997 Caeterum
1098 975 1159 1007 pro
1180 968 1259 1003 vide,
1282 965 1411 998 Nonius
1433 977 1463 998 v.
1486 967 1661 1008 Asperum,

910 1020 992 1049 para
1019 1009 1125 1040 habet.
1162 1009 1261 1040 Male.
1318 1010 1404 1040 Nam
1426 1011 1504 1047 vide,
1531 1020 1573 1042 ex
1603 1017 1662 1042 tua

914 1051 1014 1088 cella3
1034 1063 1124 1093 para,
1141 1062 1182 1083 ex
1197 1053 1330 1084 taberna
1344 1059 1428 1094 pete.
1459 1053 1498 1084 B.

959 1096 1011 1126 51.
1034 1097 1139 1127 Relevi
1153 1095 1252 1137 dolia]
1267 1095 1314 1126 Ut
1335 1095 1442 1136 inquit
1464 1095 1591 1128 Plinius
1614 1097 1660 1128 H.

915 1138 959 1170 N.
975 1138 1042 1170 xiv.
1060 1139 1111 1169 20.
1134 1140 1174 1170 In
1188 1140 1286 1170 Italia
1299 1141 1402 1171 resina
1421 1141 1491 1170 vino
1510 1142 1662 1172 condendo

914 1184 1042 1213 maxime
1060 1184 1211 1222 probatur
1224 1184 1360 1214 Brutia:
1382 1184 1465 1214 circa
1483 1185 1578 1224 Alpes
1600 1185 1661 1224 lig-

913 1228 979 1256 neis
989 1227 1071 1257 vasis
1085 1227 1226 1263 condunt,
1238 1228 1418 1266 circ-alisque
1431 1228 1567 1267 cingunt.
1602 1228 1660 1258 Pi-

915 1274 1024 1300 cmitur
1039 1274 1138 1300 autem
1149 1271 1290 1309 protinus
1304 1280 1325 1300 a
1339 1271 1424 1300 canis
1443 1275 1532 1301 oetu:
1554 1272 1662 1302 dehinc

910 1309 1138 1352 perfunduntur
1148 1314 1268 1343 marina
1279 1323 1359 1353 aqna
1373 1318 1429 1344 aut
1441 1315 1534 1350 salsa,
1545 1324 1582 1344 ac
1603 1316 1663 1345 lem·

914 1357 1014 1386 cinere
1035 1357 1179 1386 sarmenti
1200 1361 1412 1396 asperguntur.
1457 1357 1538 1387 Dum
1563 1358 1663 1397 igitur

914 1400 986 1429 vina
1007 1401 1196 1438 aperiuntur,
1215 1400 1298 1429 dolia
1318 1400 1498 1430 relinuntur,
1537 1398 1661 1441 Relevi]

918 1441 957 1472 Id
966 1447 1025 1479 est,
1039 1440 1218 1490 perforavi.
1242 1451 1314 1483 quae
1323 1441 1499 1483 perforatio
1512 1442 1584 1474 fieri
1595 1453 1662 1475 non

916 1491 1052 1526 poterat,
1067 1484 1129 1516 nisi
1141 1484 1232 1526 prius
1246 1485 1463 1516 ausen-eretur
1475 1492 1531 1517 aut
1546 1486 1661 1525 lutum,

916 1534 973 1558 aut
987 1527 1094 1565 limus,
1110 1534 1167 1558 aut
1181 1527 1304 1569 argilla,
1320 1534 1377 1559 aut
1390 1528 1458 1570 pix,
1474 1535 1530 1560 aut
1542 1529 1660 1567 resina,

917 1578 973 1602 aut
993 1581 1124 1612 gypsus,
1144 1570 1260 1612 quibus
1281 1571 1467 1603 linebantur
1487 1572 1583 1610 dolia,
1605 1579 1675 1604 aut*

915 1614 1107 1655 picabantur
1133 1625 1192 1645 seu
1227 1614 1497 1646 incrustabantur.
1549 1617 1662 1648 Linere

917 1664 967 1689 est
981 1657 1100 1699 picare,
1116 1657 1150 1688 id
1168 1663 1226 1695 est,
1242 1658 1314 1700 pice
1336 1658 1457 1699 aliquid
1478 1658 1582 1691 linere
1603 1670 1662 1691 seu

916 1710 1048 1742 ungere,
1064 1711 1122 1732 seu
1138 1700 1241 1732 mavis
1256 1701 1445 1739 incrustare,
1462 1708 1495 1733 et
1505 1701 1602 1734 alicui
1613 1702 1661 1734 rei

916 1724 1661 1837 fflsspss‘ssfflssffifffflffliaussfflss

918 1837 1117 1866 crustamus;
1140 1830 1261 1862 dolium
1276 1830 1409 1862 linimus
1423 1831 1505 1873 pice,
1521 1838 1582 1863 etc.
1618 1832 1663 1864 Et

919 1873 1187 1914 quemadmodum
1199 1880 1345 1914 retegere
1355 1874 1517 1915 significat
1531 1867 1663 1916 tegmen

919 1916 1054 1954 auferre,
1085 1916 1132 1948 sic
1161 1919 1289 1948 relinere
1318 1917 1480 1958 significat
1515 1917 1662 1950 bitumen

919 1969 1079 1997 amovere,
1095 1970 1159 2000 quo
1178 1959 1301 2000 aliquid
1321 1960 1413 2002 prius
1432 1960 1562 1992 linitum
1582 1968 1661 1993 erat.

918 2003 963 2034 Et
973 2002 1019 2033 ita
1033 2005 1125 2034 relevi
1135 2004 1218 2034 dolia
1229 2005 1327 2034 omnia
1341 2002 1513 2044 significat,
1525 2005 1660 2037 abstersi

917 2045 1022 2077 lutum
1045 2045 1097 2077 vel
1123 2052 1242 2077 terram
1269 2052 1415 2078 tenacem
1442 2048 1483 2078 ab
1512 2048 1662 2080 omnibus

918 2089 1024 2126 doliis,
1045 2096 1083 2120 ut
1104 2088 1139 2120 in
1160 2099 1201 2120 ea
1221 2099 1314 2121 coena
1328 2089 1441 2121 vinum
1455 2090 1581 2122 varium
1602 2102 1661 2134 ap-

918 2139 1103 2174 poneretur.
1143 2132 1264 2164 Praeter
1273 2139 1382 2164 autem
1395 2133 1582 2183 praedictam
1594 2135 1661 2177 sig·

916 2175 1135 2207 nificationem
1151 2178 1244 2207 linere
1261 2175 1423 2217 significat
1436 2176 1534 2208 etiam
1549 2177 1662 2210 detur-

916 2229 1005 2261 pare.
1044 2219 1128 2250 Inde
1150 2221 1256 2256 litura,
1278 2230 1315 2257 ae,
1338 2219 1371 2250 id
1396 2225 1455 2257 est,
1477 2220 1663 2262 deturpati«)

917 2263 1001 2293 facta
1015 2269 1196 2293 atramento
1209 2242 1357 2294 ducendo
1371 2262 1491 2294 lineam
1507 2273 1569 2305 per
1581 2231 1663 2297 fals:

918 2305 1048 2347 scripta,
1067 2312 1104 2336 ut
1126 2305 1196 2337 fieri
1219 2305 1309 2337 solet.
1350 2307 1457 2337 Omnes
1477 2307 1592 2349 serim]
1606 2310 1661 2340 Sc—

916 2351 975 2385 ria,
988 2348 1127 2380 dolium:
1152 2355 1185 2379 et
1199 2348 1330 2390 proprie
1343 2359 1399 2380 vas
1414 2349 1512 2381 fictile
1527 2350 1568 2382 de
1582 2351 1662 2384 limo

917 2392 1100 2433 oblongum.
1129 2391 1270 2429 Persius,
1283 2392 1349 2423 Sat.
1360 2392 1395 2423 ii.
1410 2393 1458 2423 10.
1482 2395 1551 2425 Eto
1560 2396 1589 2426 ei
1598 2397 1661 2426 Sub

918 2441 1018 2466 rastro
1029 2441 1129 2475 crepet
1140 2438 1261 2476 argenti
1272 2437 1347 2466 mihi
1359 2438 1450 2472 seria,
1462 2438 1568 2468 dextro
1576 2439 1660 2470 Her-

917 2480 1006 2510 cule!
1038 2479 1119 2510 Inde
1143 2480 1268 2510 Seriola.
1306 2479 1446 2517 Persius,
1464 2480 1530 2511 Sat.
1547 2480 1591 2512 iv.
1607 2482 1660 2514 29.

918 2523 1042 2553 Seriolae
1052 2524 1161 2553 veteris
1166 2527 1298 2554 meluens
1307 2524 1451 2554 deradere
1462 2525 1572 2555 linium
1579 2525 1662 2556 C.—

918 2567 1019 2596 Relevi
1034 2567 1116 2596 dolia
1128 2564 1243 2606 omnia]
1256 2566 1364 2596 Linire
1379 2572 1429 2597 est
1443 2573 1614 2609 contegere
1628 2573 1663 2601 et

919 2607 1064 2650 operire:
1100 2608 1298 2639 contrarium
1325 2615 1375 2640 est
1403 2611 1502 2647 relivi,
1530 2610 1565 2643 id
1600 2617 1662 2651 est,

919 2651 1041 2693 aperui.
1080 2651 1266 2683 E.—Relivi
1286 2650 1385 2693 delta]
1409 2652 1462 2684 Ita
1485 2652 1661 2688 Diomedes

919 2695 1005 2726 hunc
1027 2695 1133 2725 locum
1154 2694 1235 2736 legit
1258 2694 1313 2726 lib.
1336 2694 1370 2726 ii.
1410 2695 1661 2731 u—Bentleius

919 2748 993 2769 cum
1004 2738 1129 2769 Faerno
1143 2739 1249 2769 relevit
1263 2737 1373 2770 edidit.
1397 2738 1540 2772 Rectius
1571 2740 1660 2774 Nam

916 2781 981 2812 nisi
998 2787 1085 2811 certe
1101 2780 1188 2822 legas
1202 2782 1302 2817 relini,
1317 2781 1420 2814 sonna
1433 2784 1522 2816 121ἱοί
1531 2783 1661 2817 videtur

918 2825 1091 2855 abhorrere
1102 2825 1144 2855 ab
1158 2824 1306 2866 analogia
1318 2824 1446 2867 lingue.
1478 2826 1516 2858 Z.

964 2869 1017 2898 52.
1042 2869 1190 2899 Sollicitos
1219 2867 1330 2910 habui]
1356 2868 1464 2901 Variis
1488 2871 1602 2903 officiis
1627 2879 1661 2904 et

920 2910 1109 2942 ministeriis
1120 2910 1307 2944 distractos:
1330 2910 1410 2943 nihil
1425 2912 1661 2954 significantius

921 2953 1028 2986 dicere
1044 2953 1158 2995 potuit.
1194 2946 1282 2991 Quid
1297 2954 1384 2987 enim
1396 2955 1484 2988 aliud
1505 2964 1555 2990 cst
1575 2961 1658 2991 solli-
