1852 3216
227 104 338 144 xlviii
624 104 874 145 VICTOR
909 104 991 145 DE
1029 104 1359 146 COMOEDIA.

227 193 361 232 beret:
395 190 530 239 altera,
549 190 691 231 dextra
713 191 872 239 scilicet,
892 192 983 232 huic
1010 193 1200 245 proxima,
1219 191 1322 231 illius
1348 204 1435 232 esse
1461 192 1677 237 con-nevit,
1697 192 1760 231 cui

278 254 357 285 rtea
375 244 563 285 darentur
581 245 788 286 secundm:
817 246 945 290 tertia.
965 246 1132 292 sinistra,
1153 245 1215 286 vel
1238 246 1407 286 maxime
1426 246 1565 293 tenuis,
1585 255 1652 285 aut
1672 245 1760 284 nul-

225 258 301 339 las
320 309 405 339 erat
422 313 612 352 personae,
633 299 694 340 vel
711 299 928 339 desolatum
946 300 1105 353 aliquod
1124 299 1331 339 simulabat
1348 299 1546 339 sacellum.
1593 300 1648 338 At
1668 298 1758 339 reli-

230 366 394 405 quarum
414 353 554 393 dextra
572 367 639 393 eos
657 354 833 393 emittere
851 354 1014 400 solebat,
1034 355 1101 406 qui
1120 368 1197 393 non
1217 356 1267 394 ab
1285 355 1394 400 urbe,
1408 353 1477 393 sed
1495 353 1650 393 aliunde
1666 367 1757 405 pro-

226 407 515 447 ficiscerentur:
545 408 700 447 sinistra
719 421 813 447 vero
832 418 979 453 contra,
998 417 1191 460 quotquot
1208 408 1398 453 venirent,
1419 408 1590 447 urbanos
1608 408 1755 460 produ—

227 462 354 502 cebat.
410 461 475 500 Ab
502 462 575 501 hac
602 461 665 512 (ut
691 462 878 512 arbitror)
905 461 989 513 ejus
1018 461 1160 500 fabulae
1189 462 1330 500 chorus
1358 461 1515 514 prodire
1540 462 1756 507 consuevit,

227 529 317 567 quae
344 514 490 554 salibus
512 515 691 567 jocisque
710 516 854 554 referta
871 529 956 555 esse
976 515 1186 554 videretur.
1234 515 1406 567 Quippe,
1425 515 1530 567 quod
1550 514 1674 555 facete
1699 515 1759 554 di-

227 570 340 615 citur,
360 569 529 608 solemus
548 570 738 608 urbanum
757 568 964 621 appellare.
1005 569 1152 608 Verum
1171 570 1221 608 ab
1239 568 1373 614 altera,
1394 569 1426 608 si
1445 569 1612 608 rusticos
1626 569 1759 609 fabula

228 624 453 670 contineret,
474 623 641 675 quadam
661 636 808 668 severa,
834 623 1021 675 gravique
1049 622 1295 675 simplicitate
1323 623 1466 662 chorus
1493 624 1757 662 emittebatur.

227 677 384 716 Etenim
403 690 469 716 eos
489 677 732 729 potissimum
751 677 917 715 rusticos
932 690 1130 721 vocamus,
1149 676 1217 727 qui
1242 689 1395 728 semper
1420 676 1591 716 obducto
1618 691 1756 730 super·

227 731 316 771 cilio
347 731 506 770 facetias
537 740 778 769 aversantur.
836 729 951 769 Unde
986 730 1213 769 Palamedes
1249 730 1354 781 apud
1391 729 1668 770 philostratum
1706 733 1756 770 ab

227 784 380 824 Achille
399 784 540 823 dicitur
559 787 794 836 ἀγρικάπερος,
811 785 991 836 quoniam
1011 794 1054 823 ut
1073 794 1156 823 erat
1176 783 1347 835 undique
1366 797 1538 830 severus,
1554 784 1593 823 in
1608 785 1757 824 deliciis

227 839 343 879 etiam
364 838 457 877 nihil
478 839 650 877 haberet,

283 892 494 938 Caeterum,
527 892 618 931 licet
650 891 771 931 multa
802 892 880 931 sint
917 906 1061 943 genera
1096 893 1289 938 tibiarum,
1323 901 1451 931 tamen
1487 891 1567 931 duo
1603 906 1757 932 scenam

226 946 472 999 potissimum
490 946 799 998 frequentabant,
813 946 994 985 videlicet
1013 947 1217 998 Phrygiae:
1247 960 1410 997 quarum
1425 946 1621 985 nonnullae
1640 947 1758 986 modo

227 1000 391 1047 dextrae,
417 1000 535 1039 modo
562 1001 730 1040 sinistrae
756 1002 1014 1053 ponebantur.
1073 1001 1250 1044 Dextrae,
1280 1014 1370 1052 quae
1399 1000 1573 1039 foramen
1600 1001 1757 1040 unicum

225 1054 435 1094 haberent:
464 1055 643 1100 sinistrae,
659 1069 747 1106 quae
765 1054 919 1094 duobus
933 1064 1062 1093 essent
1076 1054 1329 1093 foraminibus
1348 1054 1556 1093 distinctae.
1598 1054 1757 1107 Quippe

227 1109 387 1148 Servius
407 1108 625 1148 Varronem
650 1118 818 1154 secutus,
839 1109 936 1148 duas
965 1109 1132 1161 impares
1152 1122 1337 1147 cavernas
1365 1108 1632 1161 hujuscemodi
1652 1109 1758 1148 tibiis

227 1162 347 1201 fuisse
373 1172 548 1209 testatur,
571 1177 615 1202 ac
638 1163 829 1202 foramina
851 1162 1028 1202 totidem.
1085 1162 1201 1201 Unde
1221 1162 1410 1215 Virgilius
1433 1176 1564 1202 earum
1591 1163 1757 1202 biforem

228 1227 382 1256 cantum
415 1216 597 1269 appellat,
630 1226 838 1269 propterea
869 1217 975 1268 quod
1012 1230 1151 1268 graves
1185 1226 1224 1255 et
1261 1226 1395 1256 acutas
1427 1217 1648 1256 emitterent
1684 1231 1756 1269 pro

228 1271 398 1309 tibicinis
429 1271 590 1310 arbitrio
618 1271 894 1310 voculationes.
951 1271 1098 1310 Alterae
1128 1280 1219 1309 sunt
1249 1271 1436 1316 Serranae,
1470 1271 1525 1310 sic
1551 1270 1756 1322 (arbitror)

227 1324 443 1377 appellatae.
459 1325 642 1376 quoniam
661 1325 709 1363 iis
727 1325 932 1364 saltatores
947 1334 986 1363 et
1005 1325 1180 1377 proferre
1195 1334 1234 1363 et
1253 1325 1398 1363 referre
1417 1324 1555 1376 pedem
1575 1326 1757 1364 continuo

222 1378 465 1431 juberentur,
491 1392 568 1418 non
598 1393 709 1418 secus
742 1389 856 1430 atque
883 1388 1066 1424 sectores,
1086 1380 1151 1430 qui
1184 1393 1290 1418 serra
1319 1379 1456 1418 adacta
1484 1380 1619 1431 partiri
1650 1379 1757 1431 ligna

227 1442 428 1472 conantur.
483 1433 684 1485 Siquidem
704 1433 913 1485 Pompeius
940 1433 995 1471 ait
1021 1447 1166 1471 serram
1199 1433 1238 1471 id
1271 1433 1447 1485 praelium
1479 1433 1555 1472 dici
1584 1447 1661 1484 quo
1679 1434 1756 1472 fre·

227 1496 389 1537 quenter
417 1487 519 1526 acies
549 1496 588 1525 et
615 1487 799 1526 accedere
827 1497 867 1526 et
904 1487 1087 1526 recedere
1120 1486 1275 1526 soleret.
1350 1487 1427 1526 Hae
1464 1500 1617 1539 semper
1646 1497 1758 1526 erant

227 1541 404 1586 sinistrae,
432 1554 634 1592 paresque,
653 1541 692 1579 id
720 1551 791 1587 est,
812 1540 981 1592 aequales
1008 1542 1205 1580 cavernis:
1237 1541 1476 1593 proindeque
1503 1554 1636 1592 parem
1663 1555 1759 1580 con·

228 1604 396 1640 centum,
416 1605 574 1633 acutum
594 1594 741 1634 scilicet
759 1594 1000 1639 emittebant,
1020 1594 1346 1646 quemadmodum
1367 1595 1525 1633 Servius
1544 1595 1649 1634 haud
1669 1609 1758 1647 per·

226 1648 344 1700 plexe
373 1649 558 1700 scriptum
592 1648 761 1701 reliquit.
819 1648 1083 1688 Veruntamen
1112 1648 1323 1687 Diomedes
1346 1649 1460 1688 tibias
1486 1662 1599 1700 pares
1618 1659 1658 1688 et
1687 1650 1759 1688 im·

226 1715 339 1754 pares
368 1702 521 1742 videtur
548 1716 711 1742 numero
729 1702 917 1742 definire:
947 1702 1051 1754 quod
1080 1702 1260 1754 equidem
1288 1716 1364 1741 non
1395 1702 1510 1741 video
1538 1716 1604 1742 cur
1635 1704 1761 1755 possit

227 1756 404 1796 admitti:
435 1770 524 1796 nam
544 1770 615 1809 par
633 1766 673 1796 et
698 1757 822 1808 impar
849 1756 1035 1808 qualitate
1054 1757 1135 1796 fere
1154 1770 1308 1809 semper
1327 1757 1516 1809 accipitur
1542 1771 1567 1796 a
1593 1756 1757 1797 Latinis.

228 1809 422 1862 Exemplo
442 1811 494 1849 sit
510 1811 586 1850 hoc
605 1810 855 1857 Ovidianum,

552 1873 620 1909 Par
635 1880 710 1910 erat
725 1873 873 1910 inferior
888 1884 1024 1909 versus.

226 1931 280 1971 Et
300 1932 396 1971 illud
416 1932 675 1985 virgilianum

553 1994 767 2032 Formosum
782 1996 928 2043 paribus
943 1995 1059 2032 nodis.

228 2043 289 2084 Ac
309 2043 404 2083 illud

781 2096 903 2145 Impar
918 2108 1132 2145 congressus
1148 2097 1289 2134 Achilli.

226 2155 304 2194 Sed
333 2169 412 2207 quo
443 2155 597 2195 tandem
617 2170 703 2195 sum
734 2156 926 2195 incuriose
955 2156 1182 2209 digressus?
1212 2156 1348 2209 Egone
1375 2167 1419 2197 ut
1441 2171 1580 2210 magna
1602 2158 1759 2197 nomina

226 2209 477 2262 sugillarem?
507 2209 686 2256 Minime,
702 2210 734 2249 si
753 2224 881 2249 meum
900 2211 993 2249 mihi
1014 2211 1104 2249 vitae
1122 2211 1340 2250 institutum
1354 2213 1606 2264 permanebit.
1643 2212 1756 2256 Quo-

225 2263 327 2302 circa
355 2277 402 2302 ne
430 2264 542 2303 nobis
569 2263 716 2316 aliquid
745 2264 806 2303 Eu
860 2264 949 2303 lidia
974 2265 1188 2305 infortunio
1206 2265 1331 2305 simile
1349 2267 1562 2319 contingat,
1581 2267 1756 2319 perfecto

219 2317 301 2370 jam
322 2318 431 2370 operi
450 2318 736 2371 paragraphum
757 2278 869 2358 stiffi
887 2318 1071 2358 obducat.

224 2512 300 2552 DE
315 2511 678 2559 FABULARUM,
691 2512 989 2559 LUDORUM,
1002 2513 1418 2561 THEATRORUM,
1431 2512 1754 2561 SCENARUM‚

279 2585 346 2622 AC
372 2584 701 2623 SCENICORUM
725 2585 961 2631 ANTIQUA
986 2587 1399 2633 CONSUETUDINE,
1426 2587 1697 2633 LIBELLU83

223 2690 278 2717 ΒΧ
297 2691 453 2717 omnus
471 2691 712 2719 aucrontsus
729 2692 960 2726 conserus,
976 2692 1029 2718 AD
1043 2694 1206 2720 cmucos
1227 2693 1405 2721 tammus
1424 2694 1754 2728 mutuantxnos.

375 2756 575 2783 YRAECH’UB
594 2757 853 2784 consentinus
872 2757 915 2784 m
930 2757 1110 2783 onwan
1130 2759 1327 2786 srumosae
1345 2759 1603 2786 suvtxruns.

227 2818 446 2870 Nunnuau
479 2829 781 2870 existimandum
814 2839 875 2870 est
905 2830 1083 2882 cuiquam
1115 2833 1278 2884 posthac
1312 2833 1539 2874 familiarem
1572 2832 1753 2873 Plautum

225 2891 293 2921 aut
316 2881 543 2922 Terentium
569 2883 765 2932 futurum3
795 2898 1009 2937 eorumque
1028 2885 1205 2925 intimum
1224 2887 1445 2933 artificium,
1459 2887 1645 2928 orationis
1663 2887 1755 2927 eha-

226 2945 431 2984 racterem,
450 2945 567 2989 atque
586 2949 841 3003 venustatem,
860 2937 1011 2991 alique
1040 2938 1079 2979 id
1100 2954 1224 2993 genus
1248 2940 1361 2994 plura
1383 2954 1615 2994 quemquam
1641 2940 1754 2994 plane
