<?xml version="1.0" encoding="UTF-8"?>
<!DOCTYPE html PUBLIC "-//W3C//DTD XHTML 1.0 Transitional//EN"
    "http://www.w3.org/TR/xhtml1/DTD/xhtml1-transitional.dtd">
<html xmlns="http://www.w3.org/1999/xhtml" xml:lang="en" lang="en">
 <head>
  <title>
</title>
<meta http-equiv="Content-Type" content="text/html;charset=utf-8" />
  <meta name='ocr-system' content='tesseract 3.04.00' />
  <meta name='ocr-capabilities' content='ocr_page ocr_carea ocr_par ocr_line ocrx_word'/>
</head>
<body>
  <div class='ocr_page' id='page_1' title='image "./comoediaesex00tereuoft_0031.png"; bbox 0 0 1852 3216; ppageno 0'>
   <div class='ocr_carea' id='block_1_1' title="bbox 707 122 1669 166">
    <p class='ocr_par' dir='ltr' id='par_1_1' title="bbox 707 122 1669 166">
     <span class='ocr_line' id='line_1_1' title="bbox 707 122 1669 166; baseline 0.001 -1"><span class='ocrx_word' id='word_1_1' title='bbox 707 122 1113 166; x_wconf 82' lang='lat' dir='ltr'><strong>PRAEFATIO.</strong></span> <span class='ocrx_word' id='word_1_2' title='bbox 1643 139 1669 166; x_wconf 82' lang='lat' dir='ltr'>v</span> 
     </span>
    </p>
   </div>
   <div class='ocr_carea' id='block_1_2' title="bbox 103 223 1673 3010">
    <p class='ocr_par' dir='ltr' id='par_1_2' title="bbox 103 223 1673 3010">
     <span class='ocr_line' id='line_1_2' title="bbox 148 223 1670 280; baseline 0 -13"><span class='ocrx_word' id='word_1_3' title='bbox 148 233 264 268; x_wconf 82' lang='lat' dir='ltr'><strong>esset</strong></span> <span class='ocrx_word' id='word_1_4' title='bbox 292 223 511 266; x_wconf 85' lang='lat' dir='ltr'><strong>universas</strong></span> <span class='ocrx_word' id='word_1_5' title='bbox 541 224 734 280; x_wconf 82' lang='lat' dir='ltr'><strong>paginas,</strong></span> <span class='ocrx_word' id='word_1_6' title='bbox 761 239 877 280; x_wconf 85' lang='lat' dir='ltr'><strong>saepe</strong></span> <span class='ocrx_word' id='word_1_7' title='bbox 907 239 1003 266; x_wconf 90' lang='lat' dir='ltr'><strong>cum</strong></span> <span class='ocrx_word' id='word_1_8' title='bbox 1024 238 1179 279; x_wconf 86' lang='lat' dir='ltr'><strong>magno</strong></span> <span class='ocrx_word' id='word_1_9' title='bbox 1199 224 1344 274; x_wconf 88' lang='lat' dir='ltr'><strong>taedio,</strong></span> <span class='ocrx_word' id='word_1_10' title='bbox 1365 223 1605 279; x_wconf 87' lang='lat' dir='ltr'><strong>perlegere,</strong></span> <span class='ocrx_word' id='word_1_11' title='bbox 1625 233 1670 267; x_wconf 88' lang='lat' dir='ltr'><strong>et</strong></span> 
     </span>
     <span class='ocr_line' id='line_1_3' title="bbox 149 291 1669 348; baseline 0 -13"><span class='ocrx_word' id='word_1_12' title='bbox 149 294 249 336; x_wconf 89' lang='lat' dir='ltr'><strong>inde</strong></span> <span class='ocrx_word' id='word_1_13' title='bbox 287 291 502 348; x_wconf 86' lang='lat' dir='ltr'><strong>colligere,</strong></span> <span class='ocrx_word' id='word_1_14' title='bbox 541 292 646 348; x_wconf 90' lang='lat' dir='ltr'><strong>quid</strong></span> <span class='ocrx_word' id='word_1_15' title='bbox 687 293 769 334; x_wconf 89' lang='lat' dir='ltr'><strong>sibi</strong></span> <span class='ocrx_word' id='word_1_16' title='bbox 807 300 958 334; x_wconf 83' lang='lat' dir='ltr'><strong>auctor</strong></span> <span class='ocrx_word' id='word_1_17' title='bbox 995 291 1135 334; x_wconf 88' lang='lat' dir='ltr'><strong>vellet.</strong></span> <span class='ocrx_word' id='word_1_18' title='bbox 1211 292 1326 334; x_wconf 89' lang='lat' dir='ltr'><strong>Satis</strong></span> <span class='ocrx_word' id='word_1_19' title='bbox 1364 293 1420 334; x_wconf 89' lang='lat' dir='ltr'><strong>de</strong></span> <span class='ocrx_word' id='word_1_20' title='bbox 1455 291 1669 335; x_wconf 90' lang='lat' dir='ltr'><strong>Bentleio.</strong></span> 
     </span>
     <span class='ocr_line' id='line_1_4' title="bbox 150 360 1672 416; baseline 0 -13"><span class='ocrx_word' id='word_1_21' title='bbox 150 361 395 403; x_wconf 83' lang='lat' dir='ltr'><strong>Dicendum</strong></span> <span class='ocrx_word' id='word_1_22' title='bbox 413 368 496 411; x_wconf 89' lang='lat' dir='ltr'><strong>est,</strong></span> <span class='ocrx_word' id='word_1_23' title='bbox 517 361 622 416; x_wconf 90' lang='lat' dir='ltr'><strong>quid</strong></span> <span class='ocrx_word' id='word_1_24' title='bbox 642 361 844 403; x_wconf 85' lang='lat' dir='ltr'><strong>acciderit</strong></span> <span class='ocrx_word' id='word_1_25' title='bbox 862 360 1055 411; x_wconf 84' lang='lat' dir='ltr'><strong>Donato,</strong></span> <span class='ocrx_word' id='word_1_26' title='bbox 1073 361 1146 416; x_wconf 89' lang='lat' dir='ltr'><strong>qui</strong></span> <span class='ocrx_word' id='word_1_27' title='bbox 1167 376 1284 411; x_wconf 85' lang='lat' dir='ltr'><strong>sane,</strong></span> <span class='ocrx_word' id='word_1_28' title='bbox 1301 362 1357 403; x_wconf 94' lang='lat' dir='ltr'><strong>ob</strong></span> <span class='ocrx_word' id='word_1_29' title='bbox 1375 362 1672 416; x_wconf 84' lang='lat' dir='ltr'><strong>antiquitatem</strong></span> 
     </span>
     <span class='ocr_line' id='line_1_5' title="bbox 148 428 1671 485; baseline 0.001 -14"><span class='ocrx_word' id='word_1_30' title='bbox 148 436 194 472; x_wconf 88' lang='lat' dir='ltr'><strong>et</strong></span> <span class='ocrx_word' id='word_1_31' title='bbox 223 429 472 479; x_wconf 77' lang='lat' dir='ltr'><strong>doctrinam,</strong></span> <span class='ocrx_word' id='word_1_32' title='bbox 505 428 687 485; x_wconf 82' lang='lat' dir='ltr'><strong>primum</strong></span> <span class='ocrx_word' id='word_1_33' title='bbox 718 436 835 471; x_wconf 85' lang='lat' dir='ltr'><strong>tenet</strong></span> <span class='ocrx_word' id='word_1_34' title='bbox 864 430 975 471; x_wconf 88' lang='lat' dir='ltr'><strong>inter</strong></span> <span class='ocrx_word' id='word_1_35' title='bbox 1010 428 1259 471; x_wconf 88' lang='lat' dir='ltr'><strong>scholiastas</strong></span> <span class='ocrx_word' id='word_1_36' title='bbox 1293 429 1447 471; x_wconf 89' lang='lat' dir='ltr'><strong>locum.</strong></span> <span class='ocrx_word' id='word_1_37' title='bbox 1505 428 1671 472; x_wconf 85' lang='lat' dir='ltr'><strong>Verum</strong></span> 
     </span>
     <span class='ocr_line' id='line_1_6' title="bbox 147 497 1670 554; baseline 0 -14"><span class='ocrx_word' id='word_1_38' title='bbox 147 512 250 540; x_wconf 86' lang='lat' dir='ltr'><strong>sane</strong></span> <span class='ocrx_word' id='word_1_39' title='bbox 280 497 511 540; x_wconf 87' lang='lat' dir='ltr'><strong>dolendum</strong></span> <span class='ocrx_word' id='word_1_40' title='bbox 539 505 621 548; x_wconf 82' lang='lat' dir='ltr'><strong>est,</strong></span> <span class='ocrx_word' id='word_1_41' title='bbox 650 498 743 554; x_wconf 89' lang='lat' dir='ltr'><strong>ejus</strong></span> <span class='ocrx_word' id='word_1_42' title='bbox 776 497 950 547; x_wconf 89' lang='lat' dir='ltr'><strong>scholia,</strong></span> <span class='ocrx_word' id='word_1_43' title='bbox 980 497 1121 553; x_wconf 85' lang='lat' dir='ltr'><strong>qualia</strong></span> <span class='ocrx_word' id='word_1_44' title='bbox 1152 498 1326 554; x_wconf 87' lang='lat' dir='ltr'><strong>quidem</strong></span> <span class='ocrx_word' id='word_1_45' title='bbox 1354 498 1484 540; x_wconf 89' lang='lat' dir='ltr'><strong>hodie</strong></span> <span class='ocrx_word' id='word_1_46' title='bbox 1505 506 1670 549; x_wconf 85' lang='lat' dir='ltr'><strong>extant,</strong></span> 
     </span>
     <span class='ocr_line' id='line_1_7' title="bbox 146 565 1668 622; baseline 0.001 -15"><span class='ocrx_word' id='word_1_47' title='bbox 146 566 337 621; x_wconf 84' lang='lat' dir='ltr'><strong>inprimis</strong></span> <span class='ocrx_word' id='word_1_48' title='bbox 367 565 528 621; x_wconf 89' lang='lat' dir='ltr'><strong>duplici</strong></span> <span class='ocrx_word' id='word_1_49' title='bbox 556 565 752 608; x_wconf 83' lang='lat' dir='ltr'><strong>laborare</strong></span> <span class='ocrx_word' id='word_1_50' title='bbox 781 567 895 614; x_wconf 84' lang='lat' dir='ltr'><strong>vitio,</strong></span> <span class='ocrx_word' id='word_1_51' title='bbox 925 565 1263 622; x_wconf 81' lang='lat' dir='ltr'><strong>interpolationis</strong></span> <span class='ocrx_word' id='word_1_52' title='bbox 1293 574 1337 608; x_wconf 87' lang='lat' dir='ltr'><strong>et</strong></span> <span class='ocrx_word' id='word_1_53' title='bbox 1366 567 1668 622; x_wconf 82' lang='lat' dir='ltr'><strong>corruptionis.</strong></span> 
     </span>
     <span class='ocr_line' id='line_1_8' title="bbox 146 633 1673 690; baseline 0.001 -14"><span class='ocrx_word' id='word_1_54' title='bbox 146 633 226 676; x_wconf 83' lang='lat' dir='ltr'><strong>Illa</strong></span> <span class='ocrx_word' id='word_1_55' title='bbox 245 634 357 676; x_wconf 88' lang='lat' dir='ltr'><strong>enim</strong></span> <span class='ocrx_word' id='word_1_56' title='bbox 373 649 470 676; x_wconf 86' lang='lat' dir='ltr'><strong>esse</strong></span> <span class='ocrx_word' id='word_1_57' title='bbox 490 634 746 690; x_wconf 87' lang='lat' dir='ltr'><strong>interpolata</strong></span> <span class='ocrx_word' id='word_1_58' title='bbox 765 635 1008 677; x_wconf 88' lang='lat' dir='ltr'><strong>accessione</strong></span> <span class='ocrx_word' id='word_1_59' title='bbox 1028 633 1327 676; x_wconf 89' lang='lat' dir='ltr'><strong>nonnullorum</strong></span> <span class='ocrx_word' id='word_1_60' title='bbox 1347 633 1526 676; x_wconf 90' lang='lat' dir='ltr'><strong>aliorum</strong></span> <span class='ocrx_word' id='word_1_61' title='bbox 1547 635 1673 677; x_wconf 92' lang='lat' dir='ltr'><strong>scho-</strong></span> 
     </span>
     <span class='ocr_line' id='line_1_9' title="bbox 146 701 1672 758; baseline 0.001 -14"><span class='ocrx_word' id='word_1_62' title='bbox 146 701 312 753; x_wconf 89' lang='lat' dir='ltr'><strong>liorum,</strong></span> <span class='ocrx_word' id='word_1_63' title='bbox 334 703 451 758; x_wconf 92' lang='lat' dir='ltr'><strong>quod</strong></span> <span class='ocrx_word' id='word_1_64' title='bbox 480 702 614 744; x_wconf 86' lang='lat' dir='ltr'><strong>fatum</strong></span> <span class='ocrx_word' id='word_1_65' title='bbox 634 718 805 758; x_wconf 89' lang='lat' dir='ltr'><strong>quoque</strong></span> <span class='ocrx_word' id='word_1_66' title='bbox 827 703 870 744; x_wconf 92' lang='lat' dir='ltr'><strong>in</strong></span> <span class='ocrx_word' id='word_1_67' title='bbox 889 702 1225 758; x_wconf 87' lang='lat' dir='ltr'><strong>Aristophanem</strong></span> <span class='ocrx_word' id='word_1_68' title='bbox 1244 702 1415 746; x_wconf 87' lang='lat' dir='ltr'><strong>scholiis</strong></span> <span class='ocrx_word' id='word_1_69' title='bbox 1435 704 1590 752; x_wconf 91' lang='lat' dir='ltr'><strong>evenit,</strong></span> <span class='ocrx_word' id='word_1_70' title='bbox 1611 704 1672 746; x_wconf 89' lang='lat' dir='ltr'><strong>ita</strong></span> 
     </span>
     <span class='ocr_line' id='line_1_10' title="bbox 148 769 1671 826; baseline 0.001 -14"><span class='ocrx_word' id='word_1_71' title='bbox 148 769 307 813; x_wconf 90' lang='lat' dir='ltr'><strong>clarum</strong></span> <span class='ocrx_word' id='word_1_72' title='bbox 327 778 407 820; x_wconf 92' lang='lat' dir='ltr'><strong>est,</strong></span> <span class='ocrx_word' id='word_1_73' title='bbox 430 778 478 812; x_wconf 92' lang='lat' dir='ltr'><strong>ut</strong></span> <span class='ocrx_word' id='word_1_74' title='bbox 501 786 585 812; x_wconf 92' lang='lat' dir='ltr'><strong>non</strong></span> <span class='ocrx_word' id='word_1_75' title='bbox 612 771 694 812; x_wconf 89' lang='lat' dir='ltr'><strong>nisi</strong></span> <span class='ocrx_word' id='word_1_76' title='bbox 722 770 804 812; x_wconf 87' lang='lat' dir='ltr'><strong>levi</strong></span> <span class='ocrx_word' id='word_1_77' title='bbox 832 771 1094 826; x_wconf 87' lang='lat' dir='ltr'><strong>inspectione</strong></span> <span class='ocrx_word' id='word_1_78' title='bbox 1125 771 1180 812; x_wconf 90' lang='lat' dir='ltr'><strong>sit</strong></span> <span class='ocrx_word' id='word_1_79' title='bbox 1209 786 1333 826; x_wconf 80' lang='lat' dir='ltr'><strong>opuS.</strong></span> <span class='ocrx_word' id='word_1_80' title='bbox 1394 771 1494 814; x_wconf 88' lang='lat' dir='ltr'><strong>Hoc</strong></span> <span class='ocrx_word' id='word_1_81' title='bbox 1522 772 1671 814; x_wconf 86' lang='lat' dir='ltr'><strong>vitium</strong></span> 
     </span>
     <span class='ocr_line' id='line_1_11' title="bbox 146 837 1670 896; baseline 0.001 -16"><span class='ocrx_word' id='word_1_82' title='bbox 146 845 289 880; x_wconf 88' lang='lat' dir='ltr'><strong>autem</strong></span> <span class='ocrx_word' id='word_1_83' title='bbox 317 853 414 880; x_wconf 91' lang='lat' dir='ltr'><strong>cum</strong></span> <span class='ocrx_word' id='word_1_84' title='bbox 443 837 533 880; x_wconf 89' lang='lat' dir='ltr'><strong>tolli</strong></span> <span class='ocrx_word' id='word_1_85' title='bbox 563 840 653 881; x_wconf 90' lang='lat' dir='ltr'><strong>sine</strong></span> <span class='ocrx_word' id='word_1_86' title='bbox 684 854 845 881; x_wconf 86' lang='lat' dir='ltr'><strong>summa</strong></span> <span class='ocrx_word' id='word_1_87' title='bbox 874 839 1126 890; x_wconf 85' lang='lat' dir='ltr'><strong>temeritate,</strong></span> <span class='ocrx_word' id='word_1_88' title='bbox 1148 846 1223 881; x_wconf 86' lang='lat' dir='ltr'><strong>aut</strong></span> <span class='ocrx_word' id='word_1_89' title='bbox 1246 839 1361 881; x_wconf 89' lang='lat' dir='ltr'><strong>inani</strong></span> <span class='ocrx_word' id='word_1_90' title='bbox 1380 839 1670 896; x_wconf 87' lang='lat' dir='ltr'><strong>disputatione</strong></span> 
     </span>
     <span class='ocr_line' id='line_1_12' title="bbox 146 906 1671 962; baseline 0.001 -14"><span class='ocrx_word' id='word_1_91' title='bbox 146 921 232 949; x_wconf 91' lang='lat' dir='ltr'><strong>non</strong></span> <span class='ocrx_word' id='word_1_92' title='bbox 260 921 389 962; x_wconf 89' lang='lat' dir='ltr'><strong>posse</strong></span> <span class='ocrx_word' id='word_1_93' title='bbox 419 907 654 958; x_wconf 80' lang='lat' dir='ltr'><strong>videretur,</strong></span> <span class='ocrx_word' id='word_1_94' title='bbox 674 923 701 949; x_wconf 89' lang='lat' dir='ltr'><strong>a</strong></span> <span class='ocrx_word' id='word_1_95' title='bbox 718 908 842 949; x_wconf 92' lang='lat' dir='ltr'><strong>nobis</strong></span> <span class='ocrx_word' id='word_1_96' title='bbox 872 908 1077 949; x_wconf 85' lang='lat' dir='ltr'><strong>intactum</strong></span> <span class='ocrx_word' id='word_1_97' title='bbox 1105 906 1299 950; x_wconf 85' lang='lat' dir='ltr'><strong>relictum</strong></span> <span class='ocrx_word' id='word_1_98' title='bbox 1323 918 1406 957; x_wconf 89' lang='lat' dir='ltr'><strong>est,</strong></span> <span class='ocrx_word' id='word_1_99' title='bbox 1427 923 1507 950; x_wconf 89' lang='lat' dir='ltr'><strong>nee</strong></span> <span class='ocrx_word' id='word_1_100' title='bbox 1527 907 1671 950; x_wconf 89' lang='lat' dir='ltr'><strong>attuli-</strong></span> 
     </span>
     <span class='ocr_line' id='line_1_13' title="bbox 146 975 1671 1032; baseline 0.001 -15"><span class='ocrx_word' id='word_1_101' title='bbox 146 990 243 1017; x_wconf 86' lang='lat' dir='ltr'><strong>mus</strong></span> <span class='ocrx_word' id='word_1_102' title='bbox 269 975 582 1018; x_wconf 88' lang='lat' dir='ltr'><strong>notatiunculas</strong></span> <span class='ocrx_word' id='word_1_103' title='bbox 615 990 918 1032; x_wconf 86' lang='lat' dir='ltr'><strong>supervacuas,</strong></span> <span class='ocrx_word' id='word_1_104' title='bbox 948 991 1056 1031; x_wconf 88' lang='lat' dir='ltr'><strong>quas</strong></span> <span class='ocrx_word' id='word_1_105' title='bbox 1092 975 1421 1018; x_wconf 86' lang='lat' dir='ltr'><strong>Westerhovius</strong></span> <span class='ocrx_word' id='word_1_106' title='bbox 1455 977 1671 1019; x_wconf 90' lang='lat' dir='ltr'><strong>interdum</strong></span> 
     </span>
     <span class='ocr_line' id='line_1_14' title="bbox 146 1043 1671 1101; baseline 0.001 -15"><span class='ocrx_word' id='word_1_107' title='bbox 146 1044 357 1100; x_wconf 84' lang='lat' dir='ltr'><strong>adjunxit.</strong></span> <span class='ocrx_word' id='word_1_108' title='bbox 409 1043 573 1086; x_wconf 90' lang='lat' dir='ltr'><strong>Verum</strong></span> <span class='ocrx_word' id='word_1_109' title='bbox 600 1043 780 1086; x_wconf 89' lang='lat' dir='ltr'><strong>alterum</strong></span> <span class='ocrx_word' id='word_1_110' title='bbox 805 1044 967 1095; x_wconf 88' lang='lat' dir='ltr'><strong>vitium,</strong></span> <span class='ocrx_word' id='word_1_111' title='bbox 988 1051 1195 1099; x_wconf 91' lang='lat' dir='ltr'><strong>quantum</strong></span> <span class='ocrx_word' id='word_1_112' title='bbox 1219 1045 1264 1086; x_wconf 88' lang='lat' dir='ltr'><strong>in</strong></span> <span class='ocrx_word' id='word_1_113' title='bbox 1283 1045 1407 1086; x_wconf 92' lang='lat' dir='ltr'><strong>nobis</strong></span> <span class='ocrx_word' id='word_1_114' title='bbox 1426 1044 1520 1096; x_wconf 88' lang='lat' dir='ltr'><strong>fuit,</strong></span> <span class='ocrx_word' id='word_1_115' title='bbox 1540 1046 1671 1101; x_wconf 89' lang='lat' dir='ltr'><strong>inpri-</strong></span> 
     </span>
     <span class='ocr_line' id='line_1_15' title="bbox 146 1110 1670 1168; baseline 0.001 -14"><span class='ocrx_word' id='word_1_116' title='bbox 146 1112 225 1154; x_wconf 89' lang='lat' dir='ltr'><strong>mis</strong></span> <span class='ocrx_word' id='word_1_117' title='bbox 249 1119 349 1167; x_wconf 90' lang='lat' dir='ltr'><strong>post</strong></span> <span class='ocrx_word' id='word_1_118' title='bbox 371 1110 532 1154; x_wconf 88' lang='lat' dir='ltr'><strong>Actum</strong></span> <span class='ocrx_word' id='word_1_119' title='bbox 551 1113 733 1168; x_wconf 90' lang='lat' dir='ltr'><strong>primum</strong></span> <span class='ocrx_word' id='word_1_120' title='bbox 753 1111 931 1154; x_wconf 85' lang='lat' dir='ltr'><strong>Fabulae</strong></span> <span class='ocrx_word' id='word_1_121' title='bbox 950 1113 1112 1168; x_wconf 88' lang='lat' dir='ltr'><strong>primae,</strong></span> <span class='ocrx_word' id='word_1_122' title='bbox 1134 1112 1351 1168; x_wconf 84' lang='lat' dir='ltr'><strong>(quoniam</strong></span> <span class='ocrx_word' id='word_1_123' title='bbox 1369 1113 1426 1155; x_wconf 90' lang='lat' dir='ltr'><strong>ab</strong></span> <span class='ocrx_word' id='word_1_124' title='bbox 1444 1114 1564 1155; x_wconf 89' lang='lat' dir='ltr'><strong>initio</strong></span> <span class='ocrx_word' id='word_1_125' title='bbox 1586 1113 1670 1156; x_wconf 90' lang='lat' dir='ltr'><strong>hoc</strong></span> 
     </span>
     <span class='ocr_line' id='line_1_16' title="bbox 147 1179 1668 1236; baseline 0.001 -13"><span class='ocrx_word' id='word_1_126' title='bbox 147 1179 368 1223; x_wconf 88' lang='lat' dir='ltr'><strong>consilium</strong></span> <span class='ocrx_word' id='word_1_127' title='bbox 402 1181 526 1222; x_wconf 91' lang='lat' dir='ltr'><strong>nobis</strong></span> <span class='ocrx_word' id='word_1_128' title='bbox 564 1181 755 1223; x_wconf 90' lang='lat' dir='ltr'><strong>nondum</strong></span> <span class='ocrx_word' id='word_1_129' title='bbox 790 1188 884 1223; x_wconf 90' lang='lat' dir='ltr'><strong>erat</strong></span> <span class='ocrx_word' id='word_1_130' title='bbox 920 1181 1108 1236; x_wconf 89' lang='lat' dir='ltr'><strong>captum)</strong></span> <span class='ocrx_word' id='word_1_131' title='bbox 1146 1180 1295 1223; x_wconf 90' lang='lat' dir='ltr'><strong>tollere</strong></span> <span class='ocrx_word' id='word_1_132' title='bbox 1331 1196 1476 1223; x_wconf 92' lang='lat' dir='ltr'><strong>sumus</strong></span> <span class='ocrx_word' id='word_1_133' title='bbox 1512 1182 1668 1224; x_wconf 90' lang='lat' dir='ltr'><strong>conati.</strong></span> 
     </span>
     <span class='ocr_line' id='line_1_17' title="bbox 146 1248 1670 1305; baseline 0.001 -14"><span class='ocrx_word' id='word_1_134' title='bbox 146 1248 285 1305; x_wconf 89' lang='lat' dir='ltr'><strong>Igitur</strong></span> <span class='ocrx_word' id='word_1_135' title='bbox 299 1250 480 1305; x_wconf 91' lang='lat' dir='ltr'><strong>primum</strong></span> <span class='ocrx_word' id='word_1_136' title='bbox 499 1249 727 1291; x_wconf 89' lang='lat' dir='ltr'><strong>interserui</strong></span> <span class='ocrx_word' id='word_1_137' title='bbox 746 1256 790 1291; x_wconf 87' lang='lat' dir='ltr'><strong>et</strong></span> <span class='ocrx_word' id='word_1_138' title='bbox 810 1250 931 1305; x_wconf 88' lang='lat' dir='ltr'><strong>signo</strong></span> <span class='ocrx_word' id='word_1_139' title='bbox 951 1249 966 1303; x_wconf 98' lang='lat'>(</span> <span class='ocrx_word' id='word_1_140' title='bbox 997 1251 1013 1303; x_wconf 95' lang='lat'>)</span> <span class='ocrx_word' id='word_1_141' title='bbox 1032 1264 1057 1290; x_wconf 85' lang='lat' dir='ltr'><strong>a</strong></span> <span class='ocrx_word' id='word_1_142' title='bbox 1076 1256 1200 1291; x_wconf 89' lang='lat' dir='ltr'><strong>textu</strong></span> <span class='ocrx_word' id='word_1_143' title='bbox 1219 1248 1472 1292; x_wconf 84' lang='lat' dir='ltr'><strong>Scholiastae</strong></span> <span class='ocrx_word' id='word_1_144' title='bbox 1493 1250 1670 1292; x_wconf 83' lang='lat' dir='ltr'><strong>distinxi</strong></span> 
     </span>
     <span class='ocr_line' id='line_1_18' title="bbox 146 1317 1667 1373; baseline 0.001 -14"><span class='ocrx_word' id='word_1_145' title='bbox 146 1318 414 1373; x_wconf 89' lang='lat' dir='ltr'><strong>conjecturas</strong></span> <span class='ocrx_word' id='word_1_146' title='bbox 443 1325 487 1359; x_wconf 92' lang='lat' dir='ltr'><strong>et</strong></span> <span class='ocrx_word' id='word_1_147' title='bbox 515 1317 734 1368; x_wconf 90' lang='lat' dir='ltr'><strong>lectiones,</strong></span> <span class='ocrx_word' id='word_1_148' title='bbox 773 1333 880 1373; x_wconf 90' lang='lat' dir='ltr'><strong>quas</strong></span> <span class='ocrx_word' id='word_1_149' title='bbox 912 1317 1244 1360; x_wconf 86' lang='lat' dir='ltr'><strong>Westerhovius</strong></span> <span class='ocrx_word' id='word_1_150' title='bbox 1284 1317 1352 1360; x_wconf 86' lang='lat' dir='ltr'><strong>vel</strong></span> <span class='ocrx_word' id='word_1_151' title='bbox 1388 1318 1519 1360; x_wconf 88' lang='lat' dir='ltr'><strong>debet</strong></span> <span class='ocrx_word' id='word_1_152' title='bbox 1555 1317 1667 1361; x_wconf 88' lang='lat' dir='ltr'><strong>Abr.</strong></span> 
     </span>
     <span class='ocr_line' id='line_1_19' title="bbox 146 1385 1668 1442; baseline 0.001 -14"><span class='ocrx_word' id='word_1_153' title='bbox 146 1385 379 1442; x_wconf 86' lang='lat' dir='ltr'><strong>Wielingio</strong></span> <span class='ocrx_word' id='word_1_154' title='bbox 400 1386 491 1428; x_wconf 87' lang='lat' dir='ltr'><strong>viro</strong></span> <span class='ocrx_word' id='word_1_155' title='bbox 510 1385 837 1436; x_wconf 89' lang='lat' dir='ltr'><strong>consultissimo,</strong></span> <span class='ocrx_word' id='word_1_156' title='bbox 857 1385 925 1427; x_wconf 88' lang='lat' dir='ltr'><strong>vel</strong></span> <span class='ocrx_word' id='word_1_157' title='bbox 953 1386 1046 1441; x_wconf 91' lang='lat' dir='ltr'><strong>ipse</strong></span> <span class='ocrx_word' id='word_1_158' title='bbox 1077 1385 1247 1441; x_wconf 84' lang='lat' dir='ltr'><strong>collegit</strong></span> <span class='ocrx_word' id='word_1_159' title='bbox 1270 1401 1357 1427; x_wconf 92' lang='lat' dir='ltr'><strong>non</strong></span> <span class='ocrx_word' id='word_1_160' title='bbox 1376 1386 1503 1428; x_wconf 91' lang='lat' dir='ltr'><strong>modo</strong></span> <span class='ocrx_word' id='word_1_161' title='bbox 1523 1401 1580 1428; x_wconf 83' lang='lat' dir='ltr'><strong>ex</strong></span> <span class='ocrx_word' id='word_1_162' title='bbox 1599 1402 1668 1429; x_wconf 87' lang='lat' dir='ltr'><strong>co-</strong></span> 
     </span>
     <span class='ocr_line' id='line_1_20' title="bbox 146 1453 1666 1510; baseline 0.001 -15"><span class='ocrx_word' id='word_1_163' title='bbox 146 1453 241 1496; x_wconf 90' lang='lat' dir='ltr'><strong>dice</strong></span> <span class='ocrx_word' id='word_1_164' title='bbox 258 1453 371 1495; x_wconf 88' lang='lat' dir='ltr'><strong>Sam.</strong></span> <span class='ocrx_word' id='word_1_165' title='bbox 389 1454 533 1496; x_wconf 89' lang='lat' dir='ltr'><strong>Hulsii</strong></span> <span class='ocrx_word' id='word_1_166' title='bbox 553 1454 750 1510; x_wconf 86' lang='lat' dir='ltr'><strong>Haganae</strong></span> <span class='ocrx_word' id='word_1_167' title='bbox 766 1455 947 1497; x_wconf 89' lang='lat' dir='ltr'><strong>civitatis</strong></span> <span class='ocrx_word' id='word_1_168' title='bbox 967 1455 1045 1495; x_wconf 87' lang='lat' dir='ltr'><strong>viri</strong></span> <span class='ocrx_word' id='word_1_169' title='bbox 1066 1453 1315 1505; x_wconf 86' lang='lat' dir='ltr'><strong>consularis,</strong></span> <span class='ocrx_word' id='word_1_170' title='bbox 1333 1455 1481 1497; x_wconf 86' lang='lat' dir='ltr'><strong>codice</strong></span> <span class='ocrx_word' id='word_1_171' title='bbox 1493 1454 1666 1497; x_wconf 91' lang='lat' dir='ltr'><strong>Theod.</strong></span> 
     </span>
     <span class='ocr_line' id='line_1_21' title="bbox 146 1521 1668 1578; baseline 0.001 -14"><span class='ocrx_word' id='word_1_172' title='bbox 146 1521 510 1564; x_wconf 85' lang='lat' dir='ltr'><strong>Boendermakeri</strong></span> <span class='ocrx_word' id='word_1_173' title='bbox 522 1522 725 1564; x_wconf 90' lang='lat' dir='ltr'><strong>Canonici</strong></span> <span class='ocrx_word' id='word_1_174' title='bbox 745 1522 790 1564; x_wconf 91' lang='lat' dir='ltr'><strong>S.</strong></span> <span class='ocrx_word' id='word_1_175' title='bbox 802 1522 980 1564; x_wconf 85' lang='lat' dir='ltr'><strong>Martini</strong></span> <span class='ocrx_word' id='word_1_176' title='bbox 995 1522 1112 1577; x_wconf 85' lang='lat' dir='ltr'><strong>apud</strong></span> <span class='ocrx_word' id='word_1_177' title='bbox 1125 1521 1448 1578; x_wconf 89' lang='lat' dir='ltr'><strong>Ultrajectinos,</strong></span> <span class='ocrx_word' id='word_1_178' title='bbox 1464 1531 1508 1565; x_wconf 89' lang='lat' dir='ltr'><strong>et</strong></span> <span class='ocrx_word' id='word_1_179' title='bbox 1520 1524 1668 1566; x_wconf 89' lang='lat' dir='ltr'><strong>codice</strong></span> 
     </span>
     <span class='ocr_line' id='line_1_22' title="bbox 146 1590 1670 1646; baseline 0.001 -14"><span class='ocrx_word' id='word_1_180' title='bbox 146 1590 262 1632; x_wconf 87' lang='lat' dir='ltr'><strong>edito</strong></span> <span class='ocrx_word' id='word_1_181' title='bbox 282 1590 520 1632; x_wconf 86' lang='lat' dir='ltr'><strong>Cardinalis</strong></span> <span class='ocrx_word' id='word_1_182' title='bbox 543 1591 619 1632; x_wconf 93' lang='lat' dir='ltr'><strong>Du</strong></span> <span class='ocrx_word' id='word_1_183' title='bbox 640 1591 759 1641; x_wconf 91' lang='lat' dir='ltr'><strong>Bois,</strong></span> <span class='ocrx_word' id='word_1_184' title='bbox 780 1591 1056 1646; x_wconf 89' lang='lat' dir='ltr'><strong>(posteriores</strong></span> <span class='ocrx_word' id='word_1_185' title='bbox 1087 1605 1165 1632; x_wconf 91' lang='lat' dir='ltr'><strong>nos</strong></span> <span class='ocrx_word' id='word_1_186' title='bbox 1195 1591 1435 1646; x_wconf 88' lang='lat' dir='ltr'><strong>compendii</strong></span> <span class='ocrx_word' id='word_1_187' title='bbox 1457 1606 1587 1634; x_wconf 86' lang='lat' dir='ltr'><strong>causa</strong></span> <span class='ocrx_word' id='word_1_188' title='bbox 1606 1593 1670 1634; x_wconf 90' lang='lat' dir='ltr'><strong>in-</strong></span> 
     </span>
     <span class='ocr_line' id='line_1_23' title="bbox 146 1658 1670 1715; baseline 0.001 -15"><span class='ocrx_word' id='word_1_189' title='bbox 146 1658 315 1700; x_wconf 90' lang='lat' dir='ltr'><strong>terdum</strong></span> <span class='ocrx_word' id='word_1_190' title='bbox 331 1659 515 1701; x_wconf 84' lang='lat' dir='ltr'><strong>diximus</strong></span> <span class='ocrx_word' id='word_1_191' title='bbox 523 1659 702 1701; x_wconf 76' lang='lat' dir='ltr'><strong>Librum</strong></span> <span class='ocrx_word' id='word_1_192' title='bbox 718 1659 972 1715; x_wconf 85' lang='lat' dir='ltr'><strong>utrumque,)</strong></span> <span class='ocrx_word' id='word_1_193' title='bbox 983 1659 1060 1701; x_wconf 92' lang='lat' dir='ltr'><strong>sed</strong></span> <span class='ocrx_word' id='word_1_194' title='bbox 1077 1659 1204 1700; x_wconf 86' lang='lat' dir='ltr'><strong>etiam</strong></span> <span class='ocrx_word' id='word_1_195' title='bbox 1216 1674 1272 1702; x_wconf 84' lang='lat' dir='ltr'><strong>ex</strong></span> <span class='ocrx_word' id='word_1_196' title='bbox 1286 1659 1545 1702; x_wconf 90' lang='lat' dir='ltr'><strong>editionibus</strong></span> <span class='ocrx_word' id='word_1_197' title='bbox 1561 1661 1670 1702; x_wconf 89' lang='lat' dir='ltr'><strong>anti-</strong></span> 
     </span>
     <span class='ocr_line' id='line_1_24' title="bbox 147 1726 1669 1783; baseline 0.002 -15"><span class='ocrx_word' id='word_1_198' title='bbox 147 1727 358 1782; x_wconf 89' lang='lat' dir='ltr'><strong>quissimis</strong></span> <span class='ocrx_word' id='word_1_199' title='bbox 368 1726 562 1769; x_wconf 88' lang='lat' dir='ltr'><strong>Venetis.</strong></span> <span class='ocrx_word' id='word_1_200' title='bbox 590 1727 760 1769; x_wconf 88' lang='lat' dir='ltr'><strong>Deinde</strong></span> <span class='ocrx_word' id='word_1_201' title='bbox 774 1742 856 1783; x_wconf 91' lang='lat' dir='ltr'><strong>ego</strong></span> <span class='ocrx_word' id='word_1_202' title='bbox 869 1728 961 1783; x_wconf 91' lang='lat' dir='ltr'><strong>ipse</strong></span> <span class='ocrx_word' id='word_1_203' title='bbox 974 1727 1077 1770; x_wconf 89' lang='lat' dir='ltr'><strong>locis</strong></span> <span class='ocrx_word' id='word_1_204' title='bbox 1090 1728 1318 1783; x_wconf 89' lang='lat' dir='ltr'><strong>corruptis,</strong></span> <span class='ocrx_word' id='word_1_205' title='bbox 1329 1727 1669 1771; x_wconf 88' lang='lat' dir='ltr'><strong>aWesterhovio</strong></span> 
     </span>
     <span class='ocr_line' id='line_1_25' title="bbox 146 1794 1669 1852; baseline 0.003 -17"><span class='ocrx_word' id='word_1_206' title='bbox 146 1794 366 1850; x_wconf 82' lang='lat' dir='ltr'><strong>neglectiS‚</strong></span> <span class='ocrx_word' id='word_1_207' title='bbox 388 1810 557 1837; x_wconf 91' lang='lat' dir='ltr'><strong>manum</strong></span> <span class='ocrx_word' id='word_1_208' title='bbox 581 1796 763 1846; x_wconf 87' lang='lat' dir='ltr'><strong>admovi,</strong></span> <span class='ocrx_word' id='word_1_209' title='bbox 783 1810 920 1851; x_wconf 92' lang='lat' dir='ltr'><strong>eaque</strong></span> <span class='ocrx_word' id='word_1_210' title='bbox 939 1795 1006 1838; x_wconf 86' lang='lat' dir='ltr'><strong>vel</strong></span> <span class='ocrx_word' id='word_1_211' title='bbox 1025 1796 1239 1851; x_wconf 89' lang='lat' dir='ltr'><strong>corrigere</strong></span> <span class='ocrx_word' id='word_1_212' title='bbox 1258 1795 1326 1838; x_wconf 85' lang='lat' dir='ltr'><strong>vel</strong></span> <span class='ocrx_word' id='word_1_213' title='bbox 1354 1796 1554 1852; x_wconf 91' lang='lat' dir='ltr'><strong>supplere</strong></span> <span class='ocrx_word' id='word_1_214' title='bbox 1575 1813 1669 1840; x_wconf 92' lang='lat' dir='ltr'><strong>sum</strong></span> 
     </span>
     <span class='ocr_line' id='line_1_26' title="bbox 147 1863 1669 1919; baseline 0.002 -15"><span class='ocrx_word' id='word_1_215' title='bbox 147 1870 351 1914; x_wconf 81' lang='lat' dir='ltr'><strong>conatus3</strong></span> <span class='ocrx_word' id='word_1_216' title='bbox 392 1870 521 1918; x_wconf 91' lang='lat' dir='ltr'><strong>atque</strong></span> <span class='ocrx_word' id='word_1_217' title='bbox 549 1878 604 1905; x_wconf 89' lang='lat' dir='ltr'><strong>ne</strong></span> <span class='ocrx_word' id='word_1_218' title='bbox 633 1878 727 1905; x_wconf 89' lang='lat' dir='ltr'><strong>mea</strong></span> <span class='ocrx_word' id='word_1_219' title='bbox 755 1864 1001 1919; x_wconf 84' lang='lat' dir='ltr'><strong>conjectura</strong></span> <span class='ocrx_word' id='word_1_220' title='bbox 1030 1863 1121 1905; x_wconf 85' lang='lat' dir='ltr'><strong>aliis</strong></span> <span class='ocrx_word' id='word_1_221' title='bbox 1151 1863 1262 1905; x_wconf 89' lang='lat' dir='ltr'><strong>forte</strong></span> <span class='ocrx_word' id='word_1_222' title='bbox 1291 1864 1431 1906; x_wconf 84' lang='lat' dir='ltr'><strong>invitis</strong></span> <span class='ocrx_word' id='word_1_223' title='bbox 1462 1866 1669 1907; x_wconf 89' lang='lat' dir='ltr'><strong>obtrude-</strong></span> 
     </span>
     <span class='ocr_line' id='line_1_27' title="bbox 146 1930 1667 1989; baseline 0.003 -17"><span class='ocrx_word' id='word_1_224' title='bbox 146 1938 280 1981; x_wconf 90' lang='lat' dir='ltr'><strong>retur,</strong></span> <span class='ocrx_word' id='word_1_225' title='bbox 301 1946 393 1973; x_wconf 86' lang='lat' dir='ltr'><strong>eam</strong></span> <span class='ocrx_word' id='word_1_226' title='bbox 414 1931 562 1973; x_wconf 84' lang='lat' dir='ltr'><strong>addita</strong></span> <span class='ocrx_word' id='word_1_227' title='bbox 589 1930 731 1973; x_wconf 88' lang='lat' dir='ltr'><strong>littera</strong></span> <span class='ocrx_word' id='word_1_228' title='bbox 759 1931 798 1972; x_wconf 91' lang='lat' dir='ltr'>Z</span> <span class='ocrx_word' id='word_1_229' title='bbox 825 1932 983 1973; x_wconf 88' lang='lat' dir='ltr'><strong>notavi.</strong></span> <span class='ocrx_word' id='word_1_230' title='bbox 1034 1931 1142 1973; x_wconf 90' lang='lat' dir='ltr'><strong>Post</strong></span> <span class='ocrx_word' id='word_1_231' title='bbox 1169 1931 1391 1974; x_wconf 84' lang='lat' dir='ltr'><strong>Donatum</strong></span> <span class='ocrx_word' id='word_1_232' title='bbox 1410 1940 1455 1974; x_wconf 90' lang='lat' dir='ltr'><strong>et</strong></span> <span class='ocrx_word' id='word_1_233' title='bbox 1474 1940 1667 1989; x_wconf 83' lang='lat' dir='ltr'><strong>tempore</strong></span> 
     </span>
     <span class='ocr_line' id='line_1_28' title="bbox 146 1999 1667 2056; baseline 0.003 -16"><span class='ocrx_word' id='word_1_234' title='bbox 146 2006 191 2040; x_wconf 90' lang='lat' dir='ltr'><strong>et</strong></span> <span class='ocrx_word' id='word_1_235' title='bbox 210 1999 417 2055; x_wconf 85' lang='lat' dir='ltr'><strong>dignitate</strong></span> <span class='ocrx_word' id='word_1_236' title='bbox 434 2000 627 2055; x_wconf 91' lang='lat' dir='ltr'><strong>sequitur</strong></span> <span class='ocrx_word' id='word_1_237' title='bbox 639 1999 942 2056; x_wconf 72' lang='lat' dir='ltr'><strong>Eugraphius,</strong></span> <span class='ocrx_word' id='word_1_238' title='bbox 956 2000 1045 2054; x_wconf 91' lang='lat' dir='ltr'><strong>qui,</strong></span> <span class='ocrx_word' id='word_1_239' title='bbox 1061 2006 1267 2054; x_wconf 87' lang='lat' dir='ltr'><strong>quantum</strong></span> <span class='ocrx_word' id='word_1_240' title='bbox 1281 2015 1336 2042; x_wconf 87' lang='lat' dir='ltr'><strong>ex</strong></span> <span class='ocrx_word' id='word_1_241' title='bbox 1350 2000 1572 2052; x_wconf 88' lang='lat' dir='ltr'><strong>Gerberti,</strong></span> <span class='ocrx_word' id='word_1_242' title='bbox 1590 2017 1667 2044; x_wconf 89' lang='lat' dir='ltr'><strong>seu</strong></span> 
     </span>
     <span class='ocr_line' id='line_1_29' title="bbox 146 2066 1667 2123; baseline 0.003 -15"><span class='ocrx_word' id='word_1_243' title='bbox 146 2066 391 2122; x_wconf 88' lang='lat' dir='ltr'><strong>Sylvestris‚</strong></span> <span class='ocrx_word' id='word_1_244' title='bbox 412 2068 466 2109; x_wconf 90' lang='lat' dir='ltr'><strong>ad</strong></span> <span class='ocrx_word' id='word_1_245' title='bbox 488 2067 722 2108; x_wconf 87' lang='lat' dir='ltr'><strong>Airardum</strong></span> <span class='ocrx_word' id='word_1_246' title='bbox 741 2067 922 2122; x_wconf 90' lang='lat' dir='ltr'><strong>epistola</strong></span> <span class='ocrx_word' id='word_1_247' title='bbox 940 2066 1166 2123; x_wconf 89' lang='lat' dir='ltr'><strong>colligitur,</strong></span> <span class='ocrx_word' id='word_1_248' title='bbox 1187 2069 1268 2110; x_wconf 91' lang='lat' dir='ltr'><strong>sub</strong></span> <span class='ocrx_word' id='word_1_249' title='bbox 1285 2067 1415 2111; x_wconf 91' lang='lat' dir='ltr'><strong>finem</strong></span> <span class='ocrx_word' id='word_1_250' title='bbox 1440 2069 1572 2112; x_wconf 90' lang='lat' dir='ltr'><strong>seculi</strong></span> <span class='ocrx_word' id='word_1_251' title='bbox 1591 2071 1667 2113; x_wconf 92' lang='lat' dir='ltr'><strong>de-</strong></span> 
     </span>
     <span class='ocr_line' id='line_1_30' title="bbox 145 2135 1667 2191; baseline 0.003 -14"><span class='ocrx_word' id='word_1_252' title='bbox 145 2136 255 2186; x_wconf 92' lang='lat' dir='ltr'><strong>cimi,</strong></span> <span class='ocrx_word' id='word_1_253' title='bbox 287 2135 463 2177; x_wconf 90' lang='lat' dir='ltr'><strong>Othone</strong></span> <span class='ocrx_word' id='word_1_254' title='bbox 492 2135 574 2177; x_wconf 91' lang='lat' dir='ltr'><strong>III.</strong></span> <span class='ocrx_word' id='word_1_255' title='bbox 605 2136 854 2191; x_wconf 88' lang='lat' dir='ltr'><strong>imperante,</strong></span> <span class='ocrx_word' id='word_1_256' title='bbox 886 2136 1005 2186; x_wconf 87' lang='lat' dir='ltr'><strong>vixit,</strong></span> <span class='ocrx_word' id='word_1_257' title='bbox 1035 2135 1165 2178; x_wconf 92' lang='lat' dir='ltr'><strong>homo</strong></span> <span class='ocrx_word' id='word_1_258' title='bbox 1195 2151 1275 2191; x_wconf 93' lang='lat' dir='ltr'><strong>pro</strong></span> <span class='ocrx_word' id='word_1_259' title='bbox 1304 2138 1469 2180; x_wconf 88' lang='lat' dir='ltr'><strong>ratione</strong></span> <span class='ocrx_word' id='word_1_260' title='bbox 1494 2138 1667 2181; x_wconf 89' lang='lat' dir='ltr'><strong>illorum</strong></span> 
     </span>
     <span class='ocr_line' id='line_1_31' title="bbox 103 2203 1664 2259; baseline 0.003 -14"><span class='ocrx_word' id='word_1_261' title='bbox 103 2242 109 2245; x_wconf 86' lang='lat'><strong>.</strong></span> <span class='ocrx_word' id='word_1_262' title='bbox 146 2211 384 2259; x_wconf 89' lang='lat' dir='ltr'><strong>temporum</strong></span> <span class='ocrx_word' id='word_1_263' title='bbox 412 2203 529 2246; x_wconf 86' lang='lat' dir='ltr'><strong>haud</strong></span> <span class='ocrx_word' id='word_1_264' title='bbox 559 2204 770 2246; x_wconf 89' lang='lat' dir='ltr'><strong>indoctus.</strong></span> <span class='ocrx_word' id='word_1_265' title='bbox 830 2203 977 2259; x_wconf 90' lang='lat' dir='ltr'><strong>Hujus</strong></span> <span class='ocrx_word' id='word_1_266' title='bbox 1007 2205 1296 2246; x_wconf 89' lang='lat' dir='ltr'><strong>commentarii</strong></span> <span class='ocrx_word' id='word_1_267' title='bbox 1327 2206 1371 2247; x_wconf 91' lang='lat' dir='ltr'><strong>in</strong></span> <span class='ocrx_word' id='word_1_268' title='bbox 1395 2205 1664 2258; x_wconf 89' lang='lat' dir='ltr'><strong>Terentium,</strong></span> 
     </span>
     <span class='ocr_line' id='line_1_32' title="bbox 146 2271 1667 2330; baseline 0.002 -17"><span class='ocrx_word' id='word_1_269' title='bbox 146 2272 219 2326; x_wconf 89' lang='lat' dir='ltr'><strong>qui</strong></span> <span class='ocrx_word' id='word_1_270' title='bbox 247 2272 364 2327; x_wconf 89' lang='lat' dir='ltr'><strong>apud</strong></span> <span class='ocrx_word' id='word_1_271' title='bbox 394 2271 763 2328; x_wconf 88' lang='lat' dir='ltr'><strong>Lindenbrogium</strong></span> <span class='ocrx_word' id='word_1_272' title='bbox 792 2271 1022 2313; x_wconf 90' lang='lat' dir='ltr'><strong>admodum</strong></span> <span class='ocrx_word' id='word_1_273' title='bbox 1050 2273 1242 2327; x_wconf 85' lang='lat' dir='ltr'><strong>corrupti</strong></span> <span class='ocrx_word' id='word_1_274' title='bbox 1270 2280 1314 2314; x_wconf 91' lang='lat' dir='ltr'><strong>et</strong></span> <span class='ocrx_word' id='word_1_275' title='bbox 1342 2273 1479 2315; x_wconf 91' lang='lat' dir='ltr'><strong>mutili</strong></span> <span class='ocrx_word' id='word_1_276' title='bbox 1513 2275 1667 2330; x_wconf 87' lang='lat' dir='ltr'><strong>depre-</strong></span> 
     </span>
     <span class='ocr_line' id='line_1_33' title="bbox 144 2339 1665 2397; baseline 0.003 -16"><span class='ocrx_word' id='word_1_277' title='bbox 144 2339 406 2391; x_wconf 88' lang='lat' dir='ltr'><strong>henduntur,</strong></span> <span class='ocrx_word' id='word_1_278' title='bbox 442 2339 512 2382; x_wconf 93' lang='lat' dir='ltr'><strong>hic</strong></span> <span class='ocrx_word' id='word_1_279' title='bbox 550 2341 704 2396; x_wconf 86' lang='lat' dir='ltr'><strong>partim</strong></span> <span class='ocrx_word' id='word_1_280' title='bbox 736 2355 791 2382; x_wconf 86' lang='lat' dir='ltr'><strong>ex</strong></span> <span class='ocrx_word' id='word_1_281' title='bbox 824 2340 1011 2382; x_wconf 87' lang='lat' dir='ltr'><strong>editione</strong></span> <span class='ocrx_word' id='word_1_282' title='bbox 1046 2340 1353 2391; x_wconf 84' lang='lat' dir='ltr'><strong>Westerhovii,</strong></span> <span class='ocrx_word' id='word_1_283' title='bbox 1385 2343 1458 2397; x_wconf 93' lang='lat' dir='ltr'><strong>qui</strong></span> <span class='ocrx_word' id='word_1_284' title='bbox 1492 2343 1665 2385; x_wconf 91' lang='lat' dir='ltr'><strong>duobus</strong></span> 
     </span>
     <span class='ocr_line' id='line_1_34' title="bbox 146 2407 1666 2464; baseline 0.001 -13"><span class='ocrx_word' id='word_1_285' title='bbox 146 2408 378 2459; x_wconf 86' lang='lat' dir='ltr'><strong>codicibus,</strong></span> <span class='ocrx_word' id='word_1_286' title='bbox 401 2409 478 2450; x_wconf 90' lang='lat' dir='ltr'><strong>sed</strong></span> <span class='ocrx_word' id='word_1_287' title='bbox 498 2408 565 2450; x_wconf 92' lang='lat' dir='ltr'><strong>his</strong></span> <span class='ocrx_word' id='word_1_288' title='bbox 585 2409 688 2464; x_wconf 91' lang='lat' dir='ltr'><strong>ipsis</strong></span> <span class='ocrx_word' id='word_1_289' title='bbox 709 2409 922 2464; x_wconf 87' lang='lat' dir='ltr'><strong>corruptis</strong></span> <span class='ocrx_word' id='word_1_290' title='bbox 946 2415 990 2450; x_wconf 89' lang='lat' dir='ltr'><strong>et</strong></span> <span class='ocrx_word' id='word_1_291' title='bbox 1016 2407 1234 2459; x_wconf 86' lang='lat' dir='ltr'><strong>mutilatis,</strong></span> <span class='ocrx_word' id='word_1_292' title='bbox 1256 2408 1538 2452; x_wconf 73' lang='lat' dir='ltr'><strong>Bibliothecae</strong></span> <span class='ocrx_word' id='word_1_293' title='bbox 1566 2410 1666 2453; x_wconf 93' lang='lat' dir='ltr'><strong>Lei-</strong></span> 
     </span>
     <span class='ocr_line' id='line_1_35' title="bbox 147 2476 1663 2533; baseline 0.003 -15"><span class='ocrx_word' id='word_1_294' title='bbox 147 2476 290 2518; x_wconf 86' lang='lat' dir='ltr'><strong>densis</strong></span> <span class='ocrx_word' id='word_1_295' title='bbox 321 2484 388 2519; x_wconf 90' lang='lat' dir='ltr'><strong>est</strong></span> <span class='ocrx_word' id='word_1_296' title='bbox 418 2492 538 2527; x_wconf 91' lang='lat' dir='ltr'><strong>usus,</strong></span> <span class='ocrx_word' id='word_1_297' title='bbox 570 2485 614 2519; x_wconf 90' lang='lat' dir='ltr'><strong>et</strong></span> <span class='ocrx_word' id='word_1_298' title='bbox 645 2484 810 2519; x_wconf 89' lang='lat' dir='ltr'><strong>veteres</strong></span> <span class='ocrx_word' id='word_1_299' title='bbox 845 2477 1054 2518; x_wconf 88' lang='lat' dir='ltr'><strong>editiones</strong></span> <span class='ocrx_word' id='word_1_300' title='bbox 1092 2476 1284 2527; x_wconf 90' lang='lat' dir='ltr'><strong>contulit,</strong></span> <span class='ocrx_word' id='word_1_301' title='bbox 1316 2478 1471 2533; x_wconf 90' lang='lat' dir='ltr'><strong>partim</strong></span> <span class='ocrx_word' id='word_1_302' title='bbox 1506 2481 1663 2522; x_wconf 88' lang='lat' dir='ltr'><strong>nostris</strong></span> 
     </span>
     <span class='ocr_line' id='line_1_36' title="bbox 146 2545 1665 2601; baseline 0.003 -15"><span class='ocrx_word' id='word_1_303' title='bbox 146 2545 400 2600; x_wconf 89' lang='lat' dir='ltr'><strong>conjecturis</strong></span> <span class='ocrx_word' id='word_1_304' title='bbox 439 2545 807 2601; x_wconf 83' lang='lat' dir='ltr'><strong>qualibuscunque</strong></span> <span class='ocrx_word' id='word_1_305' title='bbox 841 2546 955 2587; x_wconf 88' lang='lat' dir='ltr'><strong>aucti</strong></span> <span class='ocrx_word' id='word_1_306' title='bbox 988 2545 1218 2600; x_wconf 88' lang='lat' dir='ltr'><strong>prodeunt.</strong></span> <span class='ocrx_word' id='word_1_307' title='bbox 1280 2545 1388 2586; x_wconf 89' lang='lat' dir='ltr'><strong>Cum</strong></span> <span class='ocrx_word' id='word_1_308' title='bbox 1426 2546 1588 2589; x_wconf 89' lang='lat' dir='ltr'><strong>Donati</strong></span> <span class='ocrx_word' id='word_1_309' title='bbox 1620 2549 1665 2590; x_wconf 90' lang='lat' dir='ltr'><strong>in</strong></span> 
     </span>
     <span class='ocr_line' id='line_1_37' title="bbox 147 2611 1666 2668; baseline 0.003 -14"><span class='ocrx_word' id='word_1_310' title='bbox 147 2611 660 2656; x_wconf 88' lang='lat' dir='ltr'><strong>Heautontimorumenon</strong></span> <span class='ocrx_word' id='word_1_311' title='bbox 691 2613 852 2655; x_wconf 87' lang='lat' dir='ltr'><strong>scholia</strong></span> <span class='ocrx_word' id='word_1_312' title='bbox 879 2614 1104 2655; x_wconf 87' lang='lat' dir='ltr'><strong>videantur</strong></span> <span class='ocrx_word' id='word_1_313' title='bbox 1130 2613 1324 2668; x_wconf 87' lang='lat' dir='ltr'><strong>periisse,</strong></span> <span class='ocrx_word' id='word_1_314' title='bbox 1344 2614 1388 2654; x_wconf 91' lang='lat' dir='ltr'><strong>in</strong></span> <span class='ocrx_word' id='word_1_315' title='bbox 1417 2613 1556 2657; x_wconf 90' lang='lat' dir='ltr'><strong>locum</strong></span> <span class='ocrx_word' id='word_1_316' title='bbox 1574 2615 1666 2658; x_wconf 87' lang='lat' dir='ltr'><strong>illo-</strong></span> 
     </span>
     <span class='ocr_line' id='line_1_38' title="bbox 146 2680 1665 2737; baseline 0.003 -15"><span class='ocrx_word' id='word_1_317' title='bbox 146 2695 239 2722; x_wconf 89' lang='lat' dir='ltr'><strong>rum</strong></span> <span class='ocrx_word' id='word_1_318' title='bbox 274 2681 500 2737; x_wconf 77' lang='lat' dir='ltr'><strong>Calpurnii</strong></span> <span class='ocrx_word' id='word_1_319' title='bbox 532 2682 785 2732; x_wconf 88' lang='lat' dir='ltr'><strong>Brixiensis,</strong></span> <span class='ocrx_word' id='word_1_320' title='bbox 814 2682 888 2737; x_wconf 90' lang='lat' dir='ltr'><strong>qui</strong></span> <span class='ocrx_word' id='word_1_321' title='bbox 915 2680 1059 2723; x_wconf 91' lang='lat' dir='ltr'><strong>seculo</strong></span> <span class='ocrx_word' id='word_1_322' title='bbox 1089 2681 1239 2736; x_wconf 91' lang='lat' dir='ltr'><strong>quinto</strong></span> <span class='ocrx_word' id='word_1_323' title='bbox 1259 2681 1423 2723; x_wconf 90' lang='lat' dir='ltr'><strong>decimo</strong></span> <span class='ocrx_word' id='word_1_324' title='bbox 1442 2682 1665 2727; x_wconf 88' lang='lat' dir='ltr'><strong>Laurentii</strong></span> 
     </span>
     <span class='ocr_line' id='line_1_39' title="bbox 147 2747 1664 2800; baseline 0.004 -11"><span class='ocrx_word' id='word_1_325' title='bbox 147 2747 285 2790; x_wconf 87' lang='lat' dir='ltr'><strong>Vallae</strong></span> <span class='ocrx_word' id='word_1_326' title='bbox 315 2757 440 2791; x_wconf 83' lang='lat' dir='ltr'><strong>aetate</strong></span> <span class='ocrx_word' id='word_1_327' title='bbox 463 2751 620 2792; x_wconf 84' lang='lat' dir='ltr'><strong>vixisse</strong></span> <span class='ocrx_word' id='word_1_328' title='bbox 641 2751 823 2800; x_wconf 87' lang='lat' dir='ltr'><strong>videtur,</strong></span> <span class='ocrx_word' id='word_1_329' title='bbox 844 2750 1141 2791; x_wconf 86' lang='lat' dir='ltr'><strong>substituimus</strong></span> <span class='ocrx_word' id='word_1_330' title='bbox 1166 2748 1341 2800; x_wconf 84' lang='lat' dir='ltr'><strong>scholia,</strong></span> <span class='ocrx_word' id='word_1_331' title='bbox 1362 2757 1412 2792; x_wconf 93' lang='lat' dir='ltr'><strong>ut</strong></span> <span class='ocrx_word' id='word_1_332' title='bbox 1431 2766 1518 2793; x_wconf 90' lang='lat' dir='ltr'><strong>non</strong></span> <span class='ocrx_word' id='word_1_333' title='bbox 1535 2754 1664 2795; x_wconf 89' lang='lat' dir='ltr'><strong>modo</strong></span> 
     </span>
     <span class='ocr_line' id='line_1_40' title="bbox 146 2816 1664 2877; baseline 0.004 -20"><span class='ocrx_word' id='word_1_334' title='bbox 146 2817 305 2871; x_wconf 90' lang='lat' dir='ltr'><strong>ubique</strong></span> <span class='ocrx_word' id='word_1_335' title='bbox 326 2825 441 2858; x_wconf 92' lang='lat' dir='ltr'><strong>esset</strong></span> <span class='ocrx_word' id='word_1_336' title='bbox 458 2817 575 2859; x_wconf 87' lang='lat' dir='ltr'><strong>haud</strong></span> <span class='ocrx_word' id='word_1_337' title='bbox 594 2819 761 2874; x_wconf 87' lang='lat' dir='ltr'><strong>ingrata</strong></span> <span class='ocrx_word' id='word_1_338' title='bbox 781 2816 1039 2859; x_wconf 85' lang='lat' dir='ltr'><strong>Fabularum</strong></span> <span class='ocrx_word' id='word_1_339' title='bbox 1060 2816 1295 2872; x_wconf 84' lang='lat' dir='ltr'><strong>aequalitas,</strong></span> <span class='ocrx_word' id='word_1_340' title='bbox 1317 2819 1394 2860; x_wconf 92' lang='lat' dir='ltr'><strong>sed</strong></span> <span class='ocrx_word' id='word_1_341' title='bbox 1412 2820 1537 2862; x_wconf 87' lang='lat' dir='ltr'><strong>etiam</strong></span> <span class='ocrx_word' id='word_1_342' title='bbox 1558 2837 1664 2877; x_wconf 93' lang='lat' dir='ltr'><strong>quo-</strong></span> 
     </span>
     <span class='ocr_line' id='line_1_41' title="bbox 146 2883 1664 2943; baseline 0.005 -18"><span class='ocrx_word' id='word_1_343' title='bbox 146 2884 257 2925; x_wconf 89' lang='lat' dir='ltr'><strong>niam</strong></span> <span class='ocrx_word' id='word_1_344' title='bbox 286 2883 356 2926; x_wconf 86' lang='lat' dir='ltr'><strong>illa</strong></span> <span class='ocrx_word' id='word_1_345' title='bbox 379 2884 493 2927; x_wconf 91' lang='lat' dir='ltr'><strong>lectu</strong></span> <span class='ocrx_word' id='word_1_346' title='bbox 509 2884 627 2928; x_wconf 87' lang='lat' dir='ltr'><strong>haud</strong></span> <span class='ocrx_word' id='word_1_347' title='bbox 646 2886 822 2942; x_wconf 86' lang='lat' dir='ltr'><strong>indigna</strong></span> <span class='ocrx_word' id='word_1_348' title='bbox 841 2886 1202 2935; x_wconf 77' lang='lat' dir='ltr'><strong>existimabamus,</strong></span> <span class='ocrx_word' id='word_1_349' title='bbox 1222 2901 1319 2941; x_wconf 86' lang='lat' dir='ltr'><strong>quae</strong></span> <span class='ocrx_word' id='word_1_350' title='bbox 1340 2902 1455 2943; x_wconf 89' lang='lat' dir='ltr'><strong>saepe</strong></span> <span class='ocrx_word' id='word_1_351' title='bbox 1475 2889 1531 2931; x_wconf 89' lang='lat' dir='ltr'><strong>ad</strong></span> <span class='ocrx_word' id='word_1_352' title='bbox 1553 2890 1664 2932; x_wconf 90' lang='lat' dir='ltr'><strong>simi-</strong></span> 
     </span>
     <span class='ocr_line' id='line_1_42' title="bbox 146 2950 1661 3010; baseline 0.004 -16"><span class='ocrx_word' id='word_1_353' title='bbox 146 2950 367 2995; x_wconf 86' lang='lat' dir='ltr'><strong>litudinem</strong></span> <span class='ocrx_word' id='word_1_354' title='bbox 406 2952 746 2996; x_wconf 85' lang='lat' dir='ltr'><strong>Donatianorum</strong></span> <span class='ocrx_word' id='word_1_355' title='bbox 784 2969 912 3010; x_wconf 89' lang='lat' dir='ltr'><strong>quam</strong></span> <span class='ocrx_word' id='word_1_356' title='bbox 956 2954 1149 3009; x_wconf 88' lang='lat' dir='ltr'><strong>proxime</strong></span> <span class='ocrx_word' id='word_1_357' title='bbox 1192 2954 1418 2998; x_wconf 84' lang='lat' dir='ltr'><strong>accedunt.</strong></span> <span class='ocrx_word' id='word_1_358' title='bbox 1490 2956 1541 2999; x_wconf 92' lang='lat' dir='ltr'><strong>In</strong></span> <span class='ocrx_word' id='word_1_359' title='bbox 1578 2957 1661 3000; x_wconf 90' lang='lat' dir='ltr'><strong>hoc</strong></span> 
     </span>
    </p>
   </div>
  </div>
 </body>
</html>
