1852 3216
98 182 237 210 sei-:NA
262 169 329 223 11.]

690 168 997 212 ANDRIA.

115 265 134 293 5
152 256 293 298 Date:
326 271 425 298 mox
446 270 529 312 ego
550 257 636 299 huc
656 265 862 300 revertar.

1576 177 1631 218 67

149 323 237 365 Per
256 330 424 366 ecastor
445 324 577 366 scitus
599 339 708 379 puer
730 332 856 367 natus
877 332 943 367 est
966 325 1208 381 Pamphilo.

149 387 271 429 Deos
302 403 463 442 quaeSO,
490 396 538 430 ut
569 389 624 431 sit
652 397 889 444 superstes,
914 391 1265 446 quandoquidem
1292 392 1439 447 ipse’st
1459 393 1629 448 ingenio

231 453 372 502 bon03

147 516 382 571 Quumque
397 516 499 559 huic
516 517 676 559 veritus
693 525 760 560 est
774 526 962 574 optumae
978 520 1245 563 adolescenti
1258 520 1400 563 facere
1415 522 1626 577 injuriam.

145 580 210 622 Sr.
233 580 318 622 Vel
349 581 432 623 hoc
453 582 549 636 quis
571 597 656 623 non
676 583 842 634 credat,
864 586 937 639 qui
958 586 1072 627 norit
1093 592 1151 636 te,
1173 587 1252 628 abs
1275 594 1316 628 te
1339 601 1435 629 esse
1457 590 1627 629 ortum?

233 645 353 686 DAv.
377 646 596 692 Quidnam
616 647 660 688 id
682 650 777 689 est?

89 718 129 747 10
147 710 211 751 Si.
235 710 339 751 Non
360 710 599 765 imperabat
620 726 778 763 coram,
797 714 901 767 quid
923 729 1032 769 opus
1050 714 1165 758 facto
1185 722 1301 758 esset
1317 731 1544 772 puerperae
1561 732 1570 758 z

85 884 355 925 significationem
378 884 448 915 sine
470 884 610 921 nomine,
635 890 691 916 aut
713 895 831 926 prono-

85 927 192 958 mine:
217 933 254 958 ut
269 927 296 957 si
313 926 408 963 dicas,
426 926 610 967 Dicsacere.
655 927 742 961 Quod
748 928 834 968 jussi

86 972 115 1000 ei
137 972 211 1000 dare
235 971 344 1007 bibere,
360 975 390 1000 et
405 974 549 1009 quantum
571 972 725 1009 imperavi,
742 970 831 1011 date]

85 1012 129 1042 Et
145 1011 343 1052 qualitatem,
361 1017 394 1042 et
409 1012 539 1042 modum
557 1012 603 1042 rei
620 1012 712 1043 dixit.
746 1013 833 1043 D.—

87 1056 174 1088 Quod
188 1054 272 1094 jussi
296 1054 383 1094 dari]
410 1054 531 1095 Utique
556 1054 617 1085 hoc
642 1054 682 1085 ad
706 1055 832 1087 dolores

83 1096 296 1127 continendos
326 1096 437 1132 datur;
477 1103 509 1128 et
538 1097 591 1128 hic
622 1097 731 1128 nescio
754 1098 833 1138 quid

85 1139 254 1170 medicinae
277 1139 478 1180 intelligitur.
518 1140 688 1171 E.—Dare
712 1140 830 1182 bibere]

83 1181 219 1213 Rectius
241 1182 326 1222 quod
347 1181 382 1212 in
407 1182 471 1213 Ms.
495 1183 565 1213 dari
588 1184 710 1218 bibere,·
732 1189 769 1214 ut
789 1184 829 1214 G.

85 1223 230 1255 Fannius
246 1224 331 1265 apud
348 1224 472 1255 Charis.
497 1224 551 1256 lib.
568 1225 590 1255 i.
622 1227 752 1256 Domina
767 1226 833 1266 ejus

82 1268 136 1298 ubi
151 1269 193 1297 ad
206 1268 309 1298 villam
331 1272 462 1304 venerat,
478 1267 611 1307 jubebat
635 1270 735 1299 bibere
750 1271 830 1300 dari.

83 1309 282 1340 L.—Lectio
297 1311 367 1340 dari
384 1311 493 1346 bibere,
511 1320 606 1350 quam
622 1310 657 1341 in
673 1310 832 1342 Vaticano

83 1357 116 1382 et
140 1352 318 1383 Decurtato
339 1352 462 1392 reperit
484 1352 639 1389 Faernus,
660 1359 694 1383 et
715 1363 775 1394 ego
797 1354 832 1385 in

82 1400 206 1435 septem
219 1404 236 1424 e
249 1394 378 1431 nostris,
394 1394 481 1424 haud
496 1395 603 1432 dubie,
621 1402 658 1426 ut
675 1396 831 1426 Bacchia-

81 1446 193 1467 corum
216 1436 303 1467 modi
319 1442 352 1467 et
373 1436 461 1477 leges
482 1443 661 1475 serventur,
676 1443 726 1468 est
747 1448 832 1479 prae-

82 1479 224 1509 ferenda.
259 1479 294 1509 B.

126 1522 155 1551 5.
179 1523 253 1552 Mox
273 1532 327 1561 ego
348 1521 422 1561 huc]
447 1521 531 1552 Vide
553 1527 590 1552 ut
606 1522 831 1554 auctoritatem

81 1569 115 1594 et
125 1563 315 1603 jactantiam
331 1563 529 1594 medicorum
545 1564 701 1601 imitetur,
718 1564 829 1595 dicen-

81 1605 132 1642 do,
158 1606 243 1645 quod
262 1605 365 1645 jussi:
400 1611 433 1636 et
455 1616 521 1636 non
545 1606 741 1642 sufficiebat,
773 1607 831 1638 sed

84 1647 190 1685 etiam,
215 1650 360 1687 imperavi
387 1648 490 1679 dixit:
529 1648 624 1679 simul
656 1649 734 1686 haec,
759 1660 831 1690 quae

82 1690 187 1721 solent
202 1690 319 1721 medici
341 1690 531 1731 promittere
546 1691 741 1731 frequenter,
759 1694 831 1722 Mor

82 1744 136 1772 ego
157 1735 214 1763 huc
230 1738 372 1764 revertar.
412 1733 659 1771 D.-—-Donatus‚
682 1734 832 1765 nonnulli

82 1775 174 1805 codd.
193 1775 320 1812 Faerni,
341 1781 374 1806 et
389 1785 430 1806 ex
445 1776 565 1806 nostris
580 1776 730 1807 meliores
743 1783 831 1808 recte

82 1816 196 1857 legunt
211 1823 351 1848 revertor.
385 1818 423 1848 B.

127 1860 156 1890 6.
181 1861 243 1890 Per
258 1865 374 1891 ecastor
381 1861 475 1890 scitus
486 1871 565 1899 puer
576 1866 665 1891 natus
677 1866 723 1891 est
737 1863 830 1892 Pam-

78 1901 180 1942 philo]
196 1902 260 1932 Per
272 1903 439 1932 Castorem
456 1908 488 1932 et
505 1902 669 1933 Pollucem
686 1903 833 1934 ornativa

84 1950 160 1975 sunt
177 1944 319 1984 jurandi,
336 1951 412 1985 apta
427 1944 564 1975 feminis.
610 1945 729 1985 Scitus]
755 1945 831 1976 Ele-

83 1996 173 2027 gans,
183 1987 328 2028 pulcher,
343 1997 438 2027 quem
450 1987 557 2018 Graeci
567 1986 699 2026 κόσμιον
709 1987 830 2019 dicunt.

83 2029 180 2064 Quod
196 2029 283 2060 enim
299 2029 371 2069 quis
393 2030 464 2066 scit,
487 2030 548 2060 hoc
566 2030 683 2060 scitum
705 2036 737 2061 et
758 2030 831 2071 pul-

83 2071 206 2102 chrum.
253 2072 297 2102 Et
313 2078 362 2102 est
377 2071 531 2112 διαίρεσις.
578 2072 663 2103 Nam
679 2073 757 2103 ordo
773 2079 830 2109 est,

83 2115 240 2145 Perse-itus
261 2120 400 2145 ecastor:
424 2120 459 2145 vt
480 2114 516 2145 in
539 2115 677 2155 Hecyra,
701 2117 763 2146 Per
781 2118 835 2155 pol

84 2167 172 2197 quam
198 2167 310 2196 paucos
335 2159 470 2197 reperias
495 2159 703 2188 meretricibus
726 2160 832 2196 fideles

84 2201 200 2230 evenire
215 2204 382 2234 amatores,·
404 2205 441 2230 ut
456 2199 507 2237 sit,
524 2210 679 2240 perquam
700 2210 830 2241 paucos.

86 2241 140 2279 Et,
153 2247 243 2272 natus
252 2247 298 2273 est
312 2244 472 2281 Pamphilo
484 2255 494 2273 .·
518 2247 555 2272 ut
569 2242 736 2283 Virgilius,
754 2243 831 2273 AEn.

84 2283 106 2314 i.
144 2284 216 2317 617.
257 2284 351 2319 Quem
381 2286 540 2315 Dardanio
570 2284 710 2315 Anchisa
740 2287 833 2316 Alma

88 2327 188 2357 Venus
202 2328 335 2368 Phrygis·
350 2329 458 2367 genuit
481 2329 640 2358 Simoentis
655 2329 697 2358 ud
711 2330 830 2359 undam.

86 2370 189 2400 Seitus
198 2369 293 2409 puer]
314 2369 399 2400 Satis
415 2369 580 2400 obstetrici
597 2375 648 2401 est
661 2370 765 2401 adhuc
780 2370 831 2401 in-

84 2417 209 2442 certum
224 2411 294 2449 aevi,
308 2417 349 2449 et,
363 2417 401 2442 ut
414 2412 461 2442 ita
472 2411 587 2449 dicam,
604 2422 623 2443 a
638 2418 742 2443 matre
757 2423 831 2443 san-

84 2453 319 2494 guinolentum,
336 2464 401 2485 non
419 2454 600 2495 pulchrum,
618 2455 704 2495 quod
725 2455 833 2496 ipsum

86 2495 223 2527 nimium
239 2496 404 2527 videretur
419 2497 493 2534 cito,
510 2496 626 2534 dicere,
643 2497 700 2528 sed
716 2497 833 2528 scitum

84 2538 287 2579 pronunciat.
331 2539 409 2570 Ideo
424 2539 659 2577 subblanditur,
675 2545 712 2570 ut
726 2550 833 2581 operae

85 2580 227 2620 pretium
237 2582 340 2620 majus
355 2581 501 2622 accipiat.
520 2582 672 2613 D.—Per
687 2583 831 2623 aecastor]

85 2622 215 2653 ,lutatio
237 2629 287 2653 est
308 2633 367 2664 per
389 2624 566 2655 Castorem.
619 2626 720 2656 Scitus
737 2625 832 2666 puer]

88 2664 130 2695 Id
152 2671 210 2701 est,
228 2665 358 2705 elegans
380 2672 413 2696 et
434 2666 606 2698 admodum
630 2667 755 2698 suavis:
780 2668 832 2698 vel

81 2710 245 2747 perscitus,
270 2707 304 2738 id
329 2713 387 2744 est,
412 2708 506 2739 valde
531 2710 644 2740 bonus.
685 2710 833 2741 E.-Per

86 2755 203 2780 ecastor
216 2749 327 2790 scitus]
346 2750 499 2781 Priscian.
511 2751 566 2782 lib.
579 2751 644 2782 xiv.
674 2752 833 2784 L.—·Per-

87 2797 188 2823 castor
199 2795 295 2823 scitus
313 2803 391 2832 puer
401 2798 448 2823 est
468 2798 558 2824 natus
580 2795 748 2834 Pamphilo,
776 2795 833 2826 ha—

87 2834 166 2865 bent
181 2845 293 2865 omnes
311 2835 378 2866 fere
403 2835 494 2866 codd.
520 2836 666 2867 Terentii
688 2843 721 2868 et
736 2837 835 2878 aliqui

88 2876 222 2915 Donati,
236 2888 315 2918 quos
327 2877 490 2909 consuluit
505 2878 667 2910 Faernus:
693 2880 750 2910 sed
766 2880 832 2911 Va-

87 2918 223 2957 ticanus,
255 2926 288 2951 et
317 2930 430 2951 omnes
459 2926 577 2962 praeter
601 2931 703 2953 unum
732 2923 835 2954 nostri

87 2962 274 2994 Perecastor.
314 2963 411 3003 Lege,
430 2963 493 2994 Per
509 2969 641 2995 ecastor.
681 2965 766 2996 Nam
779 2977 835 3005 per

876 887 1021 928 pertinet
1033 888 1074 918 ad
1090 891 1194 926 scitus,
1210 888 1241 919 h.
1256 899 1283 920 e.
1301 889 1393 921 valde
1409 890 1518 922 scitus.
1551 891 1590 922 B.
1625 927 1629 931 Α

921 929 950 962 7.
975 931 1055 961 Deos
1070 942 1169 970 quaeso
1183 937 1218 961 ut
1232 933 1275 962 sit
1283 932 1452 973 superstes]
1470 934 1628 973 Superstes

877 981 963 1002 nunc
980 972 1108 1008 salvus3
1133 972 1212 1003 alias
1234 977 1412 1013 superstites
1434 981 1510 1006 sunt
1533 986 1627 1008 senes

877 1019 909 1044 et
939 1024 1037 1045 anus:
1069 1014 1144 1054 quia
1167 1021 1262 1046 aetate
1289 1016 1400 1048 multis
1425 1018 1626 1059 superstites,

871 1057 940 1096 jam
964 1056 1112 1088 delirant.
1158 1057 1254 1088 Unde
1279 1064 1312 1089 et
1334 1062 1546 1099 superstitiosi,
1572 1061 1627 1100 qui

875 1099 953 1130 deos
968 1099 1085 1130 timent
1100 1099 1197 1130 nimis
1210 1112 1217 1136 ;
1241 1101 1328 1140 quod
1343 1101 1472 1142 signum
1483 1109 1532 1133 est
1544 1103 1626 1133 deli-

874 1141 1022 1172 ramenti.
1068 1144 1109 1173 Ut
1120 1145 1162 1173 sit
1173 1143 1340 1183 superstes]
1358 1146 1525 1183 Superstes,
1540 1155 1627 1176 nunc

874 1184 991 1215 salvus.
1033 1186 1280 1225 Quandoquidem
1295 1188 1359 1225 ipse
1370 1186 1433 1227 est]
1451 1186 1581 1220 Quando
1596 1194 1629 1219 et

879 1229 952 1257 Cum
971 1226 1135 1258 interdum
1151 1234 1228 1259 sunt
1245 1228 1491 1268 conjunctiones
1509 1240 1622 1261 eausa-

875 1269 944 1306 les3
969 1275 1002 1300 et
1017 1272 1136 1310 quanda
1157 1281 1217 1311 pro
1233 1271 1395 1311 quoniam,
1414 1277 1446 1302 et
1467 1282 1528 1313 pro
1551 1272 1627 1313 quia

875 1311 1098 1352 intelligimus.
1141 1314 1388 1353 Quandoquidem
1405 1314 1486 1354 ipse]
1504 1315 1626 1346 Trans-

876 1354 903 1385 it
925 1364 943 1384 a
965 1365 1068 1395 puero
1090 1355 1131 1385 ad
1152 1354 1260 1396 ipsum
1283 1356 1499 1397 Pamphilum.
1538 1358 1626 1388 D.—

879 1396 1006 1430 Quando
1030 1399 1150 1437 quidem
1172 1399 1224 1428 ille
1247 1403 1293 1428 est
1316 1401 1436 1438 ingenio
1462 1399 1550 1439 bono]
1579 1400 1626 1431 Ut

876 1445 1039 1470 mereatur
1054 1439 1140 1470 filius
1155 1446 1319 1481 superstes
1334 1450 1414 1471 esse.
1444 1441 1484 1471 E.

920 1482 949 1512 8.
974 1482 1063 1522 Lege
1076 1492 1117 1512 ex
1133 1483 1201 1513 cod.
1217 1483 1365 1514 Petrensi
1384 1485 1538 1524 Quumque
1554 1486 1625 1515 huic

876 1529 922 1554 est
936 1527 1058 1562 veritus,
1075 1524 1171 1555 metri
1186 1534 1292 1556 causa.
1325 1526 1363 1556 B.

919 1567 948 1597 9.
978 1568 1033 1597 Vel
1054 1569 1108 1597 hoc
1131 1569 1199 1607 quis
1223 1578 1280 1597 mm
1303 1569 1408 1598 credat
1419 1567 1452 1608 ἲ]
1478 1567 1625 1608 Εἷρωνεία

875 1613 932 1639 est.
976 1609 1038 1646 Vel,
1056 1608 1151 1639 modo
1163 1614 1212 1640 est
1225 1608 1419 1649 disjunctiva
1428 1611 1625 1650 conjunctio,

875 1650 933 1682 sed
962 1661 1022 1692 pro
1048 1651 1145 1682 etiam
1172 1651 1295 1692 posita;
1330 1657 1367 1683 ut
1390 1653 1477 1694 apud
1507 1653 1623 1694 virgil.

875 1693 951 1723 AEn.
965 1693 1009 1724 xi.
1024 1695 1096 1724 259.
1126 1695 1181 1724 Vel
1190 1695 1314 1725 Priamo
1324 1697 1497 1726 miseranda
1508 1706 1624 1727 manus.

876 1735 929 1772 Et,
945 1735 1013 1766 Ecl.
1028 1735 1095 1767 viii.
1107 1736 1158 1767 69.
1189 1738 1333 1767 Carmina
1347 1739 1395 1768 vel
1408 1740 1482 1768 coelo
1498 1744 1626 1777 possunt

875 1780 1021 1809 deducere
1037 1780 1146 1809 lunam.
1193 1779 1238 1809 Et
1257 1780 1349 1816 bene,
1365 1782 1413 1810 vel
1426 1782 1488 1816 hoc,
1504 1781 1622 1811 subau-

875 1819 954 1857 dias,
971 1820 1117 1861 exceptis
1131 1820 1196 1851 illis
1205 1831 1276 1860 quae
1290 1822 1501 1862 reprehendit
1515 1832 1624 1863 supra.

875 1864 941 1892 Abs
957 1867 986 1892 te
1001 1873 1064 1893 esse
1075 1862 1196 1903 natum]
1211 1863 1256 1893 Et
1267 1869 1363 1894 ortum
1374 1863 1503 1904 legitur,
1518 1870 1557 1895 ut
1571 1864 1624 1902 sit,

876 1904 1080 1941 instructum,
1104 1911 1332 1942 commentum,
1350 1911 1383 1936 et
1397 1906 1621 1948 compositum.

877 1946 1080 1977 D.——Nostri
1108 1957 1221 1977 omnes
1247 1952 1281 1977 et
1302 1953 1379 1978 vett.
1405 1948 1476 1979 edd.
1506 1950 1566 1982 Qui
1594 1954 1623 1981 te

875 1991 965 2019 norit.
990 1989 1101 2020 Recte.
1134 1989 1172 2020 Β.

922 2032 970 2062 10.
1004 2033 1075 2062 Non
1098 2033 1267 2071 imperabat
1293 2032 1409 2073 coram]
1438 2034 1554 2071 Coram,
1581 2034 1629 2065 ad-

876 2079 980 2104 certas
988 2084 1143 2115 personas
1151 2074 1307 2105 refertur:
1327 2077 1430 2115 palam
1442 2076 1484 2106 ad
1499 2086 1622 2108 omnes.

880 2118 963 2149 Quid
976 2127 1048 2156 opus
1054 2115 1142 2156 sacto
1156 2123 1234 2148 esset
1245 2117 1421 2157 puerperae]
1438 2120 1538 2155 Esset,
1561 2118 1628 2150 im«

875 2158 1081 2199 personative
1090 2158 1219 2195 dicitur,
1233 2161 1315 2199 Opus
1312 2158 1401 2199 facto
1409 2165 1496 2197 esset,
1508 2160 1623 2201 (Lege,

876 2209 967 2231 orus
985 2210 1098 2231 mero
1119 2210 1238 2231 asser.
1283 2203 1530 2240 Imperscmaliter
1544 2205 1620 2234 diei-

878 2248 936 2274 tur.
983 2243 1066 2274 Mox
1087 2243 1149 2274 ἆπὸ
1164 2244 1277 2280 κοινοῦ,
1296 2252 1509 2275 ΡυειιΡΕῐιΕ.
1553 2247 1622 2276 Da-

877 2288 957 2316 tivus
972 2297 1059 2317 casus
1074 2285 1145 2325 est‚)
1170 2285 1350 2326 Puer-perte]
1376 2286 1516 2318 Dativus
1530 2297 1625 2319 casus

877 2335 935 2365 est,
967 2334 1004 2359 ut
1033 2328 1086 2366 sit,
1122 2328 1187 2369 ipsi
1223 2338 1392 2369 puerperae
1420 2339 1528 2360 coram
1558 2340 1626 2361 non

876 2371 1066 2412 imperabat,
1079 2371 1157 2411 quid
1168 2371 1252 2402 facto
1264 2381 1346 2412 opus
1361 2376 1455 2408 esset,
1471 2370 1539 2402 scil.
1569 2372 1624 2403 Sic

877 2413 963 2444 enim
978 2412 1126 2451 dicimus,
1146 2415 1281 2447 Quidvis
1293 2415 1351 2444 tibi
1357 2412 1477 2453 faciam
1487 2416 1503 2444 ?
1526 2415 1625 2446 Puer-

871 2455 973 2496 perae]
989 2455 1104 2486 Omnis
1116 2466 1188 2496 quae
1199 2455 1336 2497 peperit,
1345 2467 1498 2496 puerpera
1508 2468 1518 2487 .-
1541 2468 1622 2498 πρωο

876 2497 1018 2536 τοτόκος,
1034 2508 1106 2538 quae
1120 2498 1272 2539 primum.
1309 2498 1355 2529 Et
1363 2508 1428 2529 non
1442 2498 1527 2539 quod
1542 2509 1623 2540 pue-

876 2551 958 2578 rum,
987 2541 1045 2571 sed
1071 2541 1157 2581 quod
1182 2540 1285 2571 filium
1311 2540 1448 2582 peperit,
1473 2552 1627 2581 puerpera

877 2583 964 2614 dicta
979 2589 1036 2614 est.
1084 2583 1129 2614 Et
1144 2583 1230 2623 apud
1252 2588 1379 2614 veteres
1397 2594 1475 2623 puer
1493 2586 1624 2623 puellus,

872 2637 971 2666 puera
989 2627 1100 2665 puella.
1141 2626 1299 2656 D.—N0n
1320 2625 1506 2666 imperabat]
1530 2627 1627 2662 Quod

875 2668 960 2699 facto
976 2678 1057 2709 opus
1073 2674 1158 2699 esset
1172 2677 1350 2708 puerperae.
1386 2668 1625 2709 Argumentum

877 2716 927 2742 est
957 2721 1020 2750 quo
1047 2710 1171 2747 doceat,
1196 2711 1236 2741 ab
1263 2710 1357 2741 Davo
1383 2709 1446 2742 ista
1473 2710 1626 2743 universa

878 2753 1042 2794 compleri.
1095 2754 1253 2792 Puerpera
1274 2759 1382 2784 autem
1403 2752 1530 2791 dicitur,
1553 2764 1626 2795 quae

879 2805 992 2826 recens
1017 2800 1066 2826 est
1089 2801 1203 2836 partu:
1241 2801 1275 2826 et
1298 2805 1318 2826 a
1340 2795 1507 2827 muliebris
1526 2806 1626 2828 sexus

878 2844 971 2879 parte
987 2847 1105 2868 nomen
1121 2837 1307 2878 impositum
1319 2843 1378 2869 est.
1416 2838 1502 2870 Nam
1512 2839 1625 2879 utique

879 2887 911 2911 et
940 2880 1081 2921 puellam
1113 2885 1146 2911 et
1180 2890 1317 2921 puemm
1346 2880 1477 2922 pariens
1507 2881 1626 2912 dicitur

875 2928 1035 2962 puerpera,
1062 2932 1244 2963 quanquam
1269 2929 1302 2954 et
1330 2923 1455 2965 antiqui
1482 2926 1623 2964 puellam,

876 2976 1002 3005 pueram
1017 2975 1102 3006 saepe
1118 2965 1281 2997 dixerunt.
1315 2966 1353 2997 E.
