<?xml version="1.0" encoding="UTF-8"?>
<!DOCTYPE html PUBLIC "-//W3C//DTD XHTML 1.0 Transitional//EN"
    "http://www.w3.org/TR/xhtml1/DTD/xhtml1-transitional.dtd">
<html xmlns="http://www.w3.org/1999/xhtml" xml:lang="en" lang="en">
 <head>
  <title>
</title>
<meta http-equiv="Content-Type" content="text/html;charset=utf-8" />
  <meta name='ocr-system' content='tesseract 3.04.00' />
  <meta name='ocr-capabilities' content='ocr_page ocr_carea ocr_par ocr_line ocrx_word'/>
</head>
<body>
  <div class='ocr_page' id='page_1' title='image "./comoediaesex00tereuoft_0047.png"; bbox 0 0 1852 3216; ppageno 0'>
   <div class='ocr_carea' id='block_1_1' title="bbox 447 110 1634 154">
    <p class='ocr_par' dir='ltr' id='par_1_1' title="bbox 447 110 1634 154">
     <span class='ocr_line' id='line_1_1' title="bbox 447 110 1634 154; baseline 0.004 -5"><span class='ocrx_word' id='word_1_1' title='bbox 447 110 523 149; x_wconf 91' lang='lat' dir='ltr'>DE</span> <span class='ocrx_word' id='word_1_2' title='bbox 550 110 862 149; x_wconf 87' lang='lat' dir='ltr'>TRAGOEDIA</span> <span class='ocrx_word' id='word_1_3' title='bbox 891 111 963 149; x_wconf 90' lang='lat' dir='ltr'>ET</span> <span class='ocrx_word' id='word_1_4' title='bbox 992 111 1286 151; x_wconf 86' lang='lat' dir='ltr'>COMOEDIA.</span> <span class='ocrx_word' id='word_1_5' title='bbox 1563 116 1634 154; x_wconf 81' lang='lat' dir='ltr'>xxi</span> 
     </span>
    </p>
   </div>
   <div class='ocr_carea' id='block_1_2' title="bbox 101 196 1636 2566">
    <p class='ocr_par' dir='ltr' id='par_1_2' title="bbox 105 196 1636 1273">
     <span class='ocr_line' id='line_1_2' title="bbox 110 196 1634 249; baseline 0.001 -11"><span class='ocrx_word' id='word_1_6' title='bbox 110 202 317 248; x_wconf 65' lang='grc' dir='ltr'>(υσπιτικὸς,</span> <span class='ocrx_word' id='word_1_7' title='bbox 337 196 694 236; x_wconf 85' lang='lat' dir='ltr'>commendatitius:</span> <span class='ocrx_word' id='word_1_8' title='bbox 724 211 803 248; x_wconf 91' lang='lat' dir='ltr'>quo</span> <span class='ocrx_word' id='word_1_9' title='bbox 821 197 953 236; x_wconf 85' lang='lat' dir='ltr'>fabula</span> <span class='ocrx_word' id='word_1_10' title='bbox 970 197 1033 236; x_wconf 85' lang='lat' dir='ltr'>vel</span> <span class='ocrx_word' id='word_1_11' title='bbox 1050 206 1165 249; x_wconf 88' lang='lat' dir='ltr'>poeta</span> <span class='ocrx_word' id='word_1_12' title='bbox 1187 198 1500 238; x_wconf 79' lang='lat' dir='ltr'>commendatur:</span> <span class='ocrx_word' id='word_1_13' title='bbox 1530 199 1634 239; x_wconf 69' lang='lat' dir='ltr'>‘&#39;dva-</span> 
     </span>
     <span class='ocr_line' id='line_1_3' title="bbox 109 251 1635 305; baseline 0 -13"><span class='ocrx_word' id='word_1_14' title='bbox 109 257 261 304; x_wconf 77' lang='grc' dir='ltr'><strong><em>φορικὸς,</em></strong></span> <span class='ocrx_word' id='word_1_15' title='bbox 288 251 496 290; x_wconf 84' lang='lat' dir='ltr'>relativus:</span> <span class='ocrx_word' id='word_1_16' title='bbox 527 264 606 301; x_wconf 91' lang='lat' dir='ltr'>quo</span> <span class='ocrx_word' id='word_1_17' title='bbox 632 259 701 289; x_wconf 84' lang='lat' dir='ltr'>aut</span> <span class='ocrx_word' id='word_1_18' title='bbox 730 251 952 289; x_wconf 87' lang='lat' dir='ltr'>adversario</span> <span class='ocrx_word' id='word_1_19' title='bbox 982 252 1200 297; x_wconf 89' lang='lat' dir='ltr'>maledicta,</span> <span class='ocrx_word' id='word_1_20' title='bbox 1231 261 1299 290; x_wconf 88' lang='lat' dir='ltr'>aut</span> <span class='ocrx_word' id='word_1_21' title='bbox 1328 253 1463 303; x_wconf 85' lang='lat' dir='ltr'>gratiae</span> <span class='ocrx_word' id='word_1_22' title='bbox 1489 254 1635 305; x_wconf 85' lang='lat' dir='ltr'>populo</span> 
     </span>
     <span class='ocr_line' id='line_1_4' title="bbox 108 304 1633 358; baseline -0.001 -12"><span class='ocrx_word' id='word_1_23' title='bbox 108 308 353 346; x_wconf 79' lang='lat' dir='ltr'>referuntur:</span> <span class='ocrx_word' id='word_1_24' title='bbox 384 304 615 350; x_wconf 67' lang='grc' dir='ltr'><strong><em>Ίὺποθετικὸς,</em></strong></span> <span class='ocrx_word' id='word_1_25' title='bbox 644 306 998 355; x_wconf 87' lang='lat' dir='ltr'>argumentativus:</span> <span class='ocrx_word' id='word_1_26' title='bbox 1038 305 1181 344; x_wconf 84' lang='lat' dir='ltr'>sabulae</span> <span class='ocrx_word' id='word_1_27' title='bbox 1208 315 1481 356; x_wconf 84' lang='lat' dir='ltr'>argumentum</span> <span class='ocrx_word' id='word_1_28' title='bbox 1510 321 1633 358; x_wconf 84' lang='lat' dir='ltr'>expo-</span> 
     </span>
     <span class='ocr_line' id='line_1_5' title="bbox 108 359 1636 411; baseline 0 -12"><span class='ocrx_word' id='word_1_29' title='bbox 108 374 227 399; x_wconf 86' lang='lat' dir='ltr'>nens:</span> <span class='ocrx_word' id='word_1_30' title='bbox 255 364 382 409; x_wconf 80' lang='grc' dir='ltr'><strong><em>μικτὸς,</em></strong></span> <span class='ocrx_word' id='word_1_31' title='bbox 402 359 565 397; x_wconf 86' lang='lat' dir='ltr'>mistus:</span> <span class='ocrx_word' id='word_1_32' title='bbox 594 359 724 397; x_wconf 89' lang='lat' dir='ltr'>omnia</span> <span class='ocrx_word' id='word_1_33' title='bbox 742 359 824 396; x_wconf 87' lang='lat' dir='ltr'>haec</span> <span class='ocrx_word' id='word_1_34' title='bbox 846 360 884 396; x_wconf 89' lang='lat' dir='ltr'>in</span> <span class='ocrx_word' id='word_1_35' title='bbox 905 373 946 397; x_wconf 93' lang='lat' dir='ltr'>se</span> <span class='ocrx_word' id='word_1_36' title='bbox 966 360 1180 397; x_wconf 77' lang='lat' dir='ltr'>continens.</span> <span class='ocrx_word' id='word_1_37' title='bbox 1239 360 1345 398; x_wconf 90' lang='lat' dir='ltr'>Inter</span> <span class='ocrx_word' id='word_1_38' title='bbox 1371 360 1576 411; x_wconf 86' lang='lat' dir='ltr'>prologum</span> <span class='ocrx_word' id='word_1_39' title='bbox 1596 370 1636 399; x_wconf 92' lang='lat' dir='ltr'>et</span> 
     </span>
     <span class='ocr_line' id='line_1_6' title="bbox 108 413 1635 466; baseline 0 -14"><span class='ocrx_word' id='word_1_40' title='bbox 108 414 327 466; x_wconf 86' lang='lat' dir='ltr'>prologium</span> <span class='ocrx_word' id='word_1_41' title='bbox 355 413 512 464; x_wconf 89' lang='lat' dir='ltr'>quidam</span> <span class='ocrx_word' id='word_1_42' title='bbox 542 413 617 450; x_wconf 91' lang='lat' dir='ltr'>hoc</span> <span class='ocrx_word' id='word_1_43' title='bbox 646 413 831 451; x_wconf 87' lang='lat' dir='ltr'>interesse</span> <span class='ocrx_word' id='word_1_44' title='bbox 852 413 1083 451; x_wconf 88' lang='lat' dir='ltr'>voluerunt:</span> <span class='ocrx_word' id='word_1_45' title='bbox 1113 413 1204 464; x_wconf 92' lang='lat' dir='ltr'>quia</span> <span class='ocrx_word' id='word_1_46' title='bbox 1229 413 1414 465; x_wconf 86' lang='lat' dir='ltr'><strong>prologus</strong></span> <span class='ocrx_word' id='word_1_47' title='bbox 1441 423 1499 452; x_wconf 91' lang='lat' dir='ltr'>est</span> <span class='ocrx_word' id='word_1_48' title='bbox 1527 414 1635 453; x_wconf 91' lang='lat' dir='ltr'>velut</span> 
     </span>
     <span class='ocr_line' id='line_1_7' title="bbox 108 466 1635 520; baseline 0.001 -15"><span class='ocrx_word' id='word_1_49' title='bbox 108 468 286 520; x_wconf 82' lang='lat' dir='ltr'>praefatio</span> <span class='ocrx_word' id='word_1_50' title='bbox 315 467 493 518; x_wconf 85' lang='lat' dir='ltr'>quaedam</span> <span class='ocrx_word' id='word_1_51' title='bbox 525 466 683 511; x_wconf 86' lang='lat' dir='ltr'>fabuIae,</span> <span class='ocrx_word' id='word_1_52' title='bbox 709 467 746 504; x_wconf 90' lang='lat' dir='ltr'>in</span> <span class='ocrx_word' id='word_1_53' title='bbox 773 480 851 517; x_wconf 92' lang='lat' dir='ltr'>quo</span> <span class='ocrx_word' id='word_1_54' title='bbox 882 466 966 505; x_wconf 86' lang='lat' dir='ltr'>solo</span> <span class='ocrx_word' id='word_1_55' title='bbox 999 467 1148 505; x_wconf 88' lang='lat' dir='ltr'>scilicet</span> <span class='ocrx_word' id='word_1_56' title='bbox 1175 476 1319 518; x_wconf 89' lang='lat' dir='ltr'>praeter</span> <span class='ocrx_word' id='word_1_57' title='bbox 1349 478 1635 519; x_wconf 84' lang='lat' dir='ltr'>argumentum,</span> 
     </span>
     <span class='ocr_line' id='line_1_8' title="bbox 107 520 1635 572; baseline 0 -12"><span class='ocrx_word' id='word_1_58' title='bbox 107 521 253 571; x_wconf 82' lang='lat' dir='ltr'>aliquid</span> <span class='ocrx_word' id='word_1_59' title='bbox 282 521 332 559; x_wconf 89' lang='lat' dir='ltr'>ad</span> <span class='ocrx_word' id='word_1_60' title='bbox 363 520 551 572; x_wconf 89' lang='lat' dir='ltr'>populum</span> <span class='ocrx_word' id='word_1_61' title='bbox 575 520 638 558; x_wconf 89' lang='lat' dir='ltr'>vel</span> <span class='ocrx_word' id='word_1_62' title='bbox 665 534 716 558; x_wconf 88' lang='lat' dir='ltr'>ex</span> <span class='ocrx_word' id='word_1_63' title='bbox 744 530 872 571; x_wconf 89' lang='lat' dir='ltr'>poeta,</span> <span class='ocrx_word' id='word_1_64' title='bbox 898 521 962 559; x_wconf 89' lang='lat' dir='ltr'>vel</span> <span class='ocrx_word' id='word_1_65' title='bbox 991 535 1042 559; x_wconf 86' lang='lat' dir='ltr'>ex</span> <span class='ocrx_word' id='word_1_66' title='bbox 1074 521 1196 572; x_wconf 90' lang='lat' dir='ltr'>ipsius</span> <span class='ocrx_word' id='word_1_67' title='bbox 1225 521 1367 559; x_wconf 88' lang='lat' dir='ltr'>fabulae</span> <span class='ocrx_word' id='word_1_68' title='bbox 1401 522 1462 559; x_wconf 91' lang='lat' dir='ltr'>vel</span> <span class='ocrx_word' id='word_1_69' title='bbox 1492 523 1635 560; x_wconf 89' lang='lat' dir='ltr'>actoris</span> 
     </span>
     <span class='ocr_line' id='line_1_9' title="bbox 107 574 1635 627; baseline 0 -13"><span class='ocrx_word' id='word_1_70' title='bbox 107 575 310 614; x_wconf 90' lang='lat' dir='ltr'>commodo</span> <span class='ocrx_word' id='word_1_71' title='bbox 329 575 517 625; x_wconf 90' lang='lat' dir='ltr'>loquitur.</span> <span class='ocrx_word' id='word_1_72' title='bbox 573 574 796 625; x_wconf 88' lang='lat' dir='ltr'>Prologium</span> <span class='ocrx_word' id='word_1_73' title='bbox 815 583 943 613; x_wconf 91' lang='lat' dir='ltr'>autem</span> <span class='ocrx_word' id='word_1_74' title='bbox 964 584 1035 620; x_wconf 85' lang='lat' dir='ltr'>est,</span> <span class='ocrx_word' id='word_1_75' title='bbox 1054 589 1141 613; x_wconf 91' lang='lat' dir='ltr'>cum</span> <span class='ocrx_word' id='word_1_76' title='bbox 1163 583 1312 613; x_wconf 89' lang='lat' dir='ltr'>tantum</span> <span class='ocrx_word' id='word_1_77' title='bbox 1333 575 1381 613; x_wconf 93' lang='lat' dir='ltr'>de</span> <span class='ocrx_word' id='word_1_78' title='bbox 1407 585 1635 627; x_wconf 88' lang='lat' dir='ltr'>argumento</span> 
     </span>
     <span class='ocr_line' id='line_1_10' title="bbox 107 628 1635 681; baseline 0.001 -14"><span class='ocrx_word' id='word_1_79' title='bbox 107 629 262 667; x_wconf 88' lang='lat' dir='ltr'>dicitur.</span> <span class='ocrx_word' id='word_1_80' title='bbox 322 628 493 666; x_wconf 88' lang='lat' dir='ltr'>Protasis</span> <span class='ocrx_word' id='word_1_81' title='bbox 513 637 573 666; x_wconf 93' lang='lat' dir='ltr'>est</span> <span class='ocrx_word' id='word_1_82' title='bbox 591 628 739 679; x_wconf 83' lang='lat' dir='ltr'>primus</span> <span class='ocrx_word' id='word_1_83' title='bbox 757 637 867 666; x_wconf 87' lang='lat' dir='ltr'>actus</span> <span class='ocrx_word' id='word_1_84' title='bbox 887 629 1117 680; x_wconf 92' lang='lat' dir='ltr'>initiumque</span> <span class='ocrx_word' id='word_1_85' title='bbox 1142 628 1339 675; x_wconf 83' lang='lat' dir='ltr'>dramatis,</span> <span class='ocrx_word' id='word_1_86' title='bbox 1360 643 1437 680; x_wconf 93' lang='lat' dir='ltr'>quo</span> <span class='ocrx_word' id='word_1_87' title='bbox 1462 643 1552 681; x_wconf 87' lang='lat' dir='ltr'>pars</span> <span class='ocrx_word' id='word_1_88' title='bbox 1571 644 1635 668; x_wconf 90' lang='lat' dir='ltr'>ar-</span> 
     </span>
     <span class='ocr_line' id='line_1_11' title="bbox 107 682 1634 735; baseline -0.001 -13"><span class='ocrx_word' id='word_1_89' title='bbox 107 683 280 735; x_wconf 88' lang='lat' dir='ltr'>gumenti</span> <span class='ocrx_word' id='word_1_90' title='bbox 302 682 531 733; x_wconf 82' lang='lat' dir='ltr'>explicatur,</span> <span class='ocrx_word' id='word_1_91' title='bbox 563 696 652 733; x_wconf 89' lang='lat' dir='ltr'>pars</span> <span class='ocrx_word' id='word_1_92' title='bbox 681 682 865 720; x_wconf 87' lang='lat' dir='ltr'>reticetur</span> <span class='ocrx_word' id='word_1_93' title='bbox 894 683 944 720; x_wconf 90' lang='lat' dir='ltr'>ad</span> <span class='ocrx_word' id='word_1_94' title='bbox 975 682 1107 735; x_wconf 91' lang='lat' dir='ltr'>populi</span> <span class='ocrx_word' id='word_1_95' title='bbox 1138 684 1470 734; x_wconf 86' lang='lat' dir='ltr'>exspectationem</span> <span class='ocrx_word' id='word_1_96' title='bbox 1500 693 1634 722; x_wconf 90' lang='lat' dir='ltr'>tenen-</span> 
     </span>
     <span class='ocr_line' id='line_1_12' title="bbox 107 736 1635 787; baseline 0.001 -12"><span class='ocrx_word' id='word_1_97' title='bbox 107 738 210 775; x_wconf 87' lang='lat' dir='ltr'>dam.</span> <span class='ocrx_word' id='word_1_98' title='bbox 268 736 437 787; x_wconf 88' lang='lat' dir='ltr'>Epitasis</span> <span class='ocrx_word' id='word_1_99' title='bbox 464 744 524 774; x_wconf 91' lang='lat' dir='ltr'>est</span> <span class='ocrx_word' id='word_1_100' title='bbox 547 736 826 774; x_wconf 86' lang='lat' dir='ltr'>incrementum</span> <span class='ocrx_word' id='word_1_101' title='bbox 853 750 1135 787; x_wconf 86' lang='lat' dir='ltr'>processusque</span> <span class='ocrx_word' id='word_1_102' title='bbox 1154 739 1368 782; x_wconf 90' lang='lat' dir='ltr'>turbarum,</span> <span class='ocrx_word' id='word_1_103' title='bbox 1387 751 1432 776; x_wconf 91' lang='lat' dir='ltr'>ac</span> <span class='ocrx_word' id='word_1_104' title='bbox 1452 739 1570 775; x_wconf 90' lang='lat' dir='ltr'>totius</span> <span class='ocrx_word' id='word_1_105' title='bbox 1590 746 1635 776; x_wconf 91' lang='lat' dir='ltr'>ut</span> 
     </span>
     <span class='ocr_line' id='line_1_13' title="bbox 107 789 1633 843; baseline 0.001 -14"><span class='ocrx_word' id='word_1_106' title='bbox 107 791 162 829; x_wconf 89' lang='lat' dir='ltr'>ita</span> <span class='ocrx_word' id='word_1_107' title='bbox 180 791 346 828; x_wconf 82' lang='lat' dir='ltr'>dixerim</span> <span class='ocrx_word' id='word_1_108' title='bbox 373 790 497 828; x_wconf 92' lang='lat' dir='ltr'>nodus</span> <span class='ocrx_word' id='word_1_109' title='bbox 525 790 678 828; x_wconf 89' lang='lat' dir='ltr'>erroris.</span> <span class='ocrx_word' id='word_1_110' title='bbox 735 789 992 841; x_wconf 83' lang='lat' dir='ltr'>catastrophe</span> <span class='ocrx_word' id='word_1_111' title='bbox 1021 801 1081 829; x_wconf 91' lang='lat' dir='ltr'>est</span> <span class='ocrx_word' id='word_1_112' title='bbox 1108 791 1311 830; x_wconf 87' lang='lat' dir='ltr'>conversio</span> <span class='ocrx_word' id='word_1_113' title='bbox 1340 805 1469 829; x_wconf 88' lang='lat' dir='ltr'>rerum</span> <span class='ocrx_word' id='word_1_114' title='bbox 1497 791 1548 830; x_wconf 90' lang='lat' dir='ltr'>ad</span> <span class='ocrx_word' id='word_1_115' title='bbox 1569 792 1633 843; x_wconf 87' lang='lat' dir='ltr'>jo-</span> 
     </span>
     <span class='ocr_line' id='line_1_14' title="bbox 107 844 1634 896; baseline 0 -13"><span class='ocrx_word' id='word_1_116' title='bbox 107 845 253 883; x_wconf 89' lang='lat' dir='ltr'>cundos</span> <span class='ocrx_word' id='word_1_117' title='bbox 282 844 423 890; x_wconf 88' lang='lat' dir='ltr'>exitus,</span> <span class='ocrx_word' id='word_1_118' title='bbox 452 844 646 895; x_wconf 85' lang='lat' dir='ltr'>patefacta</span> <span class='ocrx_word' id='word_1_119' title='bbox 673 845 821 882; x_wconf 90' lang='lat' dir='ltr'>cunctis</span> <span class='ocrx_word' id='word_1_120' title='bbox 849 845 1067 894; x_wconf 85' lang='lat' dir='ltr'>cognitione</span> <span class='ocrx_word' id='word_1_121' title='bbox 1095 854 1307 895; x_wconf 89' lang='lat' dir='ltr'>gestorum.</span> <span class='ocrx_word' id='word_1_122' title='bbox 1364 845 1410 883; x_wconf 90' lang='lat' dir='ltr'>In</span> <span class='ocrx_word' id='word_1_123' title='bbox 1438 845 1634 896; x_wconf 89' lang='lat' dir='ltr'>plerisque</span> 
     </span>
     <span class='ocr_line' id='line_1_15' title="bbox 106 898 1634 949; baseline 0 -12"><span class='ocrx_word' id='word_1_124' title='bbox 106 898 248 937; x_wconf 81' lang='lat' dir='ltr'>fabulis</span> <span class='ocrx_word' id='word_1_125' title='bbox 272 899 442 949; x_wconf 88' lang='lat' dir='ltr'>ipsarum</span> <span class='ocrx_word' id='word_1_126' title='bbox 466 898 621 935; x_wconf 88' lang='lat' dir='ltr'>nomina</span> <span class='ocrx_word' id='word_1_127' title='bbox 645 898 775 948; x_wconf 87' lang='lat' dir='ltr'>priora</span> <span class='ocrx_word' id='word_1_128' title='bbox 800 899 1057 949; x_wconf 88' lang='lat' dir='ltr'>ponebantur,</span> <span class='ocrx_word' id='word_1_129' title='bbox 1079 912 1194 949; x_wconf 89' lang='lat' dir='ltr'>quam</span> <span class='ocrx_word' id='word_1_130' title='bbox 1225 908 1451 949; x_wconf 90' lang='lat' dir='ltr'>poetarum:</span> <span class='ocrx_word' id='word_1_131' title='bbox 1481 900 1519 937; x_wconf 90' lang='lat' dir='ltr'>in</span> <span class='ocrx_word' id='word_1_132' title='bbox 1538 913 1634 938; x_wconf 90' lang='lat' dir='ltr'>non-</span> 
     </span>
     <span class='ocr_line' id='line_1_16' title="bbox 106 951 1634 1004; baseline 0.001 -14"><span class='ocrx_word' id='word_1_133' title='bbox 106 952 222 991; x_wconf 85' lang='lat' dir='ltr'>nullis</span> <span class='ocrx_word' id='word_1_134' title='bbox 242 961 456 1004; x_wconf 86' lang='lat' dir='ltr'>poetarum,</span> <span class='ocrx_word' id='word_1_135' title='bbox 471 965 587 1002; x_wconf 89' lang='lat' dir='ltr'>quam</span> <span class='ocrx_word' id='word_1_136' title='bbox 606 951 835 989; x_wconf 89' lang='lat' dir='ltr'>fabularum.</span> <span class='ocrx_word' id='word_1_137' title='bbox 867 951 989 1002; x_wconf 88' lang='lat' dir='ltr'>Cujus</span> <span class='ocrx_word' id='word_1_138' title='bbox 1008 953 1127 990; x_wconf 88' lang='lat' dir='ltr'>moris</span> <span class='ocrx_word' id='word_1_139' title='bbox 1147 952 1410 990; x_wconf 90' lang='lat' dir='ltr'>diversitatem</span> <span class='ocrx_word' id='word_1_140' title='bbox 1426 954 1634 1003; x_wconf 89' lang='lat' dir='ltr'>antiquitas</span> 
     </span>
     <span class='ocr_line' id='line_1_17' title="bbox 106 1005 1635 1058; baseline 0.001 -14"><span class='ocrx_word' id='word_1_141' title='bbox 106 1007 259 1058; x_wconf 88' lang='lat' dir='ltr'>probat.</span> <span class='ocrx_word' id='word_1_142' title='bbox 317 1006 419 1043; x_wconf 88' lang='lat' dir='ltr'>Nam</span> <span class='ocrx_word' id='word_1_143' title='bbox 447 1019 537 1043; x_wconf 91' lang='lat' dir='ltr'>cum</span> <span class='ocrx_word' id='word_1_144' title='bbox 564 1005 731 1056; x_wconf 89' lang='lat' dir='ltr'>primum</span> <span class='ocrx_word' id='word_1_145' title='bbox 758 1005 877 1056; x_wconf 89' lang='lat' dir='ltr'>aliqui</span> <span class='ocrx_word' id='word_1_146' title='bbox 906 1005 1058 1044; x_wconf 85' lang='lat' dir='ltr'>fabulas</span> <span class='ocrx_word' id='word_1_147' title='bbox 1087 1006 1259 1051; x_wconf 91' lang='lat' dir='ltr'>ederent,</span> <span class='ocrx_word' id='word_1_148' title='bbox 1280 1006 1451 1056; x_wconf 88' lang='lat' dir='ltr'>ipsarum</span> <span class='ocrx_word' id='word_1_149' title='bbox 1479 1008 1635 1045; x_wconf 89' lang='lat' dir='ltr'>nomina</span> 
     </span>
     <span class='ocr_line' id='line_1_18' title="bbox 106 1060 1635 1112; baseline 0 -14"><span class='ocrx_word' id='word_1_150' title='bbox 106 1060 458 1111; x_wconf 89' lang='lat' dir='ltr'>pronunciabantur</span> <span class='ocrx_word' id='word_1_151' title='bbox 479 1068 580 1105; x_wconf 91' lang='lat' dir='ltr'>ante,</span> <span class='ocrx_word' id='word_1_152' title='bbox 601 1072 717 1109; x_wconf 91' lang='lat' dir='ltr'>quam</span> <span class='ocrx_word' id='word_1_153' title='bbox 743 1069 872 1110; x_wconf 89' lang='lat' dir='ltr'>poetae</span> <span class='ocrx_word' id='word_1_154' title='bbox 897 1060 1254 1110; x_wconf 87' lang='lat' dir='ltr'>pronunciarentur,</span> <span class='ocrx_word' id='word_1_155' title='bbox 1274 1074 1323 1098; x_wconf 91' lang='lat' dir='ltr'>ne</span> <span class='ocrx_word' id='word_1_156' title='bbox 1341 1060 1470 1112; x_wconf 87' lang='lat' dir='ltr'>aliqua</span> <span class='ocrx_word' id='word_1_157' title='bbox 1488 1061 1635 1099; x_wconf 90' lang='lat' dir='ltr'>invidia</span> 
     </span>
     <span class='ocr_line' id='line_1_19' title="bbox 106 1113 1634 1165; baseline 0.001 -13"><span class='ocrx_word' id='word_1_158' title='bbox 106 1127 130 1152; x_wconf 82' lang='lat' dir='ltr'>a</span> <span class='ocrx_word' id='word_1_159' title='bbox 148 1114 354 1152; x_wconf 87' lang='lat' dir='ltr'>scribendo</span> <span class='ocrx_word' id='word_1_160' title='bbox 373 1113 559 1151; x_wconf 87' lang='lat' dir='ltr'>deterreri</span> <span class='ocrx_word' id='word_1_161' title='bbox 584 1122 756 1164; x_wconf 86' lang='lat' dir='ltr'>possent.</span> <span class='ocrx_word' id='word_1_162' title='bbox 803 1113 904 1151; x_wconf 90' lang='lat' dir='ltr'>Cum</span> <span class='ocrx_word' id='word_1_163' title='bbox 931 1122 1060 1151; x_wconf 89' lang='lat' dir='ltr'>autern</span> <span class='ocrx_word' id='word_1_164' title='bbox 1090 1127 1160 1165; x_wconf 90' lang='lat' dir='ltr'>per</span> <span class='ocrx_word' id='word_1_165' title='bbox 1187 1114 1396 1152; x_wconf 90' lang='lat' dir='ltr'>editionem</span> <span class='ocrx_word' id='word_1_166' title='bbox 1424 1114 1634 1153; x_wconf 88' lang='lat' dir='ltr'>multarum</span> 
     </span>
     <span class='ocr_line' id='line_1_20' title="bbox 105 1167 1635 1219; baseline 0 -13"><span class='ocrx_word' id='word_1_167' title='bbox 105 1177 234 1219; x_wconf 87' lang='lat' dir='ltr'>poetae</span> <span class='ocrx_word' id='word_1_168' title='bbox 256 1168 338 1219; x_wconf 88' lang='lat' dir='ltr'>jam</span> <span class='ocrx_word' id='word_1_169' title='bbox 366 1175 469 1206; x_wconf 91' lang='lat' dir='ltr'>esset</span> <span class='ocrx_word' id='word_1_170' title='bbox 496 1167 705 1205; x_wconf 83' lang='lat' dir='ltr'>auctoritas</span> <span class='ocrx_word' id='word_1_171' title='bbox 733 1167 933 1218; x_wconf 89' lang='lat' dir='ltr'>acquisita,</span> <span class='ocrx_word' id='word_1_172' title='bbox 952 1181 1088 1205; x_wconf 90' lang='lat' dir='ltr'>rursus</span> <span class='ocrx_word' id='word_1_173' title='bbox 1106 1168 1235 1218; x_wconf 86' lang='lat' dir='ltr'>priora</span> <span class='ocrx_word' id='word_1_174' title='bbox 1260 1177 1461 1218; x_wconf 87' lang='lat' dir='ltr'>poetarum</span> <span class='ocrx_word' id='word_1_175' title='bbox 1480 1169 1635 1207; x_wconf 88' lang='lat' dir='ltr'>nomina</span> 
     </span>
     <span class='ocr_line' id='line_1_21' title="bbox 106 1221 1631 1273; baseline 0.001 -13"><span class='ocrx_word' id='word_1_176' title='bbox 106 1222 404 1273; x_wconf 88' lang='lat' dir='ltr'>proferebantur</span> <span class='ocrx_word' id='word_1_177' title='bbox 422 1235 430 1259; x_wconf 90' lang='lat'><strong>:</strong></span> <span class='ocrx_word' id='word_1_178' title='bbox 459 1230 502 1259; x_wconf 91' lang='lat' dir='ltr'>ut</span> <span class='ocrx_word' id='word_1_179' title='bbox 522 1234 591 1272; x_wconf 88' lang='lat' dir='ltr'>per</span> <span class='ocrx_word' id='word_1_180' title='bbox 610 1221 783 1271; x_wconf 90' lang='lat' dir='ltr'>ipsorum</span> <span class='ocrx_word' id='word_1_181' title='bbox 803 1221 992 1259; x_wconf 89' lang='lat' dir='ltr'>vocabula</span> <span class='ocrx_word' id='word_1_182' title='bbox 1011 1222 1151 1259; x_wconf 90' lang='lat' dir='ltr'>fabulis</span> <span class='ocrx_word' id='word_1_183' title='bbox 1170 1222 1335 1260; x_wconf 90' lang='lat' dir='ltr'>attentio</span> <span class='ocrx_word' id='word_1_184' title='bbox 1353 1223 1631 1273; x_wconf 87' lang='lat' dir='ltr'>acquireretur.</span> 
     </span>
    </p>

    <p class='ocr_par' dir='ltr' id='par_1_3' title="bbox 106 1274 1635 1696">
     <span class='ocr_line' id='line_1_22' title="bbox 161 1274 1634 1327; baseline 0.002 -15"><span class='ocrx_word' id='word_1_185' title='bbox 161 1276 283 1313; x_wconf 77' lang='lat' dir='ltr'>Aetas</span> <span class='ocrx_word' id='word_1_186' title='bbox 301 1276 464 1313; x_wconf 90' lang='lat' dir='ltr'>diversis</span> <span class='ocrx_word' id='word_1_187' title='bbox 483 1274 586 1312; x_wconf 88' lang='lat' dir='ltr'>ludis</span> <span class='ocrx_word' id='word_1_188' title='bbox 603 1275 851 1313; x_wconf 88' lang='lat' dir='ltr'>manifestum</span> <span class='ocrx_word' id='word_1_189' title='bbox 868 1283 906 1313; x_wconf 90' lang='lat' dir='ltr'>et</span> <span class='ocrx_word' id='word_1_190' title='bbox 927 1276 1098 1313; x_wconf 89' lang='lat' dir='ltr'>inscribi.</span> <span class='ocrx_word' id='word_1_191' title='bbox 1149 1275 1250 1313; x_wconf 89' lang='lat' dir='ltr'>Nam</span> <span class='ocrx_word' id='word_1_192' title='bbox 1270 1276 1451 1314; x_wconf 90' lang='lat' dir='ltr'>ludorum</span> <span class='ocrx_word' id='word_1_193' title='bbox 1466 1287 1634 1327; x_wconf 86' lang='lat' dir='ltr'>quatuor</span> 
     </span>
     <span class='ocr_line' id='line_1_23' title="bbox 108 1329 1634 1382; baseline 0.001 -15"><span class='ocrx_word' id='word_1_194' title='bbox 108 1339 198 1367; x_wconf 90' lang='lat' dir='ltr'>sunt</span> <span class='ocrx_word' id='word_1_195' title='bbox 226 1330 386 1380; x_wconf 90' lang='lat' dir='ltr'>species,</span> <span class='ocrx_word' id='word_1_196' title='bbox 416 1343 513 1379; x_wconf 90' lang='lat' dir='ltr'>quos</span> <span class='ocrx_word' id='word_1_197' title='bbox 543 1329 694 1367; x_wconf 92' lang='lat' dir='ltr'>curules</span> <span class='ocrx_word' id='word_1_198' title='bbox 723 1329 857 1367; x_wconf 86' lang='lat' dir='ltr'>aediles</span> <span class='ocrx_word' id='word_1_199' title='bbox 876 1343 1036 1367; x_wconf 91' lang='lat' dir='ltr'>munere</span> <span class='ocrx_word' id='word_1_200' title='bbox 1064 1329 1221 1380; x_wconf 89' lang='lat' dir='ltr'>publico</span> <span class='ocrx_word' id='word_1_201' title='bbox 1241 1339 1398 1368; x_wconf 90' lang='lat' dir='ltr'>curant:</span> <span class='ocrx_word' id='word_1_202' title='bbox 1430 1330 1634 1382; x_wconf 88' lang='lat' dir='ltr'>Megalen-</span> 
     </span>
     <span class='ocr_line' id='line_1_24' title="bbox 108 1382 1634 1434; baseline 0.001 -13"><span class='ocrx_word' id='word_1_203' title='bbox 108 1397 182 1428; x_wconf 90' lang='lat' dir='ltr'>ses,</span> <span class='ocrx_word' id='word_1_204' title='bbox 211 1384 360 1434; x_wconf 90' lang='lat' dir='ltr'>magnis</span> <span class='ocrx_word' id='word_1_205' title='bbox 388 1382 461 1420; x_wconf 89' lang='lat' dir='ltr'>diis</span> <span class='ocrx_word' id='word_1_206' title='bbox 490 1383 716 1427; x_wconf 88' lang='lat' dir='ltr'>consecrati,</span> <span class='ocrx_word' id='word_1_207' title='bbox 742 1396 840 1433; x_wconf 89' lang='lat' dir='ltr'>quos</span> <span class='ocrx_word' id='word_1_208' title='bbox 869 1382 999 1421; x_wconf 88' lang='lat' dir='ltr'>Graeci</span> <span class='ocrx_word' id='word_1_209' title='bbox 1028 1383 1279 1434; x_wconf 63' lang='grc' dir='ltr'>Β,ιιεγιιλεσιόυς</span> <span class='ocrx_word' id='word_1_210' title='bbox 1305 1383 1525 1434; x_wconf 88' lang='lat' dir='ltr'>appellant:</span> <span class='ocrx_word' id='word_1_211' title='bbox 1556 1385 1634 1423; x_wconf 89' lang='lat' dir='ltr'>Fu-</span> 
     </span>
     <span class='ocr_line' id='line_1_25' title="bbox 106 1436 1635 1488; baseline 0.001 -13"><span class='ocrx_word' id='word_1_212' title='bbox 106 1439 257 1482; x_wconf 90' lang='lat' dir='ltr'>nebres,</span> <span class='ocrx_word' id='word_1_213' title='bbox 277 1437 326 1474; x_wconf 92' lang='lat' dir='ltr'>ad</span> <span class='ocrx_word' id='word_1_214' title='bbox 344 1436 586 1474; x_wconf 91' lang='lat' dir='ltr'>retinendum</span> <span class='ocrx_word' id='word_1_215' title='bbox 614 1436 801 1487; x_wconf 91' lang='lat' dir='ltr'>populum</span> <span class='ocrx_word' id='word_1_216' title='bbox 828 1437 1005 1482; x_wconf 90' lang='lat' dir='ltr'>instituti,</span> <span class='ocrx_word' id='word_1_217' title='bbox 1035 1437 1127 1475; x_wconf 90' lang='lat' dir='ltr'>dum</span> <span class='ocrx_word' id='word_1_218' title='bbox 1156 1451 1298 1488; x_wconf 90' lang='lat' dir='ltr'>pompa</span> <span class='ocrx_word' id='word_1_219' title='bbox 1326 1438 1450 1476; x_wconf 88' lang='lat' dir='ltr'>funeri</span> <span class='ocrx_word' id='word_1_220' title='bbox 1477 1438 1635 1477; x_wconf 86' lang='lat' dir='ltr'>decreta</span> 
     </span>
     <span class='ocr_line' id='line_1_26' title="bbox 106 1490 1634 1543; baseline 0.001 -15"><span class='ocrx_word' id='word_1_221' title='bbox 106 1491 146 1529; x_wconf 87' lang='lat' dir='ltr'>in</span> <span class='ocrx_word' id='word_1_222' title='bbox 174 1491 355 1529; x_wconf 89' lang='lat' dir='ltr'>honorem</span> <span class='ocrx_word' id='word_1_223' title='bbox 376 1490 525 1541; x_wconf 85' lang='lat' dir='ltr'>patricii</span> <span class='ocrx_word' id='word_1_224' title='bbox 545 1491 617 1528; x_wconf 89' lang='lat' dir='ltr'>viri</span> <span class='ocrx_word' id='word_1_225' title='bbox 635 1490 748 1541; x_wconf 91' lang='lat' dir='ltr'>plene</span> <span class='ocrx_word' id='word_1_226' title='bbox 767 1491 993 1528; x_wconf 88' lang='lat' dir='ltr'>instruitur:</span> <span class='ocrx_word' id='word_1_227' title='bbox 1022 1491 1168 1536; x_wconf 89' lang='lat' dir='ltr'>Plebei‚</span> <span class='ocrx_word' id='word_1_228' title='bbox 1189 1492 1255 1543; x_wconf 90' lang='lat' dir='ltr'>qui</span> <span class='ocrx_word' id='word_1_229' title='bbox 1276 1505 1346 1542; x_wconf 91' lang='lat' dir='ltr'>pro</span> <span class='ocrx_word' id='word_1_230' title='bbox 1366 1492 1489 1530; x_wconf 89' lang='lat' dir='ltr'>salute</span> <span class='ocrx_word' id='word_1_231' title='bbox 1509 1492 1634 1543; x_wconf 91' lang='lat' dir='ltr'>plebis</span> 
     </span>
     <span class='ocr_line' id='line_1_27' title="bbox 107 1544 1632 1597; baseline 0.001 -14"><span class='ocrx_word' id='word_1_232' title='bbox 107 1544 297 1583; x_wconf 88' lang='lat' dir='ltr'>eduntur:</span> <span class='ocrx_word' id='word_1_233' title='bbox 329 1544 587 1595; x_wconf 83' lang='lat' dir='ltr'>Apollinares,</span> <span class='ocrx_word' id='word_1_234' title='bbox 618 1544 791 1595; x_wconf 90' lang='lat' dir='ltr'>Apollini</span> <span class='ocrx_word' id='word_1_235' title='bbox 819 1545 1044 1583; x_wconf 82' lang='lat' dir='ltr'>consecrati.</span> <span class='ocrx_word' id='word_1_236' title='bbox 1102 1545 1147 1582; x_wconf 84' lang='lat' dir='ltr'>ln</span> <span class='ocrx_word' id='word_1_237' title='bbox 1176 1559 1290 1583; x_wconf 83' lang='lat' dir='ltr'>scena</span> <span class='ocrx_word' id='word_1_238' title='bbox 1317 1545 1406 1584; x_wconf 87' lang='lat' dir='ltr'>duae</span> <span class='ocrx_word' id='word_1_239' title='bbox 1435 1560 1514 1584; x_wconf 87' lang='lat' dir='ltr'>arae</span> <span class='ocrx_word' id='word_1_240' title='bbox 1542 1547 1632 1597; x_wconf 91' lang='lat' dir='ltr'>poni</span> 
     </span>
     <span class='ocr_line' id='line_1_28' title="bbox 107 1598 1634 1649; baseline 0.002 -13"><span class='ocrx_word' id='word_1_241' title='bbox 107 1598 293 1643; x_wconf 84' lang='lat' dir='ltr'>solebant,</span> <span class='ocrx_word' id='word_1_242' title='bbox 313 1598 453 1636; x_wconf 85' lang='lat' dir='ltr'>dextra</span> <span class='ocrx_word' id='word_1_243' title='bbox 470 1598 615 1643; x_wconf 88' lang='lat' dir='ltr'>Liberi,</span> <span class='ocrx_word' id='word_1_244' title='bbox 645 1599 800 1636; x_wconf 89' lang='lat' dir='ltr'>sinistra</span> <span class='ocrx_word' id='word_1_245' title='bbox 827 1598 912 1649; x_wconf 89' lang='lat' dir='ltr'>ejus</span> <span class='ocrx_word' id='word_1_246' title='bbox 939 1598 1015 1643; x_wconf 85' lang='lat' dir='ltr'>dei,</span> <span class='ocrx_word' id='word_1_247' title='bbox 1036 1599 1099 1636; x_wconf 91' lang='lat' dir='ltr'>cui</span> <span class='ocrx_word' id='word_1_248' title='bbox 1125 1598 1207 1637; x_wconf 89' lang='lat' dir='ltr'>ludi</span> <span class='ocrx_word' id='word_1_249' title='bbox 1229 1599 1394 1638; x_wconf 90' lang='lat' dir='ltr'>fiebant:</span> <span class='ocrx_word' id='word_1_250' title='bbox 1424 1600 1526 1638; x_wconf 91' lang='lat' dir='ltr'>unde</span> <span class='ocrx_word' id='word_1_251' title='bbox 1556 1600 1634 1639; x_wconf 91' lang='lat' dir='ltr'>Te-</span> 
     </span>
     <span class='ocr_line' id='line_1_29' title="bbox 106 1651 1146 1696; baseline 0.001 -6"><span class='ocrx_word' id='word_1_252' title='bbox 106 1653 253 1691; x_wconf 88' lang='lat' dir='ltr'>rentius</span> <span class='ocrx_word' id='word_1_253' title='bbox 273 1653 310 1690; x_wconf 92' lang='lat' dir='ltr'>in</span> <span class='ocrx_word' id='word_1_254' title='bbox 331 1651 479 1690; x_wconf 91' lang='lat' dir='ltr'>Andria</span> <span class='ocrx_word' id='word_1_255' title='bbox 497 1652 562 1696; x_wconf 91' lang='lat' dir='ltr'>ait,</span> <span class='ocrx_word' id='word_1_256' title='bbox 580 1651 646 1689; x_wconf 80' lang='lat' dir='ltr'>Ex</span> <span class='ocrx_word' id='word_1_257' title='bbox 665 1666 736 1689; x_wconf 84' lang='lat' dir='ltr'>ara</span> <span class='ocrx_word' id='word_1_258' title='bbox 754 1651 824 1689; x_wconf 81' lang='grc' dir='ltr'>Ιιασ</span> <span class='ocrx_word' id='word_1_259' title='bbox 842 1666 942 1690; x_wconf 78' lang='lat' dir='ltr'>sume</span> <span class='ocrx_word' id='word_1_260' title='bbox 959 1652 1146 1691; x_wconf 81' lang='lat' dir='ltr'>verbenas.</span> 
     </span>
    </p>

    <p class='ocr_par' dir='ltr' id='par_1_4' title="bbox 101 1705 1635 2241">
     <span class='ocr_line' id='line_1_30' title="bbox 161 1705 1633 1758; baseline 0.001 -14"><span class='ocrx_word' id='word_1_261' title='bbox 161 1706 267 1744; x_wconf 89' lang='lat' dir='ltr'>Hinc</span> <span class='ocrx_word' id='word_1_262' title='bbox 301 1705 482 1756; x_wconf 88' lang='lat' dir='ltr'>Ulyssem</span> <span class='ocrx_word' id='word_1_263' title='bbox 511 1705 711 1757; x_wconf 88' lang='lat' dir='ltr'>palliatum</span> <span class='ocrx_word' id='word_1_264' title='bbox 741 1719 893 1757; x_wconf 90' lang='lat' dir='ltr'>semper</span> <span class='ocrx_word' id='word_1_265' title='bbox 921 1706 1135 1745; x_wconf 86' lang='lat' dir='ltr'>inducunt:</span> <span class='ocrx_word' id='word_1_266' title='bbox 1178 1707 1260 1745; x_wconf 88' lang='lat' dir='ltr'>sive</span> <span class='ocrx_word' id='word_1_267' title='bbox 1289 1707 1395 1758; x_wconf 90' lang='lat' dir='ltr'>quod</span> <span class='ocrx_word' id='word_1_268' title='bbox 1425 1707 1633 1758; x_wconf 88' lang='lat' dir='ltr'>aliquando</span> 
     </span>
     <span class='ocr_line' id='line_1_31' title="bbox 108 1759 1634 1813; baseline 0.001 -15"><span class='ocrx_word' id='word_1_269' title='bbox 108 1760 294 1798; x_wconf 86' lang='lat' dir='ltr'>insaniam</span> <span class='ocrx_word' id='word_1_270' title='bbox 322 1759 541 1797; x_wconf 87' lang='lat' dir='ltr'>simulavit:</span> <span class='ocrx_word' id='word_1_271' title='bbox 579 1773 658 1810; x_wconf 91' lang='lat' dir='ltr'>quo</span> <span class='ocrx_word' id='word_1_272' title='bbox 686 1768 858 1810; x_wconf 88' lang='lat' dir='ltr'>tempore</span> <span class='ocrx_word' id='word_1_273' title='bbox 887 1768 1032 1798; x_wconf 90' lang='lat' dir='ltr'>tectum</span> <span class='ocrx_word' id='word_1_274' title='bbox 1060 1774 1101 1798; x_wconf 90' lang='lat' dir='ltr'>se</span> <span class='ocrx_word' id='word_1_275' title='bbox 1125 1774 1209 1798; x_wconf 90' lang='lat' dir='ltr'>esse</span> <span class='ocrx_word' id='word_1_276' title='bbox 1237 1761 1373 1805; x_wconf 84' lang='lat' dir='ltr'>voluit,</span> <span class='ocrx_word' id='word_1_277' title='bbox 1402 1775 1451 1799; x_wconf 93' lang='lat' dir='ltr'>ne</span> <span class='ocrx_word' id='word_1_278' title='bbox 1478 1763 1634 1813; x_wconf 86' lang='lat' dir='ltr'>agnitus</span> 
     </span>
     <span class='ocr_line' id='line_1_32' title="bbox 109 1812 1633 1866; baseline 0.003 -16"><span class='ocrx_word' id='word_1_279' title='bbox 109 1822 312 1864; x_wconf 84' lang='lat' dir='ltr'>cogeretur</span> <span class='ocrx_word' id='word_1_280' title='bbox 332 1813 370 1850; x_wconf 89' lang='lat' dir='ltr'>in</span> <span class='ocrx_word' id='word_1_281' title='bbox 390 1812 491 1851; x_wconf 90' lang='lat' dir='ltr'>bella</span> <span class='ocrx_word' id='word_1_282' title='bbox 517 1813 696 1864; x_wconf 87' lang='lat' dir='ltr'>prodire;</span> <span class='ocrx_word' id='word_1_283' title='bbox 727 1827 796 1851; x_wconf 89' lang='lat' dir='ltr'>seu</span> <span class='ocrx_word' id='word_1_284' title='bbox 816 1814 867 1851; x_wconf 95' lang='lat' dir='ltr'>ob</span> <span class='ocrx_word' id='word_1_285' title='bbox 887 1813 1122 1864; x_wconf 86' lang='lat' dir='ltr'>singularem</span> <span class='ocrx_word' id='word_1_286' title='bbox 1151 1814 1388 1865; x_wconf 88' lang='lat' dir='ltr'>sapientiam,</span> <span class='ocrx_word' id='word_1_287' title='bbox 1410 1829 1487 1866; x_wconf 89' lang='lat' dir='ltr'>qua</span> <span class='ocrx_word' id='word_1_288' title='bbox 1506 1825 1633 1854; x_wconf 90' lang='lat' dir='ltr'>tectus</span> 
     </span>
     <span class='ocr_line' id='line_1_33' title="bbox 107 1866 1635 1919; baseline 0.002 -14"><span class='ocrx_word' id='word_1_289' title='bbox 107 1868 356 1917; x_wconf 84' lang='lat' dir='ltr'>munitusque</span> <span class='ocrx_word' id='word_1_290' title='bbox 375 1866 582 1918; x_wconf 87' lang='lat' dir='ltr'>plurimum</span> <span class='ocrx_word' id='word_1_291' title='bbox 603 1867 716 1906; x_wconf 88' lang='lat' dir='ltr'>sociis</span> <span class='ocrx_word' id='word_1_292' title='bbox 737 1867 898 1919; x_wconf 86' lang='lat' dir='ltr'>profuit.</span> <span class='ocrx_word' id='word_1_293' title='bbox 955 1867 1088 1918; x_wconf 88' lang='lat' dir='ltr'>Hujus</span> <span class='ocrx_word' id='word_1_294' title='bbox 1107 1868 1210 1905; x_wconf 91' lang='lat' dir='ltr'>enim</span> <span class='ocrx_word' id='word_1_295' title='bbox 1230 1868 1383 1906; x_wconf 89' lang='lat' dir='ltr'>virtutis</span> <span class='ocrx_word' id='word_1_296' title='bbox 1402 1878 1497 1914; x_wconf 92' lang='lat' dir='ltr'>erat,</span> <span class='ocrx_word' id='word_1_297' title='bbox 1516 1870 1635 1908; x_wconf 89' lang='lat' dir='ltr'>animi</span> 
     </span>
     <span class='ocr_line' id='line_1_34' title="bbox 108 1920 1633 1972; baseline 0.001 -13"><span class='ocrx_word' id='word_1_298' title='bbox 108 1934 260 1972; x_wconf 89' lang='lat' dir='ltr'>semper</span> <span class='ocrx_word' id='word_1_299' title='bbox 280 1921 508 1971; x_wconf 87' lang='lat' dir='ltr'>decipientis</span> <span class='ocrx_word' id='word_1_300' title='bbox 527 1921 737 1971; x_wconf 89' lang='lat' dir='ltr'>ingenium.</span> <span class='ocrx_word' id='word_1_301' title='bbox 794 1920 981 1959; x_wconf 91' lang='lat' dir='ltr'>Nonnulli</span> <span class='ocrx_word' id='word_1_302' title='bbox 1000 1921 1147 1971; x_wconf 78' lang='lat' dir='ltr'>Itbacae</span> <span class='ocrx_word' id='word_1_303' title='bbox 1175 1921 1334 1965; x_wconf 86' lang='lat' dir='ltr'>incolas,</span> <span class='ocrx_word' id='word_1_304' title='bbox 1355 1923 1454 1960; x_wconf 88' lang='lat' dir='ltr'>sicut</span> <span class='ocrx_word' id='word_1_305' title='bbox 1473 1923 1633 1969; x_wconf 92' lang='lat' dir='ltr'>Locros,</span> 
     </span>
     <span class='ocr_line' id='line_1_35' title="bbox 106 1974 1632 2027; baseline 0.002 -15"><span class='ocrx_word' id='word_1_306' title='bbox 106 1974 284 2026; x_wconf 87' lang='lat' dir='ltr'>palliatos</span> <span class='ocrx_word' id='word_1_307' title='bbox 296 1974 415 2012; x_wconf 89' lang='lat' dir='ltr'>fuisse</span> <span class='ocrx_word' id='word_1_308' title='bbox 436 1983 751 2012; x_wconf 90' lang='lat' dir='ltr'>commemorant.</span> <span class='ocrx_word' id='word_1_309' title='bbox 799 1974 962 2013; x_wconf 87' lang='lat' dir='ltr'>Achillis</span> <span class='ocrx_word' id='word_1_310' title='bbox 977 1984 1016 2013; x_wconf 93' lang='lat' dir='ltr'>et</span> <span class='ocrx_word' id='word_1_311' title='bbox 1035 1974 1283 2026; x_wconf 90' lang='lat' dir='ltr'>Neoptolemi</span> <span class='ocrx_word' id='word_1_312' title='bbox 1302 1989 1479 2027; x_wconf 90' lang='lat' dir='ltr'>personae</span> <span class='ocrx_word' id='word_1_313' title='bbox 1499 1977 1632 2016; x_wconf 90' lang='lat' dir='ltr'>diade-</span> 
     </span>
     <span class='ocr_line' id='line_1_36' title="bbox 106 2028 1633 2082; baseline 0.001 -15"><span class='ocrx_word' id='word_1_314' title='bbox 106 2038 211 2067; x_wconf 85' lang='lat' dir='ltr'>mata</span> <span class='ocrx_word' id='word_1_315' title='bbox 247 2028 416 2067; x_wconf 90' lang='lat' dir='ltr'>habent:</span> <span class='ocrx_word' id='word_1_316' title='bbox 458 2028 635 2079; x_wconf 89' lang='lat' dir='ltr'>quamvis</span> <span class='ocrx_word' id='word_1_317' title='bbox 667 2028 812 2079; x_wconf 90' lang='lat' dir='ltr'>regalia</span> <span class='ocrx_word' id='word_1_318' title='bbox 842 2038 994 2080; x_wconf 90' lang='lat' dir='ltr'>sceptra</span> <span class='ocrx_word' id='word_1_319' title='bbox 1026 2042 1222 2080; x_wconf 89' lang='lat' dir='ltr'>nunquam</span> <span class='ocrx_word' id='word_1_320' title='bbox 1255 2031 1475 2068; x_wconf 91' lang='lat' dir='ltr'>tenuerint:</span> <span class='ocrx_word' id='word_1_321' title='bbox 1521 2031 1633 2082; x_wconf 88' lang='lat' dir='ltr'>cujus</span> 
     </span>
     <span class='ocr_line' id='line_1_37' title="bbox 107 2081 1633 2135; baseline 0.002 -15"><span class='ocrx_word' id='word_1_322' title='bbox 107 2083 322 2134; x_wconf 86' lang='lat' dir='ltr'>argumenti</span> <span class='ocrx_word' id='word_1_323' title='bbox 340 2082 520 2133; x_wconf 87' lang='lat' dir='ltr'>probatio</span> <span class='ocrx_word' id='word_1_324' title='bbox 537 2081 623 2120; x_wconf 91' lang='lat' dir='ltr'>talis</span> <span class='ocrx_word' id='word_1_325' title='bbox 641 2082 849 2127; x_wconf 88' lang='lat' dir='ltr'>inducitur,</span> <span class='ocrx_word' id='word_1_326' title='bbox 867 2082 973 2133; x_wconf 87' lang='lat' dir='ltr'>quod</span> <span class='ocrx_word' id='word_1_327' title='bbox 991 2096 1186 2133; x_wconf 90' lang='lat' dir='ltr'>nunquam</span> <span class='ocrx_word' id='word_1_328' title='bbox 1201 2097 1289 2121; x_wconf 88' lang='lat' dir='ltr'>cum</span> <span class='ocrx_word' id='word_1_329' title='bbox 1302 2084 1451 2135; x_wconf 87' lang='lat' dir='ltr'>reliqua</span> <span class='ocrx_word' id='word_1_330' title='bbox 1465 2084 1633 2124; x_wconf 82' lang='lat' dir='ltr'>Graeciae</span> 
     </span>
     <span class='ocr_line' id='line_1_38' title="bbox 101 2135 1634 2190; baseline 0.002 -16"><span class='ocrx_word' id='word_1_331' title='bbox 101 2136 307 2187; x_wconf 89' lang='lat' dir='ltr'>juventute</span> <span class='ocrx_word' id='word_1_332' title='bbox 340 2136 389 2174; x_wconf 90' lang='lat' dir='ltr'>ad</span> <span class='ocrx_word' id='word_1_333' title='bbox 421 2135 591 2187; x_wconf 89' lang='lat' dir='ltr'>gerenda</span> <span class='ocrx_word' id='word_1_334' title='bbox 617 2150 703 2174; x_wconf 90' lang='lat' dir='ltr'>cum</span> <span class='ocrx_word' id='word_1_335' title='bbox 731 2135 909 2187; x_wconf 88' lang='lat' dir='ltr'>Trojanis</span> <span class='ocrx_word' id='word_1_336' title='bbox 938 2136 1052 2181; x_wconf 88' lang='lat' dir='ltr'>bella,</span> <span class='ocrx_word' id='word_1_337' title='bbox 1084 2146 1325 2176; x_wconf 89' lang='lat' dir='ltr'>sacramenta</span> <span class='ocrx_word' id='word_1_338' title='bbox 1357 2138 1634 2190; x_wconf 87' lang='lat' dir='ltr'>conjurationis</span> 
     </span>
     <span class='ocr_line' id='line_1_39' title="bbox 107 2189 1354 2241; baseline 0.002 -13"><span class='ocrx_word' id='word_1_339' title='bbox 107 2190 288 2236; x_wconf 89' lang='lat' dir='ltr'>inierunt,</span> <span class='ocrx_word' id='word_1_340' title='bbox 310 2204 380 2228; x_wconf 90' lang='lat' dir='ltr'>nec</span> <span class='ocrx_word' id='word_1_341' title='bbox 399 2203 570 2240; x_wconf 89' lang='lat' dir='ltr'>unquam</span> <span class='ocrx_word' id='word_1_342' title='bbox 589 2191 662 2228; x_wconf 91' lang='lat' dir='ltr'>sub</span> <span class='ocrx_word' id='word_1_343' title='bbox 682 2189 984 2241; x_wconf 89' lang='lat' dir='ltr'>Agamemnonis</span> <span class='ocrx_word' id='word_1_344' title='bbox 1005 2190 1167 2241; x_wconf 89' lang='lat' dir='ltr'>imperio</span> <span class='ocrx_word' id='word_1_345' title='bbox 1186 2191 1354 2230; x_wconf 89' lang='lat' dir='ltr'>fuerunt.</span> 
     </span>
    </p>

    <p class='ocr_par' dir='ltr' id='par_1_5' title="bbox 107 2243 1634 2566">
     <span class='ocr_line' id='line_1_40' title="bbox 164 2243 1633 2296; baseline 0.001 -14"><span class='ocrx_word' id='word_1_346' title='bbox 164 2243 323 2282; x_wconf 77' lang='lat' dir='ltr'>Cornicis</span> <span class='ocrx_word' id='word_1_347' title='bbox 342 2244 500 2282; x_wconf 88' lang='lat' dir='ltr'>senibus</span> <span class='ocrx_word' id='word_1_348' title='bbox 519 2243 726 2282; x_wconf 70' lang='lat' dir='ltr'>“candidus</span> <span class='ocrx_word' id='word_1_349' title='bbox 745 2245 910 2282; x_wconf 88' lang='lat' dir='ltr'>vestitus</span> <span class='ocrx_word' id='word_1_350' title='bbox 938 2244 1145 2289; x_wconf 88' lang='lat' dir='ltr'>inducitur,</span> <span class='ocrx_word' id='word_1_351' title='bbox 1166 2245 1271 2295; x_wconf 89' lang='lat' dir='ltr'>quod</span> <span class='ocrx_word' id='word_1_352' title='bbox 1290 2245 1322 2283; x_wconf 92' lang='lat' dir='ltr'>is</span> <span class='ocrx_word' id='word_1_353' title='bbox 1341 2245 1633 2296; x_wconf 88' lang='lat' dir='ltr'>antiquissimus</span> 
     </span>
     <span class='ocr_line' id='line_1_41' title="bbox 107 2297 1633 2339; baseline 0.002 -3"><span class='ocrx_word' id='word_1_354' title='bbox 107 2297 225 2336; x_wconf 85' lang='lat' dir='ltr'>fuisse</span> <span class='ocrx_word' id='word_1_355' title='bbox 251 2306 502 2336; x_wconf 89' lang='lat' dir='ltr'>memoratur.</span> <span class='ocrx_word' id='word_1_356' title='bbox 549 2297 877 2336; x_wconf 88' lang='lat' dir='ltr'>Adolescentibus</span> <span class='ocrx_word' id='word_1_357' title='bbox 897 2298 1064 2336; x_wconf 89' lang='lat' dir='ltr'>discolor</span> <span class='ocrx_word' id='word_1_358' title='bbox 1083 2299 1320 2337; x_wconf 85' lang='lat' dir='ltr'>attribuitur.</span> <span class='ocrx_word' id='word_1_359' title='bbox 1367 2299 1478 2337; x_wconf 88' lang='lat' dir='ltr'>Servi</span> <span class='ocrx_word' id='word_1_360' title='bbox 1497 2301 1633 2339; x_wconf 90' lang='lat' dir='ltr'>comici</span> 
     </span>
     <span class='ocr_line' id='line_1_42' title="bbox 107 2351 1634 2405; baseline 0.002 -16"><span class='ocrx_word' id='word_1_361' title='bbox 107 2351 248 2390; x_wconf 88' lang='lat' dir='ltr'>amictu</span> <span class='ocrx_word' id='word_1_362' title='bbox 268 2353 410 2403; x_wconf 83' lang='lat' dir='ltr'>exiguo</span> <span class='ocrx_word' id='word_1_363' title='bbox 427 2360 696 2402; x_wconf 86' lang='lat' dir='ltr'>conteguntur,</span> <span class='ocrx_word' id='word_1_364' title='bbox 723 2353 961 2403; x_wconf 88' lang='lat' dir='ltr'>paupertatis</span> <span class='ocrx_word' id='word_1_365' title='bbox 981 2353 1152 2403; x_wconf 82' lang='lat' dir='ltr'>antiquae</span> <span class='ocrx_word' id='word_1_366' title='bbox 1180 2353 1317 2403; x_wconf 90' lang='lat' dir='ltr'>gratia,</span> <span class='ocrx_word' id='word_1_367' title='bbox 1336 2353 1397 2390; x_wconf 89' lang='lat' dir='ltr'>vel</span> <span class='ocrx_word' id='word_1_368' title='bbox 1417 2367 1494 2404; x_wconf 90' lang='lat' dir='ltr'>quo</span> <span class='ocrx_word' id='word_1_369' title='bbox 1513 2367 1634 2405; x_wconf 87' lang='lat' dir='ltr'>expe·</span> 
     </span>
     <span class='ocr_line' id='line_1_43' title="bbox 107 2405 1633 2457; baseline 0.002 -14"><span class='ocrx_word' id='word_1_370' title='bbox 107 2405 265 2444; x_wconf 89' lang='lat' dir='ltr'>ditiores</span> <span class='ocrx_word' id='word_1_371' title='bbox 283 2414 411 2457; x_wconf 89' lang='lat' dir='ltr'>agant.</span> <span class='ocrx_word' id='word_1_372' title='bbox 469 2405 632 2444; x_wconf 88' lang='lat' dir='ltr'>Parasiti</span> <span class='ocrx_word' id='word_1_373' title='bbox 659 2419 746 2443; x_wconf 90' lang='lat' dir='ltr'>cum</span> <span class='ocrx_word' id='word_1_374' title='bbox 774 2406 928 2444; x_wconf 90' lang='lat' dir='ltr'>intortis</span> <span class='ocrx_word' id='word_1_375' title='bbox 956 2406 1082 2457; x_wconf 89' lang='lat' dir='ltr'>palliis</span> <span class='ocrx_word' id='word_1_376' title='bbox 1110 2407 1281 2444; x_wconf 88' lang='lat' dir='ltr'>veniunt.</span> <span class='ocrx_word' id='word_1_377' title='bbox 1337 2407 1450 2445; x_wconf 86' lang='lat' dir='ltr'>Laeto</span> <span class='ocrx_word' id='word_1_378' title='bbox 1470 2408 1633 2447; x_wconf 91' lang='lat' dir='ltr'>vestitus</span> 
     </span>
     <span class='ocr_line' id='line_1_44' title="bbox 109 2458 1632 2512; baseline 0.002 -15"><span class='ocrx_word' id='word_1_379' title='bbox 109 2458 314 2497; x_wconf 77' lang='lat' dir='ltr'>candidus:</span> <span class='ocrx_word' id='word_1_380' title='bbox 342 2473 562 2498; x_wconf 88' lang='lat' dir='ltr'>aerumnoso</span> <span class='ocrx_word' id='word_1_381' title='bbox 580 2459 801 2498; x_wconf 85' lang='lat' dir='ltr'>obsoletus:</span> <span class='ocrx_word' id='word_1_382' title='bbox 830 2474 1051 2511; x_wconf 86' lang='lat' dir='ltr'>purpureus</span> <span class='ocrx_word' id='word_1_383' title='bbox 1066 2459 1201 2498; x_wconf 87' lang='lat' dir='ltr'>diviti:</span> <span class='ocrx_word' id='word_1_384' title='bbox 1230 2461 1392 2511; x_wconf 89' lang='lat' dir='ltr'>pauperi</span> <span class='ocrx_word' id='word_1_385' title='bbox 1405 2462 1632 2512; x_wconf 88' lang='lat' dir='ltr'>phoeniceus</span> 
     </span>
     <span class='ocr_line' id='line_1_45' title="bbox 109 2512 1632 2566; baseline 0.003 -15"><span class='ocrx_word' id='word_1_386' title='bbox 109 2512 248 2551; x_wconf 86' lang='lat' dir='ltr'>datur:</span> <span class='ocrx_word' id='word_1_387' title='bbox 276 2513 389 2552; x_wconf 90' lang='lat' dir='ltr'>militi</span> <span class='ocrx_word' id='word_1_388' title='bbox 409 2513 541 2552; x_wconf 89' lang='lat' dir='ltr'>clamis</span> <span class='ocrx_word' id='word_1_389' title='bbox 559 2526 780 2565; x_wconf 90' lang='lat' dir='ltr'>purpurea:</span> <span class='ocrx_word' id='word_1_390' title='bbox 810 2514 952 2566; x_wconf 87' lang='lat' dir='ltr'>puellae</span> <span class='ocrx_word' id='word_1_391' title='bbox 980 2514 1137 2552; x_wconf 90' lang='lat' dir='ltr'>habitus</span> <span class='ocrx_word' id='word_1_392' title='bbox 1165 2515 1394 2565; x_wconf 88' lang='lat' dir='ltr'>peregrinus</span> <span class='ocrx_word' id='word_1_393' title='bbox 1422 2515 1632 2555; x_wconf 86' lang='lat' dir='ltr'>inducitur.</span> 
     </span>
    </p>
   </div>
   <div class='ocr_carea' id='block_1_3' title="bbox 107 2678 1634 2982">
    <p class='ocr_par' dir='ltr' id='par_1_6' title="bbox 107 2678 1634 2982">
     <span class='ocr_line' id='line_1_46' title="bbox 152 2678 1633 2722; baseline 0.005 -13"><span class='ocrx_word' id='word_1_394' title='bbox 152 2678 166 2698; x_wconf 82' lang='lat'><strong>⁶</strong></span> <span class='ocrx_word' id='word_1_395' title='bbox 180 2679 397 2720; x_wconf 80' lang='grc' dir='ltr'><strong><em>Ἀναφορικὸς]</em></strong></span> <span class='ocrx_word' id='word_1_396' title='bbox 416 2680 479 2711; x_wconf 84' lang='lat' dir='ltr'>Ms.</span> <span class='ocrx_word' id='word_1_397' title='bbox 497 2679 716 2719; x_wconf 77' lang='grc' dir='ltr'><strong><em>ἐπιτιμητικός.</em></strong></span> <span class='ocrx_word' id='word_1_398' title='bbox 745 2681 782 2712; x_wconf 88' lang='lat' dir='ltr'>L.</span> <span class='ocrx_word' id='word_1_399' title='bbox 892 2680 987 2712; x_wconf 80' lang='grc' dir='ltr'><strong><em>σιούς.</em></strong></span> <span class='ocrx_word' id='word_1_400' title='bbox 1021 2681 1101 2712; x_wconf 91' lang='lat' dir='ltr'>Vult</span> <span class='ocrx_word' id='word_1_401' title='bbox 1122 2681 1326 2722; x_wconf 86' lang='lat' dir='ltr'>Megalenses</span> <span class='ocrx_word' id='word_1_402' title='bbox 1341 2683 1435 2714; x_wconf 82' lang='lat' dir='ltr'>ludos</span> <span class='ocrx_word' id='word_1_403' title='bbox 1448 2694 1566 2716; x_wconf 90' lang='lat' dir='ltr'>nomen</span> <span class='ocrx_word' id='word_1_404' title='bbox 1582 2686 1633 2717; x_wconf 88' lang='lat' dir='ltr'>in-</span> 
     </span>
     <span class='ocr_line' id='line_1_47' title="bbox 152 2721 1632 2767; baseline 0.005 -14"><span class='ocrx_word' id='word_1_405' title='bbox 152 2721 165 2743; x_wconf 83' lang='lat'>⁷</span> <span class='ocrx_word' id='word_1_406' title='bbox 188 2722 402 2763; x_wconf 67' lang='lat' dir='ltr'>&#39;Tu-oflenxbs]</span> <span class='ocrx_word' id='word_1_407' title='bbox 434 2723 498 2754; x_wconf 86' lang='lat' dir='ltr'>Ms.</span> <span class='ocrx_word' id='word_1_408' title='bbox 529 2723 722 2764; x_wconf 74' lang='grc' dir='ltr'><strong><em>δραματυεός.</em></strong></span> <span class='ocrx_word' id='word_1_409' title='bbox 767 2724 848 2759; x_wconf 80' lang='lat' dir='ltr'>Quae</span> <span class='ocrx_word' id='word_1_410' title='bbox 891 2725 1020 2755; x_wconf 83' lang='lat' dir='ltr'>venisse</span> <span class='ocrx_word' id='word_1_411' title='bbox 1042 2724 1104 2755; x_wconf 78' lang='grc' dir='ltr'>ἀπὸ</span> <span class='ocrx_word' id='word_1_412' title='bbox 1125 2726 1189 2755; x_wconf 78' lang='grc' dir='ltr'>τῶν</span> <span class='ocrx_word' id='word_1_413' title='bbox 1209 2723 1359 2764; x_wconf 75' lang='grc' dir='ltr'>μεγάλων</span> <span class='ocrx_word' id='word_1_414' title='bbox 1379 2729 1472 2758; x_wconf 54' lang='lat' dir='ltr'>meo:</span> <span class='ocrx_word' id='word_1_415' title='bbox 1496 2728 1557 2760; x_wconf 90' lang='lat' dir='ltr'>hoc</span> <span class='ocrx_word' id='word_1_416' title='bbox 1573 2738 1632 2767; x_wconf 88' lang='lat' dir='ltr'>est,</span> 
     </span>
     <span class='ocr_line' id='line_1_48' title="bbox 108 2766 1634 2809; baseline 0.005 -13"><span class='ocrx_word' id='word_1_417' title='bbox 108 2775 184 2796; x_wconf 85' lang='lat' dir='ltr'>mox</span> <span class='ocrx_word' id='word_1_418' title='bbox 199 2773 385 2805; x_wconf 83' lang='lat' dir='ltr'>sequuntur,</span> <span class='ocrx_word' id='word_1_419' title='bbox 401 2776 442 2797; x_wconf 84' lang='lat' dir='ltr'>ex</span> <span class='ocrx_word' id='word_1_420' title='bbox 461 2766 664 2799; x_wconf 85' lang='lat' dir='ltr'>collectaneis</span> <span class='ocrx_word' id='word_1_421' title='bbox 679 2767 775 2809; x_wconf 86' lang='lat' dir='ltr'>Regii</span> <span class='ocrx_word' id='word_1_422' title='bbox 791 2778 847 2799; x_wconf 83' lang='lat' dir='ltr'>ex·</span> <span class='ocrx_word' id='word_1_423' title='bbox 891 2767 942 2799; x_wconf 87' lang='lat' dir='ltr'>dis</span> <span class='ocrx_word' id='word_1_424' title='bbox 965 2768 1099 2808; x_wconf 78' lang='lat' dir='ltr'>magnis.</span> <span class='ocrx_word' id='word_1_425' title='bbox 1146 2768 1230 2799; x_wconf 87' lang='lat' dir='ltr'>Nam</span> <span class='ocrx_word' id='word_1_426' title='bbox 1254 2769 1404 2806; x_wconf 85' lang='lat' dir='ltr'>Doribus‚</span> <span class='ocrx_word' id='word_1_427' title='bbox 1428 2779 1464 2802; x_wconf 91' lang='lat' dir='ltr'>ut</span> <span class='ocrx_word' id='word_1_428' title='bbox 1485 2778 1518 2802; x_wconf 91' lang='lat' dir='ltr'>et</span> <span class='ocrx_word' id='word_1_429' title='bbox 1541 2773 1634 2804; x_wconf 87' lang='lat' dir='ltr'>Plato</span> 
     </span>
     <span class='ocr_line' id='line_1_49' title="bbox 107 2808 1632 2851; baseline 0.006 -12"><span class='ocrx_word' id='word_1_430' title='bbox 107 2808 260 2850; x_wconf 81' lang='lat' dir='ltr'>emplaris</span> <span class='ocrx_word' id='word_1_431' title='bbox 275 2808 443 2840; x_wconf 85' lang='lat' dir='ltr'>immutata</span> <span class='ocrx_word' id='word_1_432' title='bbox 455 2816 541 2841; x_wconf 82' lang='lat' dir='ltr'>sunt.</span> <span class='ocrx_word' id='word_1_433' title='bbox 572 2810 609 2841; x_wconf 88' lang='lat' dir='ltr'>L.</span> <span class='ocrx_word' id='word_1_434' title='bbox 892 2817 925 2842; x_wconf 90' lang='lat' dir='ltr'>et</span> <span class='ocrx_word' id='word_1_435' title='bbox 946 2811 1139 2842; x_wconf 80' lang='lat' dir='ltr'>Aristoteles</span> <span class='ocrx_word' id='word_1_436' title='bbox 1169 2818 1337 2851; x_wconf 82' lang='lat' dir='ltr'>testantur,</span> <span class='ocrx_word' id='word_1_437' title='bbox 1367 2812 1435 2845; x_wconf 77' lang='grc' dir='ltr'><strong><em>σιὸς</em></strong></span> <span class='ocrx_word' id='word_1_438' title='bbox 1465 2821 1514 2846; x_wconf 86' lang='lat' dir='ltr'>est</span> <span class='ocrx_word' id='word_1_439' title='bbox 1542 2815 1632 2848; x_wconf 81' lang='lat' dir='ltr'>deus.</span> 
     </span>
     <span class='ocr_line' id='line_1_50' title="bbox 152 2851 929 2894; baseline 0.005 -13"><span class='ocrx_word' id='word_1_440' title='bbox 152 2852 166 2871; x_wconf 85' lang='lat'>⁸</span> <span class='ocrx_word' id='word_1_441' title='bbox 202 2851 422 2890; x_wconf 69' lang='grc' dir='ltr'>Μεγαλεσιοὺς</span> <span class='ocrx_word' id='word_1_442' title='bbox 455 2853 624 2894; x_wconf 75' lang='lat' dir='ltr'>appellant]</span> <span class='ocrx_word' id='word_1_443' title='bbox 672 2853 735 2884; x_wconf 89' lang='lat' dir='ltr'>Ms.</span> <span class='ocrx_word' id='word_1_444' title='bbox 780 2858 846 2885; x_wconf 84' lang='lat' dir='ltr'>Me·</span> <span class='ocrx_word' id='word_1_445' title='bbox 891 2854 929 2885; x_wconf 90' lang='lat' dir='ltr'>L.</span> 
     </span>
     <span class='ocr_line' id='line_1_51' title="bbox 110 2894 1634 2940; baseline 0.005 -14"><span class='ocrx_word' id='word_1_446' title='bbox 110 2895 318 2936; x_wconf 78' lang='lat' dir='ltr'>noycloyc.</span> <span class='ocrx_word' id='word_1_447' title='bbox 364 2894 502 2926; x_wconf 84' lang='lat' dir='ltr'>Videtur</span> <span class='ocrx_word' id='word_1_448' title='bbox 529 2895 702 2938; x_wconf 78' lang='lat' dir='ltr'>legendum</span> <span class='ocrx_word' id='word_1_449' title='bbox 733 2897 785 2937; x_wconf 91' lang='lat' dir='ltr'>(ut</span> <span class='ocrx_word' id='word_1_450' title='bbox 815 2904 848 2928; x_wconf 93' lang='lat' dir='ltr'>et</span> <span class='ocrx_word' id='word_1_451' title='bbox 933 2897 947 2917; x_wconf 86' lang='lat'><strong>⁹</strong></span> <span class='ocrx_word' id='word_1_452' title='bbox 964 2899 1120 2928; x_wconf 74' lang='lat' dir='ltr'>Candidus</span> <span class='ocrx_word' id='word_1_453' title='bbox 1138 2898 1280 2940; x_wconf 67' lang='lat' dir='ltr'>vestitu]</span> <span class='ocrx_word' id='word_1_454' title='bbox 1305 2899 1356 2931; x_wconf 86' lang='lat' dir='ltr'>De</span> <span class='ocrx_word' id='word_1_455' title='bbox 1378 2900 1496 2933; x_wconf 77' lang='lat' dir='ltr'>vestitu</span> <span class='ocrx_word' id='word_1_456' title='bbox 1511 2902 1634 2934; x_wconf 86' lang='lat' dir='ltr'>comico</span> 
     </span>
     <span class='ocr_line' id='line_1_52' title="bbox 109 2936 1216 2982; baseline 0.004 -14"><span class='ocrx_word' id='word_1_457' title='bbox 109 2936 144 2968; x_wconf 84' lang='lat' dir='ltr'>in</span> <span class='ocrx_word' id='word_1_458' title='bbox 172 2937 254 2969; x_wconf 79' lang='lat' dir='ltr'>Pith.</span> <span class='ocrx_word' id='word_1_459' title='bbox 276 2938 330 2969; x_wconf 83' lang='lat' dir='ltr'>lib.</span> <span class='ocrx_word' id='word_1_460' title='bbox 350 2938 554 2970; x_wconf 84' lang='lat' dir='ltr'>emendatum</span> <span class='ocrx_word' id='word_1_461' title='bbox 580 2938 665 2982; x_wconf 84' lang='lat' dir='ltr'>erat)</span> <span class='ocrx_word' id='word_1_462' title='bbox 689 2938 848 2979; x_wconf 73' lang='grc' dir='ltr'>μεγάλους</span> <span class='ocrx_word' id='word_1_463' title='bbox 890 2941 954 2972; x_wconf 87' lang='lat' dir='ltr'>vid.</span> <span class='ocrx_word' id='word_1_464' title='bbox 974 2940 1146 2972; x_wconf 85' lang='lat' dir='ltr'>Pollucem.</span> <span class='ocrx_word' id='word_1_465' title='bbox 1178 2941 1216 2972; x_wconf 89' lang='lat' dir='ltr'>L.</span> 
     </span>
    </p>
   </div>
  </div>
 </body>
</html>
