1852 3216
109 155 249 185 scinu
271 140 340 197 u.]

697 138 1064 183 PHORMIO.

1554 138 1643 181 597

166 231 367 274 Otiosum
387 230 444 273 ab
464 230 604 275 animo
616 245 629 272 ε
657 244 791 286 quum
809 229 878 272 ille
898 237 943 272 et
958 244 1062 272 cura
1080 236 1124 272 et
1144 236 1288 272 sumtu
1307 228 1562 279 absumitur,

167 296 286 338 Dum
307 297 384 338 tibi
405 296 459 338 sit
478 296 596 352 quod
612 294 805 352 placeat:
836 294 906 337 ille
926 295 1134 351 ringitur3
1167 302 1215 337 tu
1234 295 1376 337 rideas
1393 310 1403 337 ε

167 361 294 404 Prior
313 363 453 412 bibas,
473 363 592 418 prior
612 361 866 404 decumbas:

899 375 1023 402 coena
1043 361 1175 402 dubia
1194 361 1457 416 apponitur?

169 427 258 470 GE.
300 428 419 476 Quid
450 428 561 470 istuc
582 427 702 469 verbi
720 428 817 469 est?
869 425 954 468 PH.
979 425 1070 468 Ubi
1093 433 1140 468 tu
1160 426 1348 477 dubites,
1369 424 1475 481 quid
1496 439 1639 466 sumas

254 494 535 549 potissimum.

111 568 153 598 3ο
170 558 280 601 Haec
289 574 421 614 quum
437 559 643 600 rationem
659 558 793 608 ineas,
807 572 934 613 quam
951 557 1036 599 sint
1053 557 1212 608 suavia,
1223 564 1268 599 et
1284 572 1411 612 quarn
1419 571 1518 599 cara
1537 556 1641 604 sint3

169 625 238 666 Ea
257 625 331 680 qui
351 624 532 680 praebet,
550 638 637 665 non
658 631 705 665 tu
726 623 840 665 hunc
861 622 1022 665 habeas
1044 622 1170 678 plane
1190 630 1447 678 praesentem
1468 622 1641 664 Deum?

170 690 259 732 GE.
283 690 428 732 Senex
449 690 573 733 adest
590 706 600 731 :
634 690 729 731 vide
749 689 854 744 quid
875 704 1003 744 agas:
1034 688 1171 743 prima
1192 688 1374 730 coitio’st
1393 688 1636 730 acerrima:>

170 756 218 797 Si
237 771 331 798 eam
352 755 620 806 sustinueris,
641 754 812 811 postilla
826 755 930 810 jam,
951 761 1000 796 ut
1019 753 1154 804 lubet,
1174 752 1299 795 ludas
1320 753 1434 796 licet.

325 909 580 958 ACTUS
634 909 981 957 SECUNDI
1033 908 1286 956 SCENA
1335 909 1429 956 III.

528 1013 764 1045 DEMIPHo.
812 1013 951 1044 GETA.
994 1012 1229 1044 PHoRMlo.

230 1085 320 1135 EN,
338 1100 527 1141 unquam
548 1086 747 1140 cuiquam
767 1083 1113 1127 contumeliosius

166 1166 217 1197 26.
252 1167 386 1197 Otiosum
422 1167 461 1196 ab
497 1162 613 1204 animo]
642 1162 856 1202 Πλεονασμός.

115 1209 201 1240 Nam
227 1208 351 1240 addidit
373 1210 422 1245 ab,
443 1218 542 1249 quum
569 1207 729 1238 sufficeret
749 1210 857 1238 animo.

902 1163 1086 1194 communia
1101 1173 1174 1194 cum
1186 1162 1235 1200 iis,
1251 1162 1306 1204 qui
1321 1162 1440 1194 diversi
1457 1170 1533 1195 sunt
1545 1170 1646 1195 actus.

908 1209 968 1238 Ubi
978 1212 1010 1238 tu
1022 1208 1150 1242 dubites,
1164 1208 1238 1247 quid
1247 1218 1347 1237 sumas
1355 1206 1559 1248 potissimum]
1572 1208 1648 1238 Non

117 1255 216 1287 Quum
237 1254 288 1283 itte
310 1263 384 1283 cura
405 1257 436 1283 et
457 1256 556 1282 sumtu
571 1249 756 1291 absumitur]
776 1252 859 1281 Cura
898 1252 1010 1290 potius,
1023 1249 1079 1281 sed
1092 1252 1277 1289 potissimum
1293 1249 1393 1280 dixit:
1417 1250 1499 1281 utin
1513 1261 1548 1282 re
1560 1250 1649 1282 omni

117 1296 153 1327 in
166 1295 361 1337 apparando,
377 1300 477 1325 sumtu
492 1294 526 1325 in
541 1293 725 1324 coemendo.
759 1293 800 1324 D.

159 1339 211 1372 27.
235 1340 316 1369 Dum
334 1340 391 1369 tibi
405 1340 447 1369 sit
461 1339 540 1378 quod
549 1336 687 1377 placeat]
705 1336 861 1367 Acuenda

115 1392 181 1413 vox
198 1382 232 1412 in
249 1391 297 1418 eo,
314 1381 398 1423 quod
414 1381 459 1412 ait
474 1382 540 1411 tibi.
580 1380 624 1411 Et
639 1380 698 1411 hoc
715 1379 860 1410 eminen-

116 1432 166 1456 ter
181 1425 341 1465 adjectum
358 1431 415 1461 est,
433 1434 498 1454 non
513 1423 563 1454 sui
579 1433 699 1460 curam,
712 1423 769 1454 sed
784 1433 861 1453 con-

115 1469 263 1499 vivarum
285 1477 397 1509 gerere
412 1467 503 1498 illum
520 1466 574 1508 qui
587 1473 689 1497 vocat.
724 1467 781 1497 Ille
797 1469 862 1496 rin-

114 1515 211 1553 gitur,
235 1517 268 1542 tu
290 1510 409 1551 rideas]
433 1510 563 1541 Poetico
578 1510 687 1551 lepore
703 1516 736 1540 et
749 1509 863 1540 iisdem

117 1554 249 1597 syllabis
257 1554 384 1585 diversa
393 1553 608 1595 significantia
617 1552 863 1594 propeinvicem

118 1597 236 1641 posuit,
252 1599 387 1638 ringitur
402 1605 435 1628 et
449 1599 559 1627 rideas.
598 1598 655 1627 Ille
670 1597 813 1637 ringitur,
830 1601 863 1626 tu

117 1640 236 1682 rideas]
261 1640 382 1672 Varie:
420 1650 494 1671 nam
523 1639 767 1681 pronunciativo
786 1649 863 1669 con-

114 1684 298 1725 junctivum
314 1683 453 1714 miscuit.
493 1683 568 1714 Non
584 1683 670 1713 enim
690 1682 782 1718 dixit,
798 1684 862 1712 rin-

116 1733 221 1768 gatur.
266 1729 362 1768 Ringn·
383 1733 433 1758 est
451 1725 643 1757 stomachari
659 1725 802 1762 tacitum,
818 1731 867 1756 est

121 1770 208 1802 enim
219 1770 386 1801 translatio
401 1780 420 1800 a
435 1769 567 1800 canibus
579 1768 751 1799 latraturis.
781 1769 868 1799 D.—

121 1815 179 1845 IIIe
201 1812 352 1854 ringitur]
379 1813 451 1844 Hoc
467 1820 525 1849 est,
546 1812 710 1843 stomacho
725 1822 866 1842 commo-

121 1864 216 1888 vetur
231 1864 263 1888 et
278 1856 452 1887 iracundia.
482 1856 525 1886 Et
539 1854 614 1886 facit
629 1857 742 1895 ringor,
760 1855 793 1886 id
808 1862 866 1892 est,

119 1911 157 1931 os
167 1900 285 1941 aperio.
307 1899 400 1930 Unde
407 1901 510 1930 rictus.
524 1898 718 1929 E.—Uttibi
725 1905 866 1935 acuatur,

121 1944 201 1984 lege,
221 1945 299 1974 Dum
314 1945 363 1982 fit,
382 1945 439 1973 tibi
460 1944 538 1983 quod
558 1943 687 1981 placeat.
719 1941 815 1972 Certe
828 1943 869 1980 fit

121 1994 171 2018 est
186 1986 221 2017 in
238 1987 349 2017 Bemb.
364 1985 484 2016 Victor.
499 1992 531 2016 et
542 1985 666 2015 duobus
676 1984 803 2015 nostris.
828 1985 866 2015 Β.

166 2031 217 2061 28.
237 2029 328 2060 Prior
345 2031 438 2066 bibas,
452 2031 539 2068 prior
549 2027 723 2068 decumbas]
740 2027 813 2058 Hoc
827 2028 867 2058 ad

111 2072 350 2115 -procacitatem
373 2071 585 2114 parasitorum
609 2070 728 2102 retulit.
778 2070 868 2101 Prior

121 2115 297 2156 decumbas]
319 2115 386 2147 Cic.
406 2114 491 2151 alibi,
506 2115 598 2146 Verr.
615 2113 636 2145 i.
654 2115 704 2145 26.
742 2115 867 2145 Maturo

122 2162 254 2197 veniunt,
277 2160 485 2195 discumbitur,
507 2157 621 2199 inquit.
667 2159 759 2188 Coena
774 2159 868 2188 dubia

121 2201 300 2243 apponitur]
328 2202 370 2233 Et
395 2202 454 2232 hoc
475 2202 555 2232 adeo
571 2200 779 2242 parasiticum
795 2210 868 2231 ver-

123 2246 200 2277 bum
223 2252 282 2283 est,
302 2252 337 2276 ut
352 2245 386 2276 id
401 2255 466 2276 non
482 2243 643 2284 intelligat
657 2244 749 2274 Geta.
783 2243 870 2274 D.—

114 2291 215 2320 Prs'or
238 2291 332 2326 bibas,
350 2291 436 2329 prior
456 2285 643 2327 discumbas]
663 2287 743 2317 Haec
758 2286 870 2327 utique

123 2342 289 2363 servorum
320 2339 369 2363 est
395 2331 541 2372 quaedam
571 2330 712 2366 libertas,
743 2337 779 2360 ut
808 2329 870 2360 ista

123 2375 214 2416 prius
244 2374 306 2406 sibi
335 2381 499 2417 praestent.
545 2373 725 2404 E.—Coena
758 2372 869 2414 dubia]

125 2417 309 2449 Πανδαισία.
342 2417 551 2459 Aristophan.
568 2416 602 2447 in
620 2416 723 2447 Pace:
749 2415 872 2447 Πυκνὸν

126 2461 179 2492 καὶ
194 2460 313 2501 ’γοργὸν
327 2461 432 2501 ὥσπερ
446 2458 530 2500 μᾶζα
542 2459 594 2491 καὶ
605 2460 781 2491 πανδαισία.
808 2459 871 2490 Ubi

124 2503 190 2535 vid.
212 2503 317 2535 Schol.
343 2504 456 2535 Horat.
477 2503 531 2534 lib.
544 2503 577 2534 ii.
597 2503 661 2534 Sat.
678 2502 710 2533 ii.
730 2503 871 2535 76.—m·-

125 2549 188 2584 des,
211 2552 246 2577 ut
265 2549 399 2586 pallidus
420 2549 514 2578 omnis
538 2548 630 2578 Coena
651 2548 795 2586 desurgat
813 2548 869 2576 du-

127 2592 178 2621 bia
190 2593 206 2620 ?
231 2590 420 2631 Hieronym.
437 2590 477 2620 ad
494 2590 646 2620 Eustoch.
663 2589 703 2619 de
718 2588 869 2629 Virginit.

129 2635 229 2664 Castae
246 2638 389 2663 vocantur
409 2638 440 2663 et
462 2634 588 2670 Nonnae,
600 2637 670 2672 post
684 2643 797 2663 coenam
813 2634 870 2662 du-

125 2678 208 2707 biam
237 2677 395 2715 Apostolos
423 2677 581 2706 somniant.
626 2675 680 2705 Sic
712 2674 871 2706 Pacuvius

126 2719 213 2761 apud
226 2719 369 2750 Nonium
383 2718 417 2748 in
430 2727 543 2754 coris,
558 2720 584 2748 Ο
595 2720 778 2748 multimodis
789 2720 872 2749 varie

126 2764 250 2793 dubium
263 2767 293 2793 et
301 2772 475 2801 prosperum
490 2772 588 2801 copem
601 2762 688 2791 diem.
715 2760 870 2791 L.—Ma-

126 2806 183 2837 lim
193 2815 304 2836 versus
310 2814 415 2840 causa,
424 2805 515 2834 Prior
523 2805 607 2835 bibas
613 2808 656 2840 tu,
661 2805 755 2842 prior,
762 2808 818 2834 etc.
834 2803 870 2834 B.

171 2850 221 2880 29.
248 2847 331 2882 Quid
349 2850 427 2878 istuc
443 2848 526 2878 verbi
541 2852 587 2878 est
599 2845 633 2887 ?]
654 2846 699 2877 Ut
713 2845 873 2886 intelligat

126 2891 276 2934 populus,
304 2890 425 2922 idcirco
454 2900 519 2920 non
547 2889 710 2930 intelligit,
742 2897 775 2920 et
804 2889 874 2920 vult

122 2934 236 2966 doceri
252 2937 344 2965 Geta.
383 2933 534 2964 Ostendit
555 2938 664 2963 autem
686 2939 791 2974 poeta,
814 2942 874 2974 pro

127 2988 318 3020 unaquaque
342 2987 377 3009 re
402 2976 499 3008 verba
522 2975 653 3019 propria
672 2985 752 3014 esse,
769 2986 873 3017 neque

902 1293 974 1324 aliis
1006 1293 1069 1324 alia
1099 1299 1292 1324 monstraret
1320 1293 1455 1334 potiora.
1503 1294 1648 1331 Plautus,

906 1336 996 1367 Men.
1013 1336 1034 1366 i.
1054 1337 1080 1366 1.
1098 1337 1149 1368 27.
1173 1338 1320 1367 Standum
1335 1338 1424 1367 estin
1437 1338 1521 1374 lecto,
1533 1339 1561 1368 si
1576 1339 1652 1378 quid

904 1381 942 1410 de
956 1390 1067 1410 summo
1078 1384 1175 1419 petas.
1214 1379 1387 1413 D.—Quid
1406 1391 1507 1411 sumas
1524 1383 1649 1420 potissi-

905 1422 1001 1463 mum]
1020 1422 1173 1453 Priscian.
1191 1422 1244 1453 lib.
1262 1422 1307 1453 iii.
1341 1423 1376 1453 L.

950 1467 1000 1496 30.
1026 1467 1103 1496 Haec
1122 1477 1188 1496 cum
1209 1468 1326 1497 ratione
1347 1465 1447 1506 ineas]
1471 1466 1650 1507 Intelligas‚

906 1508 1054 1540 aestimes.
1096 1511 1192 1542 Quam
1207 1511 1269 1539 sint
1286 1511 1401 1546 suavia,
1418 1515 1448 1540 et
1468 1521 1556 1550 quam
1578 1521 1652 1541 cara

906 1551 984 1593 sint]
1012 1552 1170 1583 Nonnihil
1195 1552 1438 1594 philosophatus
1468 1560 1517 1584 est
1546 1559 1651 1594 poeta,

907 1595 1105 1626 ostendendo
1128 1595 1238 1626 multis
1259 1595 1371 1626 suavia
1393 1606 1463 1626 esse
1485 1606 1556 1636 quae
1577 1606 1653 1627 cara

908 1638 982 1670 sint.
1030 1637 1127 1678 Cara]
1156 1638 1270 1678 Magni
1292 1638 1398 1680 pretii.
1440 1639 1604 1670 D.·—-Haec
1625 1641 1654 1670 si

908 1693 974 1713 cum
995 1681 1129 1722 ratione]
1150 1682 1231 1712 Cum
1247 1682 1315 1712 haec
1331 1681 1431 1724 igitur
1445 1682 1570 1713 ratione
1585 1682 1651 1713 col-

909 1724 1035 1766 legeris,
1043 1735 1137 1765 quam
1145 1725 1211 1756 sint
1223 1725 1343 1762 suavia,
1356 1725 1426 1756 sine
1439 1725 1537 1756 dubio
1549 1725 1652 1763 illum,

910 1768 965 1809 qui
982 1768 1041 1799 tibi
1055 1768 1123 1799 haec
1138 1767 1322 1810 praebuerit,
1337 1775 1528 1810 praesentem
1546 1768 1654 1800 Deum

955 1811 1032 1842 teris
1053 1811 1230 1843 nominare.
1276 1811 1426 1842 E.—Pro
1441 1814 1559 1843 ratione
1575 1818 1653 1843 vett.

923 1854 984 1886 ibri
1000 1854 1115 1886 melius
1130 1855 1251 1885 habent
1265 1857 1419 1885 rationem.
1451 1855 1489 1885 B.

955 1899 1006 1929 31.
1027 1900 1077 1929 Ea
1099 1900 1152 1939 qui
1171 1899 1298 1938 praebet,
1319 1909 1377 1928 non
1398 1903 1431 1928 tu
1451 1899 1530 1929 hunc
1543 1900 1655 1929 habeas

906 1942 999 1981 plane
1011 1947 1189 1981 praesentem
1203 1943 1290 1972 deum
1302 1939 1335 1981 ?]
1351 1941 1424 1972 Hoc
1440 1947 1490 1972 est
1500 1941 1585 1982 quod
1599 1941 1656 1979 ait,

912 1985 976 2015 Imo
991 1986 1138 2016 enimvero
1151 1995 1235 2015 nemo
1247 1986 1324 2015 satis
1335 1995 1393 2024 pro
1407 1986 1512 2015 merito
1520 1987 1657 2025 gratiam

909 2030 976 2068 regi
988 2026 1089 2068 refert.
1126 2029 1196 2058 Non
1212 2032 1246 2058 tu
1260 2029 1338 2058 hunc
1348 2029 1459 2058 habeas
1470 2029 1562 2068 plane
1573 2039 1655 2068 77²·ae-

909 2077 1021 2102 sentem
1046 2073 1144 2102 Deum
1154 2069 1187 2111 t]
1213 2072 1382 2101 Praesentes
1407 2070 1463 2101 Dii
1491 2076 1576 2108 sunt,
1603 2071 1656 2102 vel

910 2113 966 2154 qui
981 2113 1132 2145 coluntur
1147 2120 1180 2144 et
1196 2113 1355 2150 videntur,
1371 2120 1408 2144 ut
1431 2113 1485 2144 Sol
1500 2121 1534 2144 et
1551 2114 1654 2145 Luna.

911 2156 978 2188 Alii
1000 2162 1178 2197 proesentem
1207 2167 1267 2198 pro
1290 2156 1515 2198 potentissimo
1537 2156 1657 2199 aecipi-

911 2207 990 2231 unt:
1014 2207 1051 2231 ut
1060 2200 1151 2242 Virg.
1164 2200 1282 2241 Georg.
1295 2199 1329 2231 ii.
1346 2200 1416 2233 127.
1433 2211 1490 2241 quo
1504 2211 1562 2231 non
1574 2211 1656 2241 ργα-

912 2246 1026 2274 sentius
1041 2245 1144 2275 ullum.
1178 2243 1219 2274 D.

956 2288 1007 2318 32.
1024 2288 1119 2318 Sene:
1134 2288 1220 2317 adest
1231 2298 1242 2316 .·
1264 2287 1331 2317 vide
1346 2287 1421 2327 quid
1433 2285 1526 2327 ogas]
1551 2286 1658 2318 Inter-

913 2330 1003 2361 venit
1026 2340 1126 2361 senex
1150 2328 1273 2360 ultimo.
1328 2330 1373 2360 Et
1402 2329 1541 2370 quidem,
1573 2329 1658 2370 quod

914 2379 1006 2404 extra
1025 2379 1251 2414 argumentum
1272 2382 1331 2414 per
1349 2372 1570 2404 inventionem
1594 2372 1660 2404 dici

913 2416 1030 2458 potuit,
1054 2423 1257 2447 consumtum
1278 2421 1336 2446 est.
1381 2417 1456 2446 Vide
1471 2417 1546 2457 quid
1565 2415 1659 2457 agas]

916 2460 991 2490 Non
1007 2459 1159 2490 terrentis
1174 2466 1232 2495 est,
1251 2458 1308 2490 sed
1328 2458 1509 2490 excitantis.
1554 2461 1661 2491 Prima

915 2505 1006 2534 coitio
1016 2508 1062 2533 est
1073 2502 1237 2542 acerrima]
1251 2501 1435 2533 Translatio
1446 2509 1495 2533 est
1507 2512 1526 2533 a
1538 2502 1660 2544 proelio.

916 2545 1002 2577 Nam
1015 2553 1047 2576 et
1062 2545 1215 2586 congredi
1230 2545 1359 2582 milites,
1382 2552 1415 2576 et
1436 2545 1523 2576 coire
1546 2545 1660 2577 dicun-

915 2595 977 2620 tur.
1010 2589 1204 2620 D.—Prima
1219 2590 1308 2619 coitio
1328 2593 1374 2619 est
1397 2587 1561 2629 acerrima]
1587 2588 1663 2621 sola

916 2632 974 2663 tibi
984 2631 1126 2674 inceptio
1134 2638 1167 2662 et
1177 2632 1342 2672 ingressus
1349 2639 1398 2662 est
1406 2631 1536 2669 arduus,
1546 2639 1663 2664 caetera

914 2685 974 2717 pro
989 2675 1197 2712 voluntatate,
1215 2682 1251 2705 ut
1266 2674 1437 2711 videbitur,
1454 2674 1580 2706 illudes.
1609 2675 1649 2706 E.

959 2719 1009 2749 33.
1035 2720 1069 2748 Si
1088 2729 1154 2749 eam
1171 2717 1367 2758 sustinueris]
1391 2717 1533 2749 Multum
1549 2719 1591 2750 de
1605 2718 1662 2750 illo

915 2760 1026 2801 exigit,
1038 2761 1166 2802 quando
1177 2771 1241 2791 non
1255 2760 1342 2797 dicit,
1355 2760 1382 2791 si
1394 2771 1468 2792 eum
1483 2761 1660 2804 repulerim

915 2804 972 2835 sed
982 2804 1090 2845 potius
1101 2803 1129 2834 si
1143 2814 1212 2834 eam
1226 2804 1427 2835 sustinueris.
1450 2806 1579 2836 Postilla
1581 2805 1662 2846 jam,

915 2852 951 2877 ut
962 2848 1052 2884 lubet,
1065 2849 1152 2878 ludas
1168 2846 1256 2887 licet]
1276 2847 1314 2878 In
1330 2847 1435 2878 officio
1445 2847 1578 2879 militari
1592 2858 1661 2880 om·

915 2900 957 2920 ne
973 2890 1139 2930 negotium
1155 2890 1207 2920 vel
1222 2900 1341 2931 pugna,
1355 2889 1407 2921 vel
1422 2890 1526 2922 ludus.
1559 2891 1600 2922 D.

962 2933 989 2963 1.
1003 2935 1053 2964 En
1062 2944 1192 2974 unquam
1207 2935 1345 2973 cuiquam
1353 2936 1591 2966 contumeliosius
1605 2946 1661 2966 au-

915 2977 1005 3008 distis
1019 2975 1141 3018 saetam
1165 2976 1328 3018 injuriam]
1341 2976 1401 3010 ,ln
1422 2977 1482 3010 hac
1502 2988 1611 3014 scena.
1627 2984 1665 3009 ut
