1852 3216
84 133 224 162 semu
244 118 297 174 1.]

670 116 1016 162 ADELPHI.

1530 117 1617 160 439

104 218 125 248 5
145 208 404 265 Exemplum
425 207 676 264 disciplinae.
728 207 807 250 SY.
831 207 950 250 Ecce
970 214 1114 248 autem
1131 205 1203 248 hic
1226 206 1351 248 adest

142 276 289 317 Senex
307 282 477 317 noster:
510 274 615 330 quid
635 273 714 316 fit?
745 273 850 329 quid
871 281 919 315 tu
939 288 986 315 es
1008 273 1175 314 tristis?
1235 271 1325 314 DE.
1348 271 1424 314 Oh
1446 271 1612 315 scelus!

142 344 220 386 SY.
245 343 360 393 Ohe,
377 343 466 398 jam
487 350 535 384 tu
554 343 686 384 verba
705 342 849 384 fundis
869 341 955 391 hic,
979 341 1214 397 sapientia?

141 412 231 454 DE.
250 411 364 453 Tun’
386 412 422 452 si
440 426 560 453 meus
579 412 728 453 esses?
773 409 853 452 SY.
875 410 958 452 Dis
978 409 1151 465 quidem
1171 423 1305 460 esses,
1334 408 1517 460 Demea,

142 478 211 521 Ac
232 486 348 520 tuam
367 493 456 520 rem
477 476 809 519 constabilisses.
842 475 933 517 Da.
956 473 1217 530 Exemplum
1237 475 1432 516 omnibus

86 553 127 584 ιο
143 543 350 586 Curarem
369 550 418 585 ut
434 558 568 585 esses.
613 542 691 584 SY.
705 541 1028 590 Quamobrem?
1050 540 1155 596 quid
1170 540 1285 583 feci?
1328 539 1417 582 Dr..
1432 540 1613 597 Rogas?

142 609 194 652 In
214 610 308 665 ipsa
329 610 470 659 turba,
492 617 621 664 atque
640 609 683 650 in
702 614 881 663 peccato
900 621 1114 656 maxumo,

143 675 278 724 Quod
299 676 370 717 vix
391 675 587 717 sedatum
607 674 709 715 satis
730 681 812 723 est,
832 673 1030 728 potastis,
1051 670 1206 719 scelus,

143 741 283 790 Quasi
302 756 349 783 re
368 742 479 783 bene
499 747 635 796 gesta.
687 739 765 782 SY.
789 739 902 781 Sane
919 737 1073 780 nollem
1092 736 1179 779 huc
1199 737 1374 779 exitum.

353 905 607 954 ACTUS
659 903 943 959 QUINTI
995 902 1247 951 SCENA
1283 903 1349 950 II.

552 1019 736 1052 DROMO.
772 1018 931 1051 SYRUS.
968 1017 1132 1050 DEMEA
1139 1038 1150 1049 .

146 1094 301 1136 Heus!
334 1093 457 1149 Syre,
475 1099 601 1148 rogat
620 1099 663 1134 te
685 1090 895 1147 Ctesipho
914 1097 964 1132 ut
981 1090 1151 1132 redeas.
1202 1089 1280 1131 SY.
1303 1089 1408 1132 Abi.

145 1160 235 1202 DE.
268 1159 388 1208 Quid
419 1157 727 1214 Ctesiphonem
755 1157 826 1199 hic
854 1158 1032 1198 narrat?
1083 1155 1162 1197 SY.
1194 1155 1332 1198 Nihil.
1392 1155 1483 1199 DE.
1516 1156 1619 1200 Eho

231 1224 453 1273 carnufex,

146 1294 232 1336 Est
252 1293 462 1349 Ctesipho
481 1293 629 1334 intus?
679 1291 757 1333 Se.
774 1291 880 1333 Non
899 1297 981 1332 est.

1033 1288 1123 1331 Dr..
1142 1288 1233 1331 Cur
1253 1288 1324 1331 hic
1343 1290 1561 1333 nominat?

147 1359 227 1402 SY.
248 1359 335 1401 Est
354 1358 462 1400 alius
481 1358 670 1413 quidam,
690 1357 970 1412 parasitaster
989 1353 1214 1410 parvolus:

133 1451 163 1480 5.
177 1450 355 1489 Eae-plum
365 1449 555 1488 disciplinae.
552 1446 579 1488 ¹]
596 1446 682 1482 Quia
694 1456 778 1477 unus
789 1456 831 1477 ex

90 1492 202 1524 multis
216 1491 358 1533 reliquis.
391 1493 443 1522 An
459 1490 534 1531 quia
545 1490 662 1526 senior,
679 1496 713 1520 et
727 1499 831 1531 nuper

90 1536 188 1567 etiam
209 1535 413 1577 paedngogus,
438 1542 475 1565 ut
500 1533 569 1575 ipse
592 1533 648 1570 ait,
669 1532 763 1568 Quem
778 1544 832 1573 ego

222 1579 769 1618 munuminmmn'busgestavimeie.
787 1576 829 1607 D.

133 1623 163 1653 6.
176 1621 322 1661 Qeu‘dfit.
317 1624 331 1644 ⁷
345 1622 421 1662 qnid
431 1626 465 1651 eu
477 1632 508 1651 es
524 1622 623 1651 tristis
630 1619 664 1661 .⁷]
683 1619 770 1651 Mire
780 1629 831 1650 se-

88 1665 260 1697 curitatem
282 1664 365 1696 ebrii
385 1664 438 1695 hic
460 1663 640 1705 expressit:
676 1662 831 1703 numquid

89 1708 177 1740 enim
201 1707 401 1751 pertimescit
424 1707 645 1738 interventum
673 1706 770 1744 senis,
798 1713 835 1737 ut

90 1752 223 1789 solebat,
246 1751 370 1793 Syrus?
393 1758 450 1782 aut
464 1750 635 1792 quicquam
650 1751 832 1791 praecavet?

90 1794 325 1826 Subblanditur
340 1801 475 1830 tantum,
486 1800 519 1824 et
534 1793 579 1824 ita
594 1803 703 1824 rerum
716 1793 835 1824 oblitus

92 1845 152 1876 est,
174 1845 212 1870 ut
233 1848 331 1879 quum
354 1847 428 1868 eum
451 1847 572 1868 saevum
593 1836 683 1874 sciat,
706 1846 836 1867 musam

91 1881 233 1913 tristitie
247 1882 317 1921 ejus
331 1880 481 1921 inquirat.
514 1880 555 1911 D.

137 1924 167 1958 7.
187 1926 233 1956 Τιι
247 1926 338 1956 verba
344 1923 455 1964 fundis
469 1925 519 1954 hic
532 1921 700 1964 sapientia]
718 1921 836 1953 Utrum

90 1969 383 2009 eqientiaverba?
419 1977 461 1998 an
492 1972 525 1998 tec
554 1968 730 2006 sapientia?
760 1965 837 2006 quia

91 2011 177 2043 dixit
197 2021 305 2054 supra,
332 2012 378 2042 Tu
399 2015 530 2051 quantus
551 2014 681 2051 quantae
698 2020 739 2046 es,
759 2010 838 2039 nihil

92 2058 155 2087 ne'st
168 2057 320 2095 sapientia
329 2065 370 2086 ee.
397 2052 532 2094 Fudit]
549 2053 677 2089 Utrum,
687 2052 758 2083 sine
769 2051 836 2083 ulla

92 2098 270 2130 cessatione
283 2097 425 2140 profers!
448 2098 502 2128 An
514 2098 639 2137 perdis?
657 2095 835 2127 secundum

91 2141 183 2179 illud,
207 2143 289 2173 Nan
310 2143 386 2182 qnid
406 2146 440 2172 tu
461 2142 511 2171 hic
531 2151 616 2181 agas,
639 2141 692 2170 etbt'
712 2141 741 2170 ei
762 2140 838 2180 quid

93 2186 162 2217 bom·
186 2187 362 2225 praece'pe'as,
390 2195 473 2215 neno
499 2185 718 2231 obtemperatz
749 2183 837 2213 D.—

94 2228 269 2270 Distingue
290 2235 365 2271 post
377 2227 470 2268 jam.-
499 2234 536 2258 ιιι
557 2236 671 2258 sensus
692 2225 744 2262 sit,
764 2226 836 2257 Obe

89 2281 158 2346 ,ἐξ
170 2272 292 2303 desine.
311 2271 420 2346 1ξΙιιιιε
432 2281 451 2302 e
462 2270 582 2302 nostris
598 2280 663 2301 non
679 2269 762 2300 male
777 2269 835 2300 ha-

138 2359 168 2389 8.
182 2360 242 2389 De'e
253 2360 373 2399 quiden
384 2369 473 2394 essee,
483 2355 614 2397 Demea]
632 2356 684 2387 Ab
699 2366 738 2387 eo
753 2355 838 2396 quod

95 2407 145 2431 est
166 2400 540 2439 Dis,dite's,de'tesfacit:
564 2401 659 2431 abeo
680 2399 765 2441 quod
789 2406 838 2430 est

95 2445 199 2482 Deus,
229 2446 345 2482 ames,
375 2446 492 2475 αευειω.
532 2444 689 2475 12.—Dis
719 2444 838 2484 quiden

95 2497 183 2524 essee,
206 2487 337 2529 Demea]
360 2487 407 2518 Ut
427 2487 470 2519 sit
491 2486 675 2523 declinatio,
704 2486 756 2517 hic
777 2488 835 2523 dis,

96 2529 192 2570 liujus
206 2530 292 2562 ditis.
323 2530 522 2562 R—Plures
539 2537 573 2562 et
586 2530 736 2561 meliores
750 2529 835 2567 libri,

100 2574 370 2605 Tui-ensesue.
394 2574 504 2605 Recte.
529 2573 615 2604 Nam
629 2573 838 2604 continuatur

96 2616 209 2654 oratio,
357 2618 491 2648 ontibus
498 2627 635 2648 eene-arene
647 2622 778 2647 estsexe.
796 2616 834 2647 B.

142 2660 191 2690 10.
207 2661 428 2708 Quamobrem?
446 2658 591 2700 quidseci
600 2658 633 2699 ?]
648 2658 739 2690 Nihil
751 2669 837 2690 nunc

95 2702 131 2734 in
147 2703 229 2745 Syro
243 2702 306 2734 nisi
321 2702 459 2744 simplex
479 2708 513 2733 et
531 2712 648 2743 purum
669 2703 711 2733 ob
733 2701 837 2733 ebrie-

97 2752 205 2778 tatem.
246 2746 291 2777 Et
311 2745 395 2782 vide,
414 2744 628 2780 Quamobrem.
623 2747 637 2767 ⁹
661 2743 838 2786 quidseci?

95 2789 213 2828 dicere,
230 2799 295 2820 non
311 2799 382 2820 esse
397 2788 496 2819 sobrii
512 2787 594 2829 Syri.
627 2788 669 2819 D.

143 2834 254 2864 11.1n
275 2835 343 2873 e'pea
365 2830 471 2872 turba]
491 2831 568 2862 Non
583 2831 691 2862 minus
704 2829 841 2861 ridicula

96 2875 325 2918 importunitas
348 2875 481 2906 Demeoe
502 2880 561 2911 est,
583 2884 680 2915 quam
701 2873 839 2905 ebriem

97 2919 191 2961 Syri:
229 2919 285 2960 qui
307 2918 478 2950 adversum
500 2917 712 2949 temulentum
742 2923 840 2947 tanae

96 2963 264 3003 gravitatis
284 2962 428 2994 oratione
443 2967 604 3003 personat,
620 2967 658 2992 ut
672 2970 713 2992 ex
728 2959 838 2992 dicen·

874 1445 917 1477 tis
932 1444 1026 1476 vultu
1040 1451 1073 1476 et
1087 1444 1204 1482 verbis,
1221 1450 1255 1475 et
1270 1454 1312 1475 ex
1326 1444 1488 1476 audientis
1506 1445 1622 1477 habitu

874 1496 908 1520 et
922 1496 1054 1530 stupore
1067 1498 1218 1529 magnam
1229 1487 1427 1529 voluptatem
1438 1489 1621 1531 percipiant

874 1539 1089 1574 spectatores.
1122 1531 1212 1562 vides
1234 1531 1322 1562 enim
1342 1539 1463 1572 quanto
1477 1533 1621 1574 pondere

875 1575 1045 1606 verborum
1060 1584 1134 1606 cum
1150 1573 1240 1606 ebrio
1254 1573 1370 1615 litiget.
1404 1575 1445 1606 D.

922 1620 971 1650 12.
994 1619 1140 1655 Potastie,
1156 1616 1271 1658 scelus]
1288 1617 1318 1648 N
1322 1628 1365 1649 on
1377 1618 1463 1659 quod
1478 1618 1552 1660 plus
1570 1619 1620 1650 vi·

876 1661 931 1693 det
956 1672 1067 1698 senex,
1094 1671 1191 1702 quam
1221 1660 1372 1701 objicitur
1400 1661 1502 1693 oculis
1517 1674 1526 1693 ι
1564 1662 1623 1694 sed

876 1705 1015 1737 oratorie
1023 1707 1163 1745 potastis,
1173 1704 1266 1742 dixit,
1276 1715 1376 1745 quum
1385 1715 1486 1736 unum
1496 1705 1623 1737 ebrium

876 1755 1006 1780 cernat:
1029 1756 1163 1790 propter
1178 1747 1258 1779 illud
1272 1747 1357 1788 quod
1373 1747 1429 1786 ait,
1445 1750 1623 1789 Brea-plen

877 1793 1046 1832 disc-'plinae
1056 1804 1067 1822 .·
1090 1791 1181 1832 quasi
1196 1790 1230 1822 in
1246 1791 1396 1822 omnibus
1415 1791 1468 1828 sit,
1484 1792 1571 1832 quod
1587 1791 1623 1824 in

878 1845 944 1866 uno
953 1845 1038 1866 nunc
1048 1834 1212 1876 aspicitur.
1229 1833 1320 1875 Virg.
1330 1834 1406 1865 AEn.
1414 1834 1447 1865 ii.
1456 1835 1508 1865 65.
1521 1837 1622 1866 eteri-

878 1881 957 1909 ne'ne
979 1879 1019 1909 ab
1038 1889 1096 1909 uno
1115 1879 1208 1908 Disce
1227 1888 1333 1908 onnes.
1366 1877 1575 1909 D.—Faerni
1590 1884 1625 1910 et

879 1921 981 1952 nostri
992 1931 1105 1952 omues
1114 1919 1206 1951 codd.
1218 1920 1340 1951 habent
1347 1927 1435 1951 recte
1441 1923 1566 1961 potasti.
1583 1921 1623 1953 B.

925 1965 973 1995 13.
990 1966 1068 1995 Sane
1082 1965 1189 1995 nouem
1202 1965 1260 1994 huc
1270 1962 1402 2005 exitum]
1420 1964 1464 1995 Et
1477 1964 1538 1995 hoc
1553 1964 1623 1996 dic-

878 2013 948 2038 tum
970 2013 1159 2049 argumento
1182 2013 1240 2044 est,
1257 2006 1374 2047 Syrum
1397 2007 1532 2038 oblitum
1551 2018 1623 2039 οιιι-

878 2051 968 2082 nium
1001 2060 1110 2082 rerum
1143 2049 1225 2081 nihil
1254 2049 1459 2091 respondisse
1489 2051 1624 2083 Demeoe

878 2104 937 2135 per
951 2093 1129 2125 fallaciam:
1155 2092 1212 2124 sed
1227 2093 1450 2124 tantummodo
1464 2094 1625 2136 poenitere

878 2137 964 2178 quod
976 2136 1101 2168 exierit.
1121 2137 1326 2167 D.-—Nouen·
1339 2138 1398 2167 huc
1408 2136 1539 2179 exitum]
1556 2137 1623 2170 Mn.

879 2181 921 2212 R.
937 2182 1043 2212 nollem
1057 2182 1136 2211 huns
1151 2181 1272 2211 etiem
1305 2179 1342 2210 1..

925 2225 952 2255 l.
969 2226 1055 2255 Heus
1065 2226 1079 2254 Ι
1094 2221 1187 2264 Syre]
1198 2223 1303 2258 Quam
1312 2222 1398 2254 clare
1407 2221 1503 2261 dicat,
1514 2229 1623 2256 osten-

878 2267 967 2299 ditur
979 2277 1021 2298 ex
1034 2277 1073 2298 eo
1084 2266 1169 2307 quod
1185 2265 1343 2308 praemisit
1356 2268 1438 2303 heus,
1451 2273 1625 2308 antequam

880 2309 1074 2352 loqueretur.
1093 2308 1250 2350 Ctesipho]
1260 2309 1498 2341 Mireadditum
1505 2320 1625 2343 nomen

880 2361 947 2385 est:
976 2364 1075 2395 quum
1098 2360 1153 2384 aut
1175 2352 1246 2384 siue
1266 2352 1338 2390 hoc,
1357 2358 1413 2383 aut
1430 2362 1490 2394 per
1503 2363 1624 2395 prono-

881 2407 956 2429 men
971 2397 1109 2438 intelligi
1124 2395 1227 2438 possit
1242 2395 1407 2437 Ctesipho.
1443 2397 1486 2427 Ut
1498 2397 1624 2439 γνώω]

879 2443 1000 2473 Redeas
1009 2440 1157 2477 dicendo,
1166 2439 1309 2471 ostendit
1319 2446 1353 2470 et
1360 2438 1474 2470 illum
1463 2445 1551 2471 mter
1564 2450 1625 2482 po-

878 2484 960 2522 cula,
970 2495 989 2515 a
998 2494 1061 2525 quo
1072 2493 1221 2525 egressus
1232 2489 1281 2514 est
1292 2481 1410 2513 ebrius.
1427 2482 1469 2513 D.
1470 2484 1602 2515 —Hm
1609 2488 1625 2517 t

880 2530 966 2569 Syre,
988 2533 1077 2569 rogat
1099 2532 1128 2558 te
1152 2527 1302 2566 Ctesipho,
1325 2530 1360 2556 eat
1386 2524 1510 2567 redeas]
1538 2526 1627 2560 Puer

879 2571 997 2603 missus
1008 2581 1028 2602 a
1040 2570 1238 2612 ctesiphone
1247 2568 1481 2606 adolescente,
1471 2578 1626 2610 ignotam

879 2622 1006 2657 patrem
1017 2621 1222 2663 praesentem,
1235 2619 1365 2644 revocat
1381 2612 1508 2653 Syrum,
1524 2619 1559 2645 et
1572 2613 1624 2646 di-

880 2658 934 2694 cit,
950 2668 986 2689 se
1001 2656 1135 2688 missum
1148 2666 1167 2687 a
1182 2655 1398 2697 ctesiphone:
1427 2661 1473 2693 ut,
1489 2666 1626 2698 cog-no.-

880 2708 933 2732 cat
957 2700 1043 2742 (hinc
1057 2702 1098 2739 fit
1120 2705 1155 2730 eat
1179 2710 1262 2739 cogn.
1279 2698 1330 2730 vel
1345 2697 1482 2739 legas&
1500 2711 1625 2741 eognos-

882 2747 925 2776 eit
938 2742 992 2784 Z.)
1004 2749 1097 2784 pater
1107 2742 1197 2774 intus
1208 2752 1279 2772 esse
1292 2741 1404 2778 filium,
1416 2741 1626 2776 vehementer

882 2787 1042 2823 irascitur,
1052 2786 1138 2816 intro
1149 2785 1197 2816 ire
1208 2784 1343 2826 cupiens
1356 2791 1485 2817 tenetur
1496 2795 1516 2817 a
1529 2796 1625 2819 servo

882 2841 952 2880 suo,
974 2829 1041 2867 sed,
1063 2828 1189 2870 impetu
1210 2827 1303 2866 facto,
1329 2827 1496 2870 ingreuus
1519 2829 1625 2863 filium

882 2873 971 2905 intus
986 2883 1056 2904 me
1071 2871 1232 2913 cognovit.
1264 2871 1303 2903 E.

925 2918 956 2947 4.
979 2918 1039 2948 Bet
1059 2917 1141 2947 alins
1160 2916 1295 2956 quidam,
1319 2917 1527 2956 parasitaster
1546 2928 1625 2957 pan·-

882 2958 981 3000 volae]
1013 2959 1090 2991 Non
1111 2958 1193 2990 alius
1214 2957 1431 3000 parasitaster,
1456 2959 1515 2991 sed
1542 2960 1625 2993 alius
