1852 3216
619 122 691 166 IN
730 121 1104 165 HECYRAM.

1531 124 1612 167 471

207 214 270 258 Ut
288 215 434 257 lubeat
454 212 767 264 scriberealiis,
788 212 979 268 mihique
1000 219 1048 254 ut
1068 212 1235 255 discere

205 281 355 323 Novas
375 282 593 336 expediat,
613 279 794 335 posthac
813 279 954 335 pretio
971 286 1108 321 emtas
1127 292 1237 321 meo.

281 456 537 506 ACTUS
582 456 811 505 PRIMI
862 456 1117 504 SCENA
1162 455 1425 505 PRIMA.

637 582 869 614 PHILOTIS.

928 582 1065 614 SYRA.

206 667 306 709 sz
327 666 401 723 pol
421 681 548 722 quam
567 681 729 722 paucos
750 666 938 722 reperias
958 665 1254 708 meretricibus

206 731 370 775 Fidelis
391 732 561 774 evenire
580 740 806 782 amatores,
829 732 953 787 Syra.

206 797 293 842 Vel
310 797 381 840 hic
402 796 653 852 Pamphilus
668 798 846 852 jurabat
866 797 1035 852 quoties
1056 796 1282 848 Bacchidi,

93 894 233 925 fabulam
270 893 520 925 commentarius
558 892 697 934 primum
727 892 834 924 editus

93 944 143 969 est
158 948 175 968 e
193 937 256 969 Ms.
273 947 333 979 per
347 935 615 968 Westerhovium.
634 935 699 975 Ζ.).
732 936 770 967 Ε.

136 982 188 1012 48.
223 982 265 1012 Ut
291 981 384 1011 libeat
409 981 541 1011 seribere
567 978 657 1020 aliis]
686 979 835 1010 Oratorie

94 1021 156 1055 ὰπὸ
165 1025 224 1062 τῆς
232 1023 433 1055 ἐΟΑΤΗοδ
446 1021 611 1064 (ἰσότητος
622 1022 657 1053 Β.
664 1022 687 1062 ).
704 1024 724 1043 ⁸
737 1024 835 1053 Mihi-

93 1078 150 1108 que
179 1072 215 1098 at
242 1068 357 1098 discere
386 1077 476 1097 novae
504 1064 661 1106 expediat]
699 1066 835 1108 Proprie

91 1112 226 1142 affecere.-
256 1110 352 1141 docet
375 1109 463 1140 enim
486 1115 591 1151 poem,
613 1108 710 1140 discit
728 1109 834 1140 sceni-

93 1164 160 1185 cus.
200 1153 334 1185 D.—Ut
356 1151 467 1194 libeat]
497 1152 560 1184 Ms.
587 1152 627 1183 R.
658 1154 700 1184 Ue
724 1154 835 1184 lubeat.

94 1196 244 1228 L—Pro
257 1198 330 1227 aliis
344 1195 586 1227 rescribendum
601 1206 719 1227 censeo
734 1197 836 1231 alias,-

92 1250 211 1282 nempe
230 1246 268 1271 ιιι
289 1239 445 1271 Terentio
465 1238 575 1270 lubeat
596 1238 737 1270 scribere
758 1241 838 1270 alias

93 1294 193 1315 πουας.
238 1283 292 1314 Sic
314 1293 413 1324 supra
431 1292 514 1314 vers.
533 1283 582 1313 10.
605 1282 746 1314 occurrit
759 1284 838 1313 alias

94 1328 210 1358 discere
235 1338 336 1358 novas.
380 1326 426 1357 Et
456 1325 519 1356 Ad.
551 1325 637 1356 Prol.
662 1326 713 1356 25.
741 1331 838 1366 poetae

95 1375 327 1444 ωῗῖιηίσῖυἶῗ
342 1369 659 1452 ἶᾊέἕᾙᾟωῗῇω]
687 1411 740 1442 Ab
765 1410 838 1442 utili

94 1455 332 1497 argumentatio
354 1461 412 1486 est.
453 1455 496 1486 Et
517 1455 609 1492 bene,
625 1460 660 1486 ut
674 1456 838 1494 expediat.-

96 1505 249 1540 tanquam
264 1498 407 1530 facturus
420 1498 472 1534 sit,
486 1505 519 1529 et
529 1497 555 1529 si
571 1508 637 1528 non
648 1498 839 1540 expedierit,

96 1541 174 1573 dum
196 1549 352 1583 quaestum
376 1541 553 1572 maximum
575 1540 697 1572 servire
718 1541 839 1582 populo

95 1591 199 1627 putat.
243 1586 350 1616 Pretio
364 1589 460 1616 emtas
480 1583 559 1624 meo]
577 1584 806 1615 AEstimatione
820 1594 840 1615 a

94 1638 148 1660 me
177 1628 271 1666 facta,
297 1635 453 1669 quantum
482 1627 609 1658 AEdiles
635 1627 771 1658 darent:
807 1634 840 1658 et

94 1671 233 1714 proinde
247 1681 301 1703 me
315 1670 529 1714 periclitante,
543 1671 571 1702 si
586 1671 710 1710 abjecta
723 1670 839 1708 fabula,

97 1725 118 1746 a
132 1725 184 1746 me
198 1715 351 1757 pretium,
367 1714 453 1755 quod
467 1722 572 1756 poetae
587 1714 839 1751 numeraverint,

96 1765 256 1798 repetant.
416 1769 488 1795 meo,
512 1768 533 1788 a
555 1767 608 1788 me
627 1757 722 1793 facto,
743 1767 764 1788 a
789 1767 840 1788 me

97 1808 228 1833 statuto.
274 1801 361 1832 Nam
376 1801 535 1842 quomodo
550 1800 626 1831 alibi
642 1800 736 1838 dixit,
754 1807 839 1841 post-

97 1856 187 1886 quam
195 1846 300 1876 aediler
312 1849 447 1876 emerant
459 1847 475 1875 ,7
509 1844 555 1874 Et
568 1844 660 1881 bene,
674 1850 710 1874 ut
724 1854 837 1885 sequa-

97 1895 152 1919 tur
172 1887 313 1930 populus
329 1887 490 1928 judicium
506 1889 584 1927 ejus,
602 1886 656 1927 qui
679 1887 839 1919 aestimare

98 1941 174 1963 vere
189 1930 313 1962 fabulas
334 1931 485 1972 potuerit.
531 1933 636 1962 Pretio
650 1936 745 1962 emtas
758 1930 839 1972 meo]

98 1974 147 2006 Ut
160 1974 289 2015 quidam
307 1974 429 2010 volunt,
442 1975 588 2014 periculo.
619 1974 660 2004 D.

144 2019 172 2049 1.
186 2019 249 2049 Per
260 2019 313 2058 pol
326 2029 415 2058 quam
425 2028 539 2057 pancos
550 2019 686 2057 reperias
699 2019 838 2048 meretri-

98 2062 184 2093 eibae
206 2059 329 2102 fidelis]
357 2060 451 2092 Novo
477 2070 596 2101 genere
625 2060 679 2091 hic
705 2068 840 2102 utraque

98 2101 669 2189 ἷᾟῶἣῖἓόέζοῖωέἒέῃῗζὶ
687 2104 843 2188 .ῗέᾘῖ

98 2197 246 2228 mentum
261 2191 386 2222 fabulae.
432 2190 507 2221 Hoc
521 2196 629 2221 autem
648 2190 763 2221 maluit
777 2191 841 2221 Te·

98 2234 235 2272 rentius,
249 2245 346 2275 quam
361 2240 418 2265 aut
431 2244 491 2275 per
513 2233 681 2275 prologum
697 2241 843 2265 narraret

99 2284 335 2319 argumentum,
351 2284 409 2308 aut
420 2276 491 2308 θεὸν
505 2276 567 2308 ἀπὸ
577 2278 726 2316 μηχανῆς
746 2276 841 2308 ἰιιάιι-

99 2327 190 2352 eeret
202 2320 300 2361 loqui.
331 2322 395 2352 Per
402 2322 455 2360 pol
464 2331 553 2361 quan
563 2331 677 2360 paucos
689 2320 841 2369 reperias]

103 2363 167 2394 11ae
190 2374 337 2405 personae
360 2363 507 2395 Terentii
528 2373 617 2394 more
641 2363 842 2395 extrinsecus

101 2413 318 2444 aestimantur,
333 2414 370 2438 ut
391 2406 438 2438 sic
459 2406 642 2448 argumenti
664 2407 841 2438 obscurita-

101 2456 168 2480 tem
179 2455 341 2491 spectator
351 2449 492 2491 effug-iat.
529 2452 592 2482 Per
601 2451 654 2490 pol
666 2461 755 2491 qaam
762 2462 842 2490 paa-

102 2490 168 2532 cos]
186 2492 518 2524 Animadvertendum
534 2501 584 2524 est
598 2493 633 2524 in
651 2493 710 2524 hac
726 2493 841 2531 fabula,

102 2534 292 2566 Terentium
318 2536 436 2567 bonam
462 2535 665 2567 meretricem
690 2536 841 2567 inductu-

102 2588 185 2614 rum,
202 2587 244 2609 ne
258 2577 292 2609 id
303 2585 416 2610 contra
429 2589 551 2610 morem
566 2579 713 2610 videatur
728 2579 843 2617 facere,

102 2620 200 2652 etiam
213 2620 308 2652 aliam
324 2621 526 2653 meretricem
538 2632 602 2653 non
615 2621 731 2653 malam
746 2622 843 2653 indu-

102 2674 200 2695 cere:
224 2671 262 2695 ut
282 2663 317 2695 id
331 2664 489 2706 exemplis
510 2664 568 2696 fiat
588 2664 706 2703 tritius,
729 2672 762 2696 et
784 2676 844 2696 usu

102 2707 288 2739 verisimile.
333 2708 396 2738 Per
414 2709 468 2747 pol
491 2718 582 2748 qm
597 2707 728 2749 pancos]
756 2708 846 2740 Ordo

104 2756 164 2787 est.
188 2751 246 2782 Pac
264 2761 320 2790 per
334 2760 424 2791 quan·
442 2761 555 2790 paucos
568 2753 714 2790 reperias.
759 2750 845 2782 Nam

98 2805 158 2835 per
169 2795 231 2834 pol,
247 2803 312 2824 non
326 2800 376 2824 est
388 2793 552 2830 Latinum,
565 2792 622 2824 sed
637 2793 719 2824 κατὰ
730 2794 847 2832 rufio-w

99 2848 257 2878 perquam,
279 2836 315 2867 id
338 2843 397 2873 est,
420 2836 522 2867 nimio
542 2835 647 2876 (uinis
670 2835 725 2875 Z.)
750 2838 847 2870 Quam

98 2879 230 2921 pancos]
253 2879 394 2929 Quidam
416 2890 482 2911 non
510 2891 631 2919 paucos,
659 2879 716 2910 sed
738 2891 847 2919 ραααις

102 2923 225 2965 legunt.
260 2922 313 2954 Sic
324 2922 411 2955 enim
426 2922 642 2964 Apollodorus
653 2922 844 2954 αλπαΙΕΙ-ῐ-

104 2966 188 2998 PAs
210 2966 305 2998 THC
329 2966 385 2998 rel
414 2966 597 2998 loNHNc
622 2965 847 2998 THPAICCI

878 893 1109 932 ΡΑτγὼαΙυΟ
1138 895 1158 915 ⁸
1189 891 1349 934 (οὐδέποτ’
1380 894 1515 935 ἐραστὴς
1550 897 1620 928 ταῖς

878 937 915 967 ὃν
1019 949 1030 967 ι
1042 934 1162 974 συνέβη
1176 935 1316 972 βέβαιος.
1350 937 1429 969 Tan.
1449 938 1525 970 Fab.
1544 939 1619 970 Me-

877 979 941 1011 lius
957 990 1034 1011 vero
1057 979 1235 1016 Bentleiu&
1251 979 1397 1019 Ὀλίγαις
1412 982 1547 1021 ἐραστὴς
1567 981 1624 1021 γέ-

878 1024 947 1062 γον’
966 1021 1127 1063 ἑταίραισι,
1145 1022 1237 1062 Σύρα,
1253 1021 1393 1059 βέβαιος.
1414 1024 1479 1066 Ζ..)
1523 1027 1624 1066 Repe-

878 1065 960 1107 νίας]
990 1066 1114 1107 Aptum
1138 1067 1272 1097 verbum
1297 1067 1339 1097 ad
1358 1067 1534 1099 raritatem.
1580 1069 1625 1100 Et

879 1108 953 1140 ideo
975 1119 1040 1140 non
1056 1109 1140 1140 dixit
1160 1112 1251 1150 pauci
1266 1115 1345 1147 sunt,
1363 1111 1420 1142 sed
1438 1123 1552 1151 paucos
1572 1124 1622 1143 re-

876 1154 1005 1193 perias.-
1027 1153 1118 1193 quasi
1140 1163 1297 1194 quaerens.
1344 1154 1420 1185 Non
1443 1161 1551 1186 autern
1571 1166 1625 1186 re-

879 1196 1014 1238 peritur,
1037 1195 1101 1227 nisi
1122 1196 1208 1237 quod
1230 1196 1402 1237 quaeritur:
1425 1208 1491 1229 non
1506 1199 1622 1239 quaeri-

882 1246 945 1276 mr,
968 1239 1031 1270 nisi
1054 1240 1140 1279 quod
1161 1247 1279 1281 praesto
1301 1250 1366 1272 non
1388 1241 1440 1273 sit.
1479 1242 1626 1273 D.—-P01

881 1294 970 1323 quam
990 1294 1103 1322 paucos
1126 1285 1263 1323 νφανίας
1291 1286 1498 1316 meretricibus
1516 1287 1626 1325 fideles

880 1328 998 1357 evenire
1019 1331 1177 1363 amatores,
1199 1325 1298 1367 Syra]
1322 1327 1404 1358 Haec
1426 1338 1533 1365 scena,
1554 1339 1626 1370 quae

881 1369 1026 1443 priorenzi
1050 1368 1086 1400 iu
1109 1369 1215 1410 prima
1239 1376 1333 1411 parte
1360 1370 1442 1411 (quae
1463 1373 1564 1422 ρπονί
1592 1374 1626 1404 in

878 1417 969 1452 parte
1000 1410 1056 1454 Z.)
1086 1412 1231 1443 continet
1261 1419 1444 1451 tractamm‚
1469 1424 1511 1445 an
1536 1416 1625 1464 juste

881 1455 1038 1486 meretrix
1058 1454 1164 1492 faciat,
1186 1466 1260 1487 cum
1282 1456 1422 1506 aliquem
1443 1457 1568 1499 diligat,
1589 1458 1626 1490 in

881 1505 1046 1539 postrema
1070 1498 1256 1530 narratione
1282 1499 1367 1531 sicut
1390 1500 1425 1531 in
1452 1511 1505 1531 om
1528 1501 1627 1532 habet

883 1540 931 1582 (in
941 1547 1094 1581 postrema
1107 1542 1445 1584 narrationemsabalae,
1461 1549 1495 1575 ut
1516 1546 1550 1575 t’u
1563 1556 1626 1575 on-

883 1586 981 1621 nibus,
1005 1587 1096 1616 habet
1122 1585 1192 1626 Z.;)
1223 1587 1376 1626 quoniam
1399 1594 1627 1628 argumentum

883 1627 918 1658 in
939 1627 1083 1669 prologis
1097 1628 1271 1660 Terentius
1285 1629 1410 1660 nullum
1424 1636 1522 1661 tenet.
1546 1631 1626 1662 Om-

883 1681 942 1702 nes
956 1671 1057 1712 igitur
1071 1673 1141 1712 ejus
1155 1672 1346 1704 comoediae
1336 1683 1371 1704 ιιι
1393 1673 1509 1715 primis
1519 1673 1627 1706 scenis

883 1721 1065 1799 {523¹}ss
1078 1715 1479 1800 ,ssfflissqzffifffizz
1489 1724 1627 1802 2335&

883 1801 992 1833 sabula
1017 1808 1067 1833 est
1093 1802 1278 1833 constituta.
1324 1803 1411 1834 Nam
1438 1803 1534 1834 aliam
1557 1814 1626 1835 me-

883 1845 1033 1876 retricem
1064 1852 1151 1876 amat
1188 1846 1386 1887 Pamphilus.
1432 1846 1530 1878 Nunc
1565 1846 1630 1879 ista

882 1887 1112 1930 interponitur,
1142 1895 1180 1919 ut
1204 1889 1235 1919 ei
1264 1899 1400 1931 peregre
1430 1889 1628 1927 advenienti,

883 1938 980 1972 atque
1002 1931 1143 1969 miranti,
1159 1932 1245 1972 quod
1267 1933 1469 1964 meretricem
1485 1932 1627 1965 duceret.

885 1974 1045 2006 Narratur
1067 1973 1218 2015 (miranti,
1242 1977 1322 2016 quod
1340 1978 1498 2007 meretrice
1518 1978 1628 2008 relicta

883 2029 1004 2049 uxorem
1034 2020 1155 2049 duxerit
1186 2020 1247 2055 ille,
1283 2024 1427 2050 narretur
1465 2018 1521 2059 Ζ.)
1549 2020 1629 2061 quid

883 2072 988 2092 causae
1024 2061 1094 2092 fuit.
1139 2062 1221 2097 Quae
1254 2072 1308 2093 res
1336 2062 1414 2093 dum
1443 2062 1628 2104 exponitur,

884 2112 1109 2145 argumentum
1128 2115 1204 2146 pars
1226 2105 1333 2146 aliqua
1352 2105 1495 2137 declarat
1516 2105 1627 2147 (argn-

884 2150 976 2179 menti
1001 2159 1074 2187 pars
1098 2150 1202 2188 aliqua
1227 2150 1412 2180 declaratur.
1438 2148 1504 2188 Z.).
1544 2149 1630 2181 E.—

884 2193 947 2222 Per
960 2193 1011 2231 pol
1025 2191 1130 2232 quam]
1148 2191 1281 2223 Servius
1299 2191 1426 2223 AEneid.
1442 2191 1464 2223 i.
1481 2192 1554 2224 644.
1589 2193 1628 2225 L.

884 2234 993 2266 —Pro
1006 2246 1118 2274 paucos
1132 2234 1194 2276 leg.
1209 2245 1282 2266 cum
1296 2234 1494 2276 Apollodoro
1506 2236 1629 2268 Donati

881 2289 1000 2317 paucus,
1017 2278 1047 2308 h.
1061 2288 1089 2308 e.
1105 2278 1242 2319 singulis
1254 2277 1416 2319 singulos·
1440 2288 1505 2310 non
1517 2290 1632 2319 paneae

885 2326 1044 2358 amatores,
1059 2321 1151 2362 quasi
1167 2321 1224 2352 uni
1246 2321 1356 2363 plures
1370 2321 1546 2363 contigisse
1559 2322 1628 2354 vel-

884 2363 939 2395 let.
986 2364 1115 2395 Deinde
1141 2375 1183 2395 ex
1210 2364 1401 2416 Apollodori
1430 2364 1487 2396 illo
1511 2364 1630 2406 γέγονε

885 2406 957 2448 lege
983 2411 1113 2439 evenisse
1139 2418 1199 2449 pro
1222 2410 1339 2439 evenire
1371 2407 1407 2439 in
1436 2417 1533 2440 versu
1561 2419 1629 2450 seq.

886 2451 1034 2525 (Ιίἱίυὲιὲςοὶἰ
1057 2451 1220 2525 {.versui
1241 2458 1275 2482 et
1294 2450 1464 2482 sententiae
1486 2461 1629 2485 commo-

930 2538 959 2568 2.
976 2536 1111 2578 Fidelis]
1139 2537 1336 2577 Hujusmodi
1353 2537 1532 2570 sententias
1552 2538 1629 2571 rhe-

887 2586 974 2612 tores
989 2580 1123 2612 διανοίας
1137 2587 1263 2612 vocant.
1308 2581 1354 2612 Et
1368 2580 1459 2618 mire,
1475 2591 1541 2614 non
1555 2591 1629 2621 esee,

887 2623 945 2654 sed
966 2626 1082 2655 evertite
1110 2623 1215 2658 dixitz
1251 2630 1288 2655 ut
1311 2634 1377 2655 non
1400 2624 1546 2663 rationis,
1570 2626 1631 2659 sed

887 2676 981 2697 casus
995 2666 1039 2697 sit
1052 2666 1096 2703 id,
1113 2666 1198 2707 quod
1215 2666 1416 2698 rarissimum
1430 2674 1488 2699 est.
1531 2670 1629 2702 Pide-

888 2708 946 2750 lie]
963 2710 1045 2746 Fidi,
1067 2709 1102 2740 in
1117 2709 1289 2741 maximis.
1304 2712 1423 2750 fideles,
1444 2710 1628 2745 inminui-

887 2752 949 2784 bus
963 2751 1111 2793 negotiis.
1145 2752 1187 2784 D.

933 2796 962 2826 3.
985 2796 1102 2826 Velhio
1123 2795 1318 2845 Pamphilae]
1341 2796 1512 2830 'ri-andum
1528 2808 1550 2830 ι
1569 2809 1627 2841 ge-

889 2837 993 2869 nerali
1004 2838 1410 2887 sententiaadspecialem.
1445 2840 1517 2883 1⁷21]
1529 2842 1628 2875 Nunc

890 2880 1013 2912 veluti.
1047 2881 1127 2913 alias
1149 2883 1334 2923 conjunctio
1356 2883 1551 2925 disjunctiva
1569 2893 1629 2924 est,

889 2923 970 2956 alias
998 2925 1234 2967 correptionem
1261 2926 1443 2968 signifiat:
1481 2934 1518 2960 nt
1542 2930 1629 2970 apud

891 2966 1093 3030 Ciceronem,
1131 2969 1225 3001 Verr.
1260 2969 1303 3002 iv.
1341 2971 1373 3003 2.
1408 2973 1458 3004 nel
1488 2975 1629 3012 optinum
