1852 3216
111 151 252 182 scam
271 138 341 195 ιι]

700 137 1060 183 PHORMIO.

163 228 216 271 In
233 229 328 285 ipsa
345 228 506 272 inesset
524 228 673 281 forma,
691 228 786 272 haec
804 228 981 272 formam
999 231 1315 287 extinguerent.

164 293 257 345 Ille,
277 293 350 350 qui
368 293 480 337 illam
500 296 669 338 amabat
687 294 916 347 fidicinam,
937 297 1245 348 tantummodo,

109 365 150 397 60
166 359 294 411 Satis,
315 360 466 415 inquit,
487 361 669 403 scita’st:
699 367 846 403 noster
864 376 980 403 vero.
1032 361 1121 404 DA.
1142 361 1242 404 Jam
1262 362 1349 406 scio
1367 379 1379 415 ;

163 423 321 467 Amare
342 426 487 481 coepit.
538 425 625 468 Gn.
649 425 761 468 Scin’
779 429 935 482 quam?
966 443 1052 483 quo
1070 428 1238 477 evadat,
1258 429 1371 472 vide.

163 490 377 534 Postridie
399 492 454 534 ad
473 498 600 534 anum
618 499 736 535 recta
754 493 919 548 pergit:
951 494 1163 544 obsecrat,

163 556 226 598 Ut
247 558 327 599 sibi
346 558 439 613 ejus
459 557 586 600 faciat
606 559 793 614 copiam:
825 557 896 601 illa
914 559 1026 601 enim
1047 575 1092 602 se
1113 566 1268 616 negat:

161 621 319 678 Neque
340 638 437 664 eum
453 638 620 678 aequom
638 624 698 665 ait
716 623 883 666 facere:
914 624 1026 666 illam
1046 626 1179 667 civem
1197 639 1292 667 esse
1313 623 1516 677 Atticam,

106 694 146 725 65
164 687 342 739 Bonam,
363 689 485 730 bonis
506 696 780 745 prognatam:
813 690 849 732 si
867 706 1046 733 uxorem
1067 691 1182 742 velit,

164 754 284 810 Lege
304 755 348 796 id
368 754 494 797 licere
515 754 654 797 facere
671 771 682 797 ε
715 756 779 797 sin
798 755 934 807 aliter,
955 763 1098 811 negat.

161 820 339 871 Noster,
361 821 464 875 quid
484 828 646 876 ageret,
668 822 859 873 nescire3

106 965 204 996 quum
235 955 369 987 formam
399 955 602 997 praetulisset,
630 954 766 996 subjecit
789 966 841 986 et-

105 1001 284 1039 tinguerent.
330 999 408 1030 Ideo
424 1005 456 1029 et
473 998 626 1039 Virgilius
641 998 687 1029 sic
702 998 756 1036 ait,
771 997 839 1029 Ecl.

104 1041 150 1072 iii.
168 1042 218 1072 66.
249 1044 294 1073 At
309 1044 381 1072 mihi
395 1053 457 1073 sese
472 1043 558 1081 offert
572 1044 651 1072 ultro
665 1053 746 1073 meus
760 1043 841 1082 ignis

104 1087 263 1125 Amyntas.
298 1086 431 1116 D.-Ni
456 1087 501 1116 vis
531 1084 614 1126 boni]
644 1085 765 1126 Magna
790 1084 839 1116 vis

104 1128 255 1159 bonitatis
271 1136 304 1160 et
324 1127 571 1170 pulchritudinis
586 1128 621 1159 in
635 1128 737 1159 forma
752 1133 837 1159 erat:

104 1170 224 1202 idcirco
253 1171 315 1203 ista
343 1182 414 1212 quae
443 1181 484 1202 ex
513 1171 602 1202 luctu
628 1177 661 1202 et
688 1171 839 1202 lacrumis

102 1214 239 1252 fuerant,
268 1215 403 1246 formam
431 1214 619 1256 extinguere
654 1224 720 1245 non
751 1214 838 1246 vale-

103 1258 190 1289 bant.
221 1258 259 1289 E.

147 1302 198 1332 58.
227 1303 264 1332 In
290 1303 358 1341 ipsa
379 1303 488 1332 inesset
500 1300 613 1341 forma,
635 1302 698 1332 haec
710 1299 843 1341 sormam

104 1344 328 1385 extinguerent]
353 1344 472 1385 Figura
496 1343 618 1381 πλοκήε
647 1343 734 1375 aliud
756 1343 843 1374 enim

103 1397 209 1428 supra,
226 1387 312 1419 aliud
326 1386 517 1428 infrasorma
526 1386 662 1428 repetita
674 1386 842 1427 significat.

102 1431 141 1461 In
156 1433 223 1470 ipsa
238 1434 347 1462 inesset
353 1429 473 1471 forma]
490 1429 675 1461 Geminavit
688 1429 842 1472 praeposi-

103 1473 223 1504 tionem
239 1481 275 1505 ut
289 1473 375 1511 alibi,
391 1475 429 1505 In
444 1485 540 1504 amore
555 1475 618 1505 haec
632 1476 729 1504 omnia
740 1475 844 1504 imunt

102 1519 188 1548 vitia.
232 1516 470 1558 Extinguerent]
495 1516 585 1547 Bene
609 1518 842 1558 extinguerent.-

103 1560 178 1600 quia
193 1561 233 1592 ab
248 1560 323 1601 igne
337 1567 369 1592 et
380 1560 484 1591 calore
497 1559 597 1591 forma
609 1559 693 1591 dicta
708 1565 766 1591 est.
799 1560 840 1590 D.

146 1605 196 1635 59.
213 1605 280 1641 Ille,
297 1606 349 1644 qui
363 1606 446 1635 illam
461 1602 599 1644 amabat]
624 1603 712 1634 Bene
734 1605 818 1634 illam
830 1615 841 1634 .·

102 1647 251 1687 quiajam
264 1657 360 1688 supra
372 1646 547 1678 insinuavit
560 1656 727 1687 personam
739 1646 840 1677 citha-

100 1690 225 1721 ristriae.
271 1692 337 1727 Ille,
353 1692 404 1731 qui
419 1691 502 1721 illam
516 1688 654 1730 amabat]
674 1689 770 1720 Ratio
784 1699 842 1720 cur

102 1733 257 1764 amaverit
292 1733 459 1774 virginem.
511 1732 699 1774 Fida-inam]
737 1733 842 1774 Supra

101 1778 317 1808 cahat-istriam
330 1790 341 1813 ,·
377 1787 452 1817 ergo
483 1775 711 1807 indifferenter.
755 1776 841 1808 D.—

106 1821 316 1851 Tantummodo
337 1819 429 1860 satis]
455 1820 527 1850 Hoc
548 1826 605 1856 est,
621 1819 841 1850 tantummodo

101 1861 259 1899 laudabat,
275 1863 329 1894 ille
342 1869 449 1894 autem
461 1862 542 1894 alius
554 1872 659 1894 amare
668 1862 775 1903 coepit.
800 1862 839 1893 E.

145 1906 194 1937 60.
222 1907 442 1943 Tantummodo,
457 1909 542 1943 satis,
565 1908 672 1946 inquit,
688 1908 765 1936 scita
779 1905 839 1946 est]

102 1948 222 1980 Sensus
246 1957 303 1987 est,
333 1949 490 1981 Laudavit
520 1949 749 1986 tantummodo,
776 1959 841 1980 non

100 1992 198 2024 etiam
213 2000 325 2035 captus
341 1991 472 2034 (raptus,
489 1992 539 2023 vel
555 1994 656 2032 lapsus
673 1991 726 2030 Z.)
743 1999 791 2023 est
806 1992 841 2023 in

99 2045 251 2068 amorem.
295 2038 387 2074 Satis,
402 2038 510 2076 inquit,
525 2034 619 2076 scita]
638 2035 758 2076 Magna
772 2035 842 2067 laus

99 2078 227 2110 formae:
264 2079 384 2110 amanti
410 2079 505 2110 aliam
535 2078 703 2120 placuisse.
747 2081 840 2116 Satis,

99 2124 208 2163 inquit,
231 2121 325 2164 scita]
350 2125 442 2160 Soita,
465 2121 565 2153 bella:
591 2129 628 2153 ut
649 2121 684 2153 in
708 2121 840 2160 Andria,

100 2166 200 2197 Scitne
220 2177 295 2205 puer
313 2171 358 2197 est
372 2171 461 2197 natus
476 2177 495 2196 a
522 2165 685 2205 Pamphilo.
729 2166 841 2196 Noster

99 2208 182 2250 vero]
198 2208 428 2247 ’Aroctd-rnms
445 2208 556 2240 tertia:
581 2218 651 2249 quae
672 2208 838 2247 succurrit,

99 2252 246 2293 quotiens
259 2253 355 2283 verba
370 2253 464 2283 rebus
479 2252 603 2283 minora
618 2258 701 2282 sunt.
734 2251 775 2282 D.

142 2295 193 2326 61.
209 2297 321 2326 Amare
335 2294 443 2336 coepit]
467 2295 535 2331 Ille,
552 2295 674 2336 iuquit;
697 2294 839 2326 laudavit

99 2343 224 2369 tantum
237 2350 244 2369 :
272 2338 335 2370 Hic
351 2349 458 2370 amare
472 2337 578 2379 coepit.
624 2338 668 2369 Et
681 2338 763 2369 bene
778 2349 838 2369 coe-

95 2382 153 2420 pit,
178 2391 242 2412 non
264 2384 396 2413 amavit.-
419 2388 455 2413 ut
474 2381 620 2413 ostendat
642 2381 707 2412 vim
723 2381 839 2413 amoris

99 2433 163 2455 non
179 2434 292 2466 parum
307 2424 452 2465 (parvam
469 2425 521 2465 Z.)
536 2434 614 2460 esse,
631 2430 663 2455 et
677 2434 755 2462 rem,
769 2435 840 2465 quae

98 2467 197 2498 semel
219 2467 338 2509 suscipi
359 2469 460 2510 possit
476 2468 561 2507 (rem,
577 2479 643 2509 quae
665 2469 754 2499 semet
772 2479 838 2499 sus-

98 2515 185 2550 cepta
210 2513 306 2550 possit
333 2514 440 2552 augeri
469 2511 534 2551 Ζ.).
594 2512 673 2542 Scin’
704 2522 791 2552 quam
804 2510 837 2552 .⁷]

97 2551 199 2584 ’Aaron’
301 2565 336 2589 ις,
347 2564 408 2594 qua
417 2554 451 2585 in
462 2553 698 2586 narrationibus
707 2555 741 2585 in
750 2565 837 2586 com-

98 2596 251 2637 pendium
265 2596 435 2628 Terentius
444 2598 491 2628 uti
502 2597 591 2628 solet.
615 2599 694 2629 Scin’
706 2609 794 2638 quam
804 2596 837 2638 2]

98 2640 218 2670 Amare
245 2639 352 2680 coepit‚
381 2640 578 2672 subauditur.
627 2643 691 2674 Quo
720 2643 837 2678 evadat,

95 2681 180 2723 vide]
208 2684 338 2720 Evadat,
368 2683 543 2724 perveniat.
589 2683 674 2714 Nam
703 2685 836 2720 evadere,

97 2733 146 2756 est
161 2735 219 2767 per
231 2725 390 2757 obstantia
398 2725 576 2767 pervenire.
603 2726 756 2761 D.-Qu0
768 2737 837 2758 eva-

99 2770 163 2806 dat,
193 2767 277 2809 vide]
307 2769 380 2804 Quo
407 2779 460 2801 res
489 2769 664 2811 perveniat,
695 2769 839 2801 animad-

100 2820 198 2844 verte.
232 2812 269 2842 E.

143 2855 194 2887 62.
214 2856 363 2886 Postridie
377 2856 420 2886 ad
433 2866 522 2886 anum
535 2860 619 2887 recta
630 2853 751 2896 pergit]
770 2855 843 2886 Hoc

101 2904 306 2940 praestruens,
322 2900 450 2929 aniculae
472 2908 569 2941 supra
583 2898 780 2930 mentionem
795 2898 842 2929 fe-

101 2947 198 2972 cerat.
236 2941 282 2972 Et
295 2942 377 2973 bene
392 2951 515 2973 memor
529 2948 563 2973 et
577 2941 721 2983 virginis,
737 2948 771 2973 et
784 2941 842 2973 ho-

102 2990 213 3023 nestae,
234 2994 300 3017 non
322 2984 426 3027 ipsam
441 2984 523 3018 adiri
544 2985 629 3024 facit,
651 2984 709 3018 sed
723 2995 842 3018 snum:

890 829 934 864 et
953 821 1065 864 illam
1086 822 1244 864 ducere

885 965 989 996 neque
1004 955 1044 986 ab
1063 955 1134 997 ipsa
1150 955 1217 997 peti
1232 955 1371 987 fructum
1386 956 1568 999 voluptatis,
1584 966 1626 988 ex

884 999 975 1038 cujus
996 1009 1134 1040 persona
1155 1001 1257 1039 maj0r
1271 999 1451 1040 desperatio
1472 1000 1624 1031 nasceba-

883 1047 957 1072 tur:
981 1042 1037 1073 sed
1054 1052 1073 1072 a
1087 1042 1212 1073 nutrice
1233 1042 1350 1084 potius,
1367 1053 1425 1084 per
1440 1053 1534 1083 quam
1550 1053 1624 1074 sua-

882 1084 951 1116 deri
966 1085 1082 1126 puellae
1095 1095 1189 1127 posse
1204 1085 1355 1123 creditur,
1371 1086 1522 1127 quicquid
1536 1086 1625 1117 libet.

881 1129 1033 1159 Postridie
1055 1130 1097 1159 ad
1118 1140 1207 1160 anum
1232 1128 1332 1170 recta]
1354 1128 1560 1170 Ἐμφατικῶς,
1583 1131 1626 1160 ad

881 1182 971 1202 anum
992 1175 1117 1203 statim.-
1141 1178 1178 1202 ut
1199 1172 1254 1213 qui
1275 1172 1496 1214 posthabuerit
1517 1172 1626 1204 omnia

881 1213 953 1246 alia.
986 1215 1099 1256 Recta]
1116 1215 1200 1250 Quia
1215 1225 1280 1246 non
1295 1225 1354 1257 per
1369 1215 1532 1247 nuncium.
1565 1216 1609 1247 D.

925 1258 975 1288 63.
999 1260 1039 1289 Ut
1056 1260 1116 1289 eibi
1130 1258 1194 1299 ejus
1206 1257 1311 1298 saciat
1333 1258 1463 1300 copiam]
1488 1258 1572 1290 Vide
1586 1264 1625 1291 ut

884 1300 967 1331 nihil
981 1301 1021 1332 de
1037 1301 1161 1343 virgine
1176 1308 1292 1343 speret,
1307 1301 1361 1343 qui
1378 1303 1485 1334 omnia
1499 1303 1540 1334 ab
1555 1302 1625 1334 ani-

886 1343 957 1375 cula
982 1350 1080 1385 petat.
1125 1346 1186 1376 Illa
1207 1347 1285 1376 enim
1306 1356 1337 1376 se
1358 1344 1466 1386 negat]
1490 1345 1626 1387 Copiam

884 1387 1049 1424 facturam,
1063 1387 1260 1419 subauditur.
1292 1388 1446 1420 D.-——Sibi
1459 1387 1524 1428 ejus
1545 1399 1623 1421 ana-

885 1436 1006 1472 paestus
1021 1436 1079 1468 est,
1094 1433 1149 1462 illa
1164 1431 1300 1473 primam
1315 1430 1457 1473 corripit.
1489 1432 1528 1463 Β.

928 1474 978 1504 64.
1001 1475 1107 1515 Neque
1121 1485 1186 1505 eam
1205 1485 1321 1515 aequum
1341 1476 1388 1506 ait
1400 1473 1525 1516 facere]
1548 1475 1626 1507 Non

885 1517 968 1557 quod
991 1524 1084 1555 amet,
1108 1517 1164 1548 sed
1185 1517 1269 1558 quod
1294 1518 1354 1549 hoc
1377 1524 1474 1560 petat.
1521 1519 1626 1559 Neque

883 1559 966 1601 eum]
983 1560 1078 1596 Quod
1098 1567 1224 1601 peteret
1245 1560 1377 1592 scilicet.
1420 1563 1512 1592 Illam
1533 1564 1626 1593 civem

884 1613 947 1634 esse
972 1603 1124 1644 Atticam]
1149 1605 1240 1635 Illam
1261 1614 1334 1636 cum
1361 1602 1496 1645 ἐμφάσει
1520 1604 1624 1636 dixit:

884 1646 973 1686 quasi
997 1646 1092 1684 dicat,
1115 1657 1209 1688 quam
1235 1646 1280 1678 sic
1301 1653 1495 1679 contemnat.
1538 1648 1627 1679 D.—

884 1689 1033 1731 Plerique
1046 1689 1136 1722 codd.
1148 1690 1333 1722 melioribus
1347 1691 1490 1722 numeris
1501 1690 1546 1722 sic
1558 1691 1625 1722 col-

883 1732 999 1770 locant,
1021 1744 1137 1774 aeqaum
1154 1732 1260 1774 facere
1282 1736 1337 1765 ait.
1382 1735 1542 1766 Caeterum
1564 1744 1624 1776 pro

874 1774 981 1816 sacer-e
991 1776 1101 1807 malim
1113 1782 1224 1816 petere,
1237 1776 1277 1808 ob
1288 1787 1418 1808 sensum
1429 1777 1625 1809 commodio-

883 1829 961 1856 rem,
982 1827 1014 1850 et
1035 1819 1258 1851 auctoritatem
1280 1819 1411 1858 Donati,
1433 1820 1489 1861 qui
1510 1820 1556 1852 ita
1577 1820 1625 1852 le·

882 1861 968 1903 gisse
982 1862 1118 1894 videtur.
1150 1863 1188 1894 B.

927 1906 977 1936 65.
1003 1907 1112 1943 Civem,
1137 1907 1240 1937 bonam
1260 1905 1340 1947 esse]
1365 1907 1477 1944 Civem,
1498 1916 1562 1948 quo
1583 1906 1626 1939 ad

878 1949 954 1988 jura
968 1948 1128 1991 pertinet:
1153 1951 1256 1980 bonam
1271 1960 1334 1990 quo
1349 1949 1390 1980 ad
1403 1949 1516 1999 ipsam.
1560 1951 1625 1982 Bo-

882 1990 968 2032 nam]
997 1992 1072 2023 Non
1098 1992 1214 2023 vilem:
1251 1992 1325 2033 quia
1345 1993 1421 2024 bom
1452 2003 1517 2025 non
1544 1993 1625 2025 viles

883 2042 980 2066 sunt:
1003 2035 1090 2066 unde
1103 2035 1318 2076 superlativus
1336 2035 1454 2077 gradus
1468 2038 1626 2076 optimates

883 2077 979 2109 facit:
1003 2078 1078 2119 quia
1099 2080 1211 2116 Bonus,
1227 2081 1339 2117 melior,
1355 2081 1482 2120 optimus
1496 2079 1624 2112 dicitur.

883 2122 979 2152 Bonis
995 2121 1193 2163 prognatam]
1218 2122 1312 2157 Quod
1328 2122 1368 2153 ad
1389 2123 1526 2163 majores
1543 2124 1623 2163 ejus.

882 2166 917 2195 Si
929 2176 1047 2195 uxorem
1060 2164 1149 2206 velit]
1164 2165 1265 2196 Recte
1280 2165 1455 2206 subjunxit,
1463 2168 1491 2197 si
1503 2177 1624 2198 uxoren

880 2209 953 2239 velit
967 2220 978 2239 .-
1010 2214 1179 2249 postquam
1203 2218 1241 2239 ea
1263 2208 1297 2239 in
1321 2208 1446 2250 virgine
1472 2209 1624 2250 praetulit,

881 2261 952 2291 quae
976 2250 1082 2282 solent
1105 2259 1219 2283 ornare
1242 2251 1380 2293 nuptias.
1421 2252 1625 2284 D.—Bonan

882 2296 965 2325 bonis
982 2294 1178 2335 prognatam]
1203 2294 1246 2326 Et
1266 2294 1370 2337 ipsam
1390 2294 1574 2336 ingenuam,
1591 2301 1626 2328 et

882 2337 973 2368 bonis
988 2337 1174 2380 parentibus
1190 2344 1306 2369 natam.
1338 2338 1377 2369 E.

925 2381 975 2412 66.
998 2382 1080 2422 Lege
1101 2383 1135 2412 id
1156 2383 1246 2413 licere
1258 2379 1383 2422 facere]
1408 2381 1537 2413 Incerta
1557 2381 1624 2414 dis-

881 2423 995 2455 tinctio
1019 2430 1085 2455 est:
1117 2430 1224 2455 utrum
1250 2435 1370 2456 uxorem
1389 2426 1462 2456 velit
1485 2426 1559 2466 lege,
1580 2435 1623 2458 an

882 2469 946 2508 lege
973 2469 1007 2498 id
1028 2469 1117 2499 licere
1130 2466 1237 2508 facere
1250 2470 1266 2498 ?
1316 2469 1370 2499 Sin
1391 2470 1491 2506 aliter,
1513 2467 1623 2510 negat]

882 2510 927 2541 Et
948 2510 1064 2552 pudice
1084 2520 1175 2548 anus,
1194 2517 1228 2542 et
1250 2516 1357 2542 tamen
1371 2510 1568 2550 illecebrose,
1583 2513 1624 2544 1⁸·-

881 2562 947 2585 cere
967 2552 1074 2594 sacere
1096 2553 1188 2590 dixit,
1211 2553 1296 2594 quod
1325 2554 1380 2586 ille
1403 2554 1624 2596 impudentius

881 2596 972 2638 petit,
989 2603 1026 2628 ut
1047 2596 1108 2628 sibi
1124 2598 1192 2637 ejus
1206 2596 1301 2628 faciat
1314 2597 1449 2639 copiam.
1493 2599 1548 2630 Sin
1562 2599 1623 2630 ali-

882 2646 937 2678 ter,
953 2639 1060 2682 negat]
1078 2638 1240 2681 Σύλληψις
1256 2640 1339 2672 facta
1353 2650 1396 2672 ex
1411 2651 1450 2672 eo
1464 2640 1550 2682 quod
1570 2651 1624 2674 se-

880 2683 997 2724 quitur,
1006 2682 1122 2723 facere.
1155 2683 1194 2714 D.
1349 2687 1353 2691 '
1623 2711 1625 2713 ,

924 2727 975 2759 67.
986 2728 1020 2757 N
1019 2732 1106 2764 oster,
1113 2728 1187 2768 quid
1190 2732 1304 2767 ageret,
1313 2726 1444 2768 nescire]
1456 2727 1625 2770 Proposita

882 2768 1087 2801 deliberatio:
1110 2771 1202 2810 cujus
1217 2777 1324 2801 tamen
1339 2770 1440 2802 altera
1460 2781 1535 2813 pars
1549 2771 1622 2804 vin-

883 2821 943 2843 cet.
961 2813 1045 2844 Nam
1052 2812 1206 2844 ducturus
1212 2813 1504 2856 estperabsentiam
1511 2815 1623 2856 patris.

888 2854 971 2890 Quid
989 2860 1103 2896 ageret,
1124 2855 1255 2897 nescire]
1282 2856 1345 2888 Pro
1364 2859 1537 2890 nesciebat.-
1566 2858 1625 2891 sed

884 2905 971 2930 recte
989 2898 1035 2930 sic
1050 2898 1113 2935 ait3
1135 2899 1212 2940 quia
1225 2900 1452 2941 subjuncturus
1463 2906 1522 2940 est,
1537 2903 1625 2935 illan

886 2943 993 2974 dame
1000 2943 1187 2982 cupiebam:
1196 2942 1363 2986 metuebat]
1374 2943 1458 2987 Vide
1465 2944 1625 2988 ambigui÷

890 2990 998 3025 tatem,
1013 2994 1109 3060 ςωὲιιι
1124 2992 1231 3020 tamen
1245 2986 1413 3029 sequentia
1425 2987 1551 3021 tollunt.
1581 2989 1625 3021 D.

1096 3037 1119 3060 n
