1910 3216
419 105 606 142 INDEX
638 105 966 143 VERBORUM
998 106 1069 141 ET
1096 105 1418 142 PHRASIUM.

44 186 151 227 delpb.
165 186 196 217 ii.
207 188 239 223 4,
253 188 301 218 15.
337 188 472 218 oeiom-
480 188 521 218 ab
528 187 599 218 ani-

44 239 107 259 mu.
126 229 255 260 Phorm.
273 229 305 260 ii.
321 231 351 266 2,
368 230 419 260 26.
528 262 532 263 ⁷
558 258 567 261 μ
594 255 597 257 .

87 271 198 312 otium]
217 271 333 302 Viden'
350 276 442 303 otium
461 280 494 303 et
507 271 599 302 cibus

44 313 122 353 quid
143 314 219 345 facit
241 314 377 345 alienus.
402 314 486 345 Eun.
510 314 543 345 ii.
569 316 598 350 2,

46 357 97 386 34.
135 356 321 387 Tantumne
335 357 377 388 ab
392 367 427 388 re
443 357 541 388 tua’st
555 359 599 387 oei

45 398 126 429 tibi?
168 399 288 430 Heaut.
311 399 332 430 i.
353 400 380 436 1,
397 401 449 430 23.
496 401 599 430 Oti-n

43 448 174 472 secutus
194 452 276 472 sum.
301 441 439 482 Adelph.
460 441 481 472 i.
502 443 530 478 l,
549 442 617 486 174

677 185 857 227 Pamphila]
872 188 1065 228 Pamphilam
1078 193 1189 219 ennu-

633 238 703 286 ‹fm
725 239 947 277 provocemus.
980 229 1065 281 Eun.
1088 229 1134 261 iii.
1157 230 1188 278 .¹’

632 273 715 356 ΖΞ..
732 272 876 356 lm:
889 273 1078 351 1525&
1111 272 1190 313 ‘¹⁰¹⁶

674 355 871 397 Pamphilu]
896 357 1030 388 Andriae
1050 367 1191 399 persona

632 405 781 483 mia-⁵1]
812 442 886 477 Quo
915 448 1011 483 paeto
1039 452 1082 473 ex
1114 443 1189 482 jure

1737 109 1781 145 75

1223 195 1282 235 ne·
1293 195 1362 228 pre
1371 189 1499 224 pare-ec
1510 184 1675 226 intellego.
1693 184 1777 216 Hec.

1223 229 1382 311 uam.
1412 269 1501 301 Meis
1536 269 1634 300 dictis
1667 278 1779 307 parm

1222 313 1315 345 bane.
1333 313 1416 344 Rec-
1432 312 1475 343 iv.
1494 313 1522 350 1,
1537 313 1590 343 49.

1262 355 1370 396 pario]
1393 355 1525 386 Verim
1545 354 1656 386 odium
1680 356 1778 392 parit.

1203 395 1345 435 madi.
1366 399 1394 434 1,
1409 398 1462 429 41.
1508 396 1564 435 Di,
1579 397 1655 428 date
1676 396 1777 428 sacul-

1204 442 1323 472 ³tatem
1352 441 1487 476 obsecro
1515 439 1591 471 huic
1619 441 1778 478 pariendi.

45 483 123 514 Non
146 484 255 515 hercle
279 486 414 515 oeinn’st
441 484 527 515 nun'c
554 483 599 514 mi
614 485 785 523 {hesterno
803 495 913 525 panem
934 491 1041 516 atrum
1062 491 1186 516 vorent.
1223 483 1308 515 And.
1325 483 1346 514 i.
1359 484 1391 519 4,
1407 483 1437 514 6.
1482 482 1622 514 Credon·
1639 481 1700 513 tibi
1715 481 1778 512 hoc

43 525 255 557 auscultandi.
280 526 420 568 Adelph.
436 526 482 557 iii.
500 527 530 563 3,
546 527 598 557 65.
614 527 617 554 Ι

45 568 107 599 llle
122 579 213 599 suam
230 579 358 610 semper
369 569 435 610 egit
449 569 547 599 vitam
564 569 599 600 in
614 558 617 602 i

43 614 112 642 otio.
146 610 286 652 Adelph.
312 622 342 642 v.
366 613 396 648 4,
421 613 451 643 9.
498 611 543 642 Ut
564 611 599 642 in
614 606 617 623 ’
633 612 740 643 situm.
768 612 852 643 Eun.
880 612 913 642 ii.
940 613 971 648 2,
995 613 1025 642 5.
1073 613 1188 643 Pmn‘ae
1222 610 1448 642 immortalita-

43 656 105 684 οιὲο
125 660 220 689 esset,
244 653 352 695 potius
367 664 463 694 quam
486 654 521 684 in
542 645 617 684 nce-⁴

42 695 142 736 gotio.
187 696 271 727 nec.
309 696 377 727 Alt.
423 696 508 727 Prol.
550 668 617 735 lai

635 527 719 558 Eun.
736 537 767 558 v.
783 528 814 563 4,
834 527 883 560 17.

673 569 810 610 pannus]
826 571 944 600 Panis
956 569 1115 610 annisque
1130 569 1187 600 ob-

633 654 746 686 obsita.
765 655 886 686 Heaut-
900 654 934 685 ii.
950 655 981 690 3,
998 655 1049 684 53.

674 697 781 738 μορε]
807 699 913 737 Papae,
935 696 1018 727 facie
1041 696 1186 727 honesta.

45 738 201 779 Sumptus
229 746 352 770 vestros
380 741 536 779 oei-nque
564 738 617 776 uti
636 739 719 770 Eun.
738 739 772 770 ii.
792 741 821 776 1,
837 741 889 770 23.
934 740 1040 779 Papae,
1058 738 1187 780 jugula-

43 789 155 811 nostrn
170 791 223 811 res

47 825 74 858 1,
92 824 143 854 28.
184 823 369 854 Transdere
385 823 550 855 hominem
565 823 599 854 iu

42 869 145 897 otium.
164 866 293 897 Phorm.
311 866 396 897 Prol.
414 867 443 897 2.

86 907 166 949 wis]
207 910 296 940 Ove-
334 909 412 950 lupo

44 951 130 981 Eun.
163 962 193 981 v.
230 953 256 988 l,
288 953 336 982 16.
373 951 449 982 vide
485 952 598 982 Notas.
633 952 734 983 feram

335 789 347 812 t
362 781 440 822 pati.
466 781 549 812 Hec.
565 781 599 812 ii.
634 792 686 813 ras
698 782 873 813 hominem.
898 782 985 813 Eun.
999 781 1046 812 iii.
1067 783 1094 818 1,
1108 782 1159 812 26.

673 824 749 865 par]
787 826 854 856 Par
890 831 926 855 tu
956 826 1029 864 pan·
1057 824 1186 855 referto.

635 867 719 898 Eun.
751 867 796 898 iii.
826 868 854 903 1,
883 868 935 897 55.
973 867 1048 897 vide
1073 867 1186 897 Notas.

442 908 598 940 commisi.
636 909 805 940 Inveniam
824 909 931 946 hodie,
945 920 1049 949 paren
1064 909 1119 940 ubi
1134 919 1185 940 re-

756 952 903 993 gratiam.
929 952 1013 982 Eun.
1027 951 1069 982 iv.
1087 953 1118 988 4,
1134 953 1186 982 51.
1219 957 1343 988 partam
1373 949 1510 991 gloriam
1540 949 1649 980 verbis
1677 948 1713 980 in
1742 958 1780 980 se

44 993 126 1024 'ram
148 993 322 1035 placidum,
339 1004 435 1034 quum
457 997 520 1025 om's
539 1000 599 1031 est,
634 995 751 1025 Studet
767 1005 830 1034 par
849 994 978 1025 referre.
1008 994 1148 1035 Adelph.
1165 993 1186 1024 i.

43 1036 153 1066 reddo.
177 1036 318 1078 Adelph.
342 1037 386 1067 iv.
406 1037 502 1074 1,18.
526 1036 600 1067 vide
637 1038 663 1073 1,
677 1038 730 1068 49.
766 1035 1186 1077 Postquamparingenium

45 1079 158 1110 Notas.

86 1162 232 1204 Pacem]
249 1164 298 1194 Eo
310 1170 409 1203 paeto.
427 1163 511 1195 And.
530 1163 550 1194 i.
571 1165 598 1200 1,

45 1208 95 1237 22.
132 1207 264 1237 Nullon'
280 1209 398 1246 pacto?
428 1207 511 1237 And.
529 1206 550 1237 i.
568 1208 598 1243 5,

47 1251 96 1280 12.
134 1249 211 1280 Alio
224 1255 323 1289 pacto.
341 1249 427 1280 And.
443 1249 486 1279 iv.
502 1250 533 1286 4,
546 1251 597 1280 53.

43 1292 118 1327 Quo
127 1297 226 1331 paceo.
242 1292 325 1322 Eun.
338 1291 384 1322 iii.
400 1293 426 1328 l,
440 1293 491 1322 30.
525 1292 600 1322 Hoc

40 1340 140 1374 pacto.
155 1334 275 1365 Heaut.
286 1334 332 1364 iii.
347 1335 435 1371 l,66.
459 1334 600 1365 Istocine

39 1383 133 1417 pacto
144 1380 160 1407 ,²
186 1377 323 1418 Adelph.
342 1377 384 1407 iv.
399 1377 429 1413 7,
442 1378 491 1407 14.
530 1377 599 1408 Ne-

43 1430 106 1460 que
116 1419 180 1450 alio
186 1425 285 1459 pacto.
302 1419 383 1450 uec.
390 1419 436 1450 iii.
445 1420 475 1453 5.
486 1420 537 1450 29.
566 1419 601 1450 Si

44 1462 134 1493 nullo
148 1462 213 1492 alio
221 1468 320 1501 pacta.
339 1462 434 1492 Phor.
450 1461 484 1492 ii.
504 1463 532 1498 1,
549 1461 598 1494 71.

84 1503 287 1552 paedagogus]
306 1505 395 1540 Quid
414 1506 601 1545 pedagogus

44 1547 100 1578 ille
115 1557 170 1588 qui
183 1547 436 1578 citnaristriam?
469 1547 599 1578 Phorm-

44 1590 66 1620 i.
85 1591 115 1626 2,
132 1591 183 1620 94.
580 1619 587 1625 ,

83 1631 190 1672 pene]
212 1633 305 1663 Paene
326 1631 425 1662 inlusi
447 1631 547 1662 vitam
561 1631 599 1662 fi-

44 1674 106 1705 liae.
131 1675 216 1705 And.
237 1684 265 1705 v.
286 1675 314 1710 l,
330 1676 359 1704 3.
397 1675 601 1714 Quampaeue

44 1724 101 1747 tua
131 1727 184 1748 me
220 1717 364 1758 perdidit
395 1716 599 1758 protervitas.

47 1760 169 1790 Heaut.
192 1759 235 1790 iv.
259 1760 289 1794 6.
311 1760 358 1789 10.
403 1761 495 1790 Paene
516 1769 599 1790 sero.

45 1802 186 1843 Adelph.
226 1802 260 1832 ii.
281 1803 312 1838 4,
336 1803 366 1832 8.
413 1803 503 1833 Paene
527 1801 602 1842 plus

44 1855 141 1884 quam
156 1851 206 1875 sat
220 1851 299 1875 erat.
317 1844 447 1875 Phorm.
464 1854 494 1874 v.
507 1845 538 1880 3,
551 1845 599 1874 14.

46 1889 137 1918 1³ae·oe
144 1886 322 1918 exclamavi
328 1886 457 1928 gaudio.
469 1886 599 1917 Phorm-

47 1940 76 1960 v.
94 1930 124 1966 6,
141 1930 192 1960 30.

85 1971 243 2011 paenan'a]
264 1971 315 2002 Ne
339 1971 515 2002 illiusmodi
533 1972 600 2011 jam

143 2025 160 2044 a
173 2015 267 2045 nobis
278 2014 398 2044 civium
409 2015 600 2054 paenmia’st.

45 2057 185 2097 Adelph.
202 2057 247 2087 iii.
265 2058 295 2092 3,
312 2057 363 2088 87.

86 2098 252 2139 palestra]
286 2099 350 2129 Fac
380 2097 539 2139 periclum
566 2098 601 2129 in

633 1086 747 1110 nactus
761 1086 820 1110 est.
839 1079 922 1110 Hec-
938 1079 960 1109 i.
975 1080 1005 1115 2,
1022 1079 1074 1110 95.
1120 1079 1186 1110 Cu-

628 1123 684 1162 jus
698 1122 835 1153 consilio
852 1122 958 1152 fuerat
971 1131 1009 1152 ea
1029 1132 1091 1161 par
1110 1131 1187 1163 pro-

633 1165 726 1206 spici.
756 1164 839 1196 Hec.
861 1164 904 1195 iv.
931 1165 958 1200 1,
980 1164 1032 1194 46.
1078 1164 1188 1195 Bonas

633 1207 719 1247 quod
730 1219 792 1247 par
806 1214 857 1238 est
870 1207 985 1238 facere.
1011 1206 1092 1237 Hec.
1109 1216 1139 1237 v.
1159 1208 1186 1243 1,

636 1251 685 1280 13.
744 1251 812 1281 Par
829 1252 902 1289 pari
923 1256 961 1280 ut
981 1248 1187 1290 respondeas.

635 1293 764 1323 Phorm.
781 1292 803 1322 i.
819 1293 850 1329 4,
868 1293 919 1322 35.

673 1334 896 1375 parasitaster]
922 1334 983 1365 Est
1005 1333 1089 1364 alius
1115 1333 1186 1374 qui-

633 1377 718 1412 dam,
730 1380 936 1417 parasitaster
954 1375 1114 1418 paululus.
1138 1376 1185 1407 A·

633 1419 742 1461 delph.
758 1430 788 1450 v.
805 1421 835 1456 2,
848 1421 879 1450 4.

675 1461 849 1502 parasitus]
881 1463 1046 1492 Parasitus
1074 1460 1186 1492 Colax.

635 1504 719 1535 Eun.
748 1504 834 1535 Prol.
852 1505 903 1534 30.
947 1505 1088 1534 Pomm
1108 1502 1188 1534 item

635 1555 670 1577 ut
690 1546 887 1577 Gnathonici
910 1552 1075 1577 vocentur.
1101 1545 1187 1576 Eun.

634 1589 667 1620 ii.
679 1591 709 1626 2,
717 1590 768 1620 33.
786 1589 882 1620 Edax
885 1590 1054 1629 parasitus.
1066 1588 1187 1619 Heaut.

635 1632 720 1663 Prol.
738 1633 790 1662 38.

674 1673 783 1714 parce]
807 1673 919 1705 Vitam
937 1683 1032 1713 parce
1045 1683 1083 1704 ac
1097 1671 1187 1703 duri-

635 1724 684 1747 ter
699 1717 824 1757 agebat.
842 1715 928 1747 And.
943 1715 966 1746 i.
982 1716 1010 1752 1,
1027 1715 1079 1748 47.
1124 1714 1187 1746 Ni-

634 1759 734 1790 mium
762 1769 855 1799 parce
881 1758 987 1789 faeere
1012 1765 1187 1798 sumptum.

635 1802 720 1833 And.
741 1801 775 1832 ii.
790 1802 821 1838 6,
847 1801 896 1832 19.
941 1801 1078 1841 Semper
1096 1810 1189 1839 paroe

633 1855 671 1875 nc
691 1843 816 1875 duriter
836 1853 873 1874 se
894 1843 1024 1874 habere.
1048 1841 1188 1884 Adelph.

635 1887 656 1917 i.
676 1888 704 1923 l,
721 1888 773 1917 20.

675 1928 785 1969 parco]
818 1928 929 1959 Novas
952 1926 1008 1968 qui
1032 1926 1188 1963 scribunt,

636 1971 682 2002 nil
699 1977 833 2012 parcunt
851 1970 932 2002 seui.
957 1970 1078 2001 Heaut.
1102 1968 1187 2000 Prol.

635 2015 687 2045 43.
734 2014 910 2049 Laboram,
932 2022 1090 2052 quaerens,
1112 2022 1188 2051 par-

634 2067 712 2087 cens.
771 2055 919 2087 Tandem
954 2054 1188 2095 aliquantulum

636 2098 694 2129 tibi
712 2110 816 2139 parce.
856 2098 977 2128 Heaut.
1000 2097 1021 2127 i.
1048 2097 1077 2133 1,
1099 2096 1139 2129 87
1156 2103 1190 2127 et

44 2142 157 2178 literis,
180 2142 230 2172 fac
253 2141 288 2172 in
312 2142 471 2180 palaesera,
493 2141 543 2172 fac
566 2141 600 2172 in
639 2142 709 2172 112.
754 2140 812 2171 Nil
828 2142 973 2180 pepercit.
989 2139 1128 2180 Adelph.
1145 2138 1187 2170 iv.

45 2184 188 2215 musicis.
205 2184 289 2215 Eun.
302 2183 347 2214 iii.
359 2184 388 2220 2,
402 2185 453 2214 24.
481 2184 536 2214 Ab
543 2193 603 2214 sua
636 2185 665 2220 2,
678 2185 730 2214 23.
768 2183 943 2220 Conserva,
955 2191 1073 2223 quere,
1085 2192 1187 2221 parce.

41 2228 190 2267 palestra
200 2226 368 2257 exitforas.
387 2225 499 2257 Ph.iii.
514 2227 600 2262 1,20.
637 2226 776 2267 Adelph.
794 2236 824 2256 v.
842 2227 872 2261 3,
889 2226 942 2257 27.
987 2224 1065 2255 Meo
1086 2223 1189 2254 labori

87 2268 209 2309 palan]
248 2268 412 2300 Continuo
444 2270 599 2308 palan’st.
634 2269 720 2300 haud
742 2279 881 2308 parcens.
911 2267 992 2298 Hec.
1017 2266 1051 2297 ii.
1079 2266 1108 2302 l,
1136 2266 1187 2297 29.

47 2312 132 2342 Eun.
149 2311 170 2341 i.
188 2313 218 2348 2,
235 2312 286 2341 24.
331 2311 388 2341 Uti
405 2311 531 2341 veniret
542 2322 600 2351 pa·
637 2311 788 2342 Hancine
803 2321 864 2351 ego
885 2309 985 2340 vitam
1003 2311 1093 2350 parsi
1112 2318 1187 2350 per-

46 2357 115 2385 lam-
136 2354 256 2384 Heaut.
273 2354 316 2384 iv.
336 2354 364 2390 1,
381 2354 431 2385 27.
471 2353 603 2395 Eripuit
634 2354 733 2385 dere?
752 2353 833 2384 Hec.
849 2352 895 2383 iii.
916 2353 943 2388 l,
960 2353 990 2382 2.

43 2399 157 2436 palan.
175 2396 314 2436 Adelph.
331 2396 376 2426 iii.
394 2397 424 2432 2,
441 2397 492 2426 30.
537 2397 600 2427 Pa·
675 2395 807 2436 parcus]
824 2394 907 2426 Ruri
923 2404 994 2425 esse
1013 2405 1140 2434 paren·
1156 2399 1189 2424 et

47 2441 107 2469 lan
123 2438 326 2480 proferimus.
350 2438 491 2480 Adelph.
506 2438 554 2469 iii.
571 2439 601 2474 2,
634 2438 787 2469 sobrium.
805 2437 898 2468 Adel.
908 2437 930 2467 i.
942 2438 972 2473 2,
985 2437 1035 2467 15.
1067 2436 1189 2476 Agres-

46 2483 98 2512 41.
147 2481 191 2512 Ut
206 2491 247 2512 ne
259 2480 294 2511 id
309 2480 366 2511 fiat
377 2483 490 2520 palan.
518 2481 600 2511 Hec.
636 2481 687 2517 tis,
699 2490 811 2517 saevoe,
821 2478 933 2516 vistis,
947 2485 1188 2518 par-casamen-

47 2524 68 2555 i.
86 2525 116 2559 2,
130 2525 181 2554 30.
215 2523 311 2554 Nunc
325 2525 428 2563 palan
440 2531 499 2554 est.
518 2523 600 2554 nee.
634 2523 752 2559 lentus,
763 2531 871 2553 tenax.
888 2521 1029 2562 Adelph.
1046 2531 1076 2552 v.
1092 2522 1124 2556 4,
1138 2521 1187 2551 12.

47 2567 89 2597 iv.
114 2568 144 2603 4,
161 2567 212 2597 91.
259 2565 403 2596 Uxorem
424 2565 496 2596 sine
518 2565 601 2596 mala
675 2564 804 2605 parens]
822 2565 899 2595 Men
910 2563 1099 2604 Glycerium
1113 2573 1189 2594 suos

47 2609 132 2640 fama
143 2610 258 2648 palan.
275 2608 405 2638 Phorm.
422 2607 443 2638 i.
461 2609 491 2644 3,
511 2608 560 2639 17.
632 2613 775 2647 pare-ees
789 2606 944 2648 repperit.
960 2606 1046 2637 And.
1062 2615 1093 2636 v.
1110 2605 1142 2642 6,
1156 2606 1188 2635 5.

86 2650 233 2690 pallium]
245 2649 508 2689 Attonepauim.
517 2650 600 2680 Eun.
635 2651 741 2685 Quem
764 2649 872 2686 ferret,
894 2648 923 2679 zi
944 2653 1102 2688 pare-u·-
1123 2657 1189 2678 non

46 2694 89 2724 iv.
98 2694 128 2730 6,
139 2694 189 2724 31.
214 2693 398 2723 Humerum
407 2692 493 2723 hunc
502 2702 603 2723 onero
634 2692 733 2724 ferret
741 2702 836 2723 suum
846 2692 859 2721 2
889 2692 1055 2722 Pmnm-
1063 2689 1190 2730 injuriae

43 2738 150 2775 pallio.
179 2735 270 2766 Pone
278 2734 600 2775 adprehenditpallio.
635 2734 821 2766 uniusmodi
835 2741 912 2764 sunt
926 2733 1038 2764 ferme.
1067 2732 1189 2763 Henut.

49 2778 179 2809 Phorm.
195 2788 226 2808 v.
242 2777 422 2814 6‚4et23.
636 2777 880 2813 22282130.
925 2775 1003 2806 Non
1024 2781 1100 2806 sunt
1121 2774 1190 2806 hnc

88 2819 208 2860 palma]
246 2820 287 2850 In
318 2819 425 2850 medio
453 2818 603 2850 omnibus
633 2822 773 2857 parentis
786 2818 883 2849 dicta.
906 2817 1027 2849 fleant.
1042 2827 1073 2848 v.
1090 2820 1121 2854 4,
1140 2818 1190 2848 12.

44 2865 179 2902 palmam
200 2872 272 2893 esse
293 2861 443 2903 positam.
471 2861 601 2892 Phorm.
617 2865 621 2894 Q
638 2863 785 2892 Parentes
797 2859 942 2902 propitii.
968 2859 1106 2901 Adelph.
1122 2859 1144 2890 i.
1162 2860 1190 2896 1,

50 2904 135 2936 Prol.
156 2906 205 2935 18.
617 2897 667 2934 ’6.
724 2903 783 2934 Me
809 2905 934 2941 parenti
958 2902 1069 2943 potius
1094 2911 1190 2942 quam

87 2945 275 2987 palmarius]
286 2946 384 2981 Quod
395 2945 508 2987 egomi
524 2953 604 2988 puto
636 2946 740 2977 amori
751 2945 884 2986 obsequi
896 2951 1033 2987 oportet.
1050 2944 1134 2975 Hoc.
1143 2943 1191 2975 iii.

47 2989 481 3027 pdmarinnussunv.4,8.
637 2990 735 3027 4,34.
774 2988 1190 3029 Βεεροεῐριιίιυοωοιιι·

1222 536 1319 562 nunc,
1344 527 1498 564 peperisse
1522 525 1607 556 hane
1632 534 1652 555 e
1678 524 1777 556 Pam-

1221 568 1335 617 philo?
1383 567 1469 599 And.
1492 567 1539 598 iii.
1562 568 1593 603 2,
1619 566 1669 599 17.
1725 566 1778 598 Mi

1467 610 1613 648 parta’st.
1643 609 1730 640 And.
1746 619 1779 640 v.

1222 655 1253 690 5,
1270 655 1300 684 5.
1348 654 1388 684 ln
1408 653 1563 690 pariundo
1580 651 1705 692 aliquot
1718 650 1777 682 nd-

1222 696 1354 727 fuerunt
1374 695 1494 726 libere.
1517 694 1603 725 And.
1618 694 1663 725 iv.
1678 695 1711 731 4,
1724 695 1778 724 32.

1221 738 1329 780 Cupio
1357 737 1483 778 aliquos
1516 746 1628 775 parere
1656 735 1779 768 amicos

1221 780 1381 812 beneficio
1401 790 1483 811 meo.
1516 779 1602 810 Eun.
1625 779 1648 810 i.
1670 779 1702 816 2,
1724 779 1777 810 69.

1222 823 1296 854 vide
1313 823 1426 854 Nom.
1471 822 1519 853 Ut
1532 821 1671 853 solidum
1684 830 1779 859 pare·

1221 877 1285 896 re-
1305 866 1366 896 hoc
1388 865 1433 896 mi
1455 864 1658 896 beneficium.
1689 864 1778 894 Eun.

1221 919 1252 939 v.
1263 910 1293 945 2,
1307 909 1359 939 32.
1397 908 1523 938 Labore
1538 906 1646 938 alieno
1659 916 1779 947 magno

1222 999 1429 1024 transmovet.
1446 992 1531 1022 Eun.
1548 991 1595 1022 iii.
1609 992 1677 1027 1,9.
1714 991 1779 1022 Pa-

1221 1037 1365 1076 rereJ'am
1376 1035 1433 1065 diu
1448 1034 1518 1065 haec
1530 1043 1702 1075 perannos
1711 1043 1779 1064 non

1222 1084 1338 1120 potest.
1377 1077 1518 1118 Adelph.
1543 1086 1574 1107 v.
1602 1077 1632 1112 8,
1658 1077 1688 1106 8.
1733 1075 1780 1107 Bt

1222 1128 1311 1152 recte
1325 1126 1359 1151 et
1373 1126 1520 1161 tempore
1533 1129 1594 1149 suo
1613 1120 1778 1156 pepererit.

1225 1163 1308 1194 Hec.
1323 1162 1366 1194 iv.
1387 1163 1415 1199 1,
1434 1162 1483 1192 16.
1530 1161 1631 1192 Haud
1652 1160 1778 1192 existu-

1223 1216 1316 1237 mans
1344 1211 1466 1246 quanto
1500 1203 1610 1235 labore
1642 1208 1778 1243 parm

1225 1248 1353 1279 Phorm.
1378 1247 1399 1278 i.
1428 1248 1456 1284 1,
1486 1247 1536 1277 12.
1581 1245 1652 1276 Mei
1674 1245 1779 1287 panis

1223 1291 1305 1321 bene
1315 1295 1410 1328 parta
1422 1289 1632 1330 indiligenter
1643 1294 1778 1320 tutatur.

1223 1333 1354 1363 Pborm.
1370 1342 1400 1363 v.
1418 1333 1449 1368 3,
1465 1332 1496 1362 5.

1263 1373 1402 1415 pariter]
1438 1374 1545 1409 Quem
1575 1375 1698 1411 pariter
1728 1371 1780 1404 uti

1222 1417 1274 1448 his
1295 1417 1414 1454 decuit,
1429 1423 1487 1447 aut
1507 1415 1607 1447 etiam
1628 1414 1778 1457 amplius.

1224 1460 1346 1491 Heaut.
1363 1459 1384 1490 i.
1403 1459 1430 1496 1,
1443 1460 1495 1490 80.
1533 1458 1633 1489 Nune
1647 1464 1684 1489 tu
1698 1456 1781 1488 mibi

1223 1512 1259 1533 es
1278 1511 1452 1543 germanus
1469 1502 1590 1538 par-iter
1603 1499 1714 1531 animo
1727 1506 1778 1530 nt-

1222 1555 1285 1585 que
1299 1554 1444 1586 corpore.
1473 1542 1615 1584 Adelph.
1632 1552 1663 1574 v.
1676 1543 1708 1579 8,
1724 1543 1779 1574 ³4.

1223 1589 1350 1618 Pariter
1373 1596 1461 1618 nunc
1487 1595 1587 1626 opera
1608 1594 1662 1616 me
1685 1584 1779 1625 adju-

1224 1639 1290 1666 vas,
1304 1639 1342 1660 ac
1363 1639 1400 1660 re
1414 1628 1540 1659 dudum
1559 1626 1719 1668 opitulata
1731 1636 1779 1659 eu.

1223 1672 1353 1703 Phorm.
1369 1682 1399 1703 v.
1414 1672 1445 1708 3,
1461 1671 1492 1702 3.
1515 1669 1591 1701 vide
1606 1669 1722 1700 Nom.

1262 1713 1361 1755 peu-o]
1390 1712 1487 1745 Nihil
1512 1712 1594 1744 istac
1619 1722 1703 1753 opus
1727 1718 1779 1745 est

1222 1765 1293 1788 arte
1304 1757 1346 1788 ad
1366 1756 1451 1787 hane
1471 1765 1552 1791 rem,
1574 1764 1677 1795 qnam>
1687 1764 1779 1794 paro.

1224 1799 1309 1830 And.
1323 1798 1344 1830 i.
1360 1800 1388 1835 1,
1401 1799 1431 1829 5.
1462 1796 1559 1833 Quod
1568 1802 1682 1837 parato
1694 1806 1779 1838 opu·

1222 1848 1282 1878 est,
1300 1853 1391 1881 para.
1414 1840 1500 1872 And.
1523 1838 1570 1870 iii.
1587 1840 1617 1875 2,
1633 1839 1687 1870 43.
1731 1838 1780 1870 Ut

1223 1890 1256 1915 te
1270 1883 1446 1915 arbitretur
1460 1881 1523 1913 sibi
1696 1891 1779 1913 mo-

1222 1926 1328 1957 chum
1355 1925 1443 1957 And.
1465 1924 1498 1955 ii.
1525 1925 1554 1961 1,
1578 1923 1629 1955 16.
1674 1923 1779 1956 Hine

1223 1978 1284 2009 ego
1308 1978 1377 2000 non
1396 1978 1475 2008 paro
1499 1976 1553 1998 me
1575 1972 1614 1998 ut
1637 1965 1777 1997 rideant.

1225 2011 1310 2042 Eun.
1333 2010 1367 2041 ii.
1393 2011 1423 2047 2,
1453 2011 1502 2041 18.
1549 2009 1634 2040 Inn’
1654 2010 1778 2048 pando*

1223 2055 1282 2084 te?
1322 2052 1466 2084 Ennii.
1493 2051 1584 2089 2,9.
1627 2050 1780 2082 Cui-aut

1222 2095 1289 2127 sint
1309 2095 1402 2126 domi
1415 2099 1540 2134 peu-an.
1566 2093 1652 2124 Eun.
1674 2092 1722 2124 iii.
1745 2094 1778 2131 2,

1222 2138 1275 2171 47.
1320 2139 1433 2169 Parati
1448 2136 1530 2168 nihil
1544 2142 1603 2167 est.
1626 2135 1713 2167 Eun.
1728 2135 1777 2168 iit

1222 2182 1253 2217 4,
1269 2182 1300 2211 4.
1346 2179 1659 2216 Defensoremparo.
1689 2178 1776 2210 Eun.

1222 2223 1265 2254 iv.
1282 2223 1312 2260 6,
1329 2223 1381 2253 32.
1428 2221 1514 2253 Mihi
1534 2231 1632 2262 magn

1222 2265 1290 2296 lum
1311 2265 1379 2296 scio
1398 2269 1552 2302 par-mn.
1582 2263 1668 2295 Eun.
1690 2273 1723 2295 v.
1744 2264 1777 2301 4,

1223 2308 1274 2341 47.
1319 2307 1395 2338 Tibi
1417 2313 1513 2338 erunt
1532 2311 1648 2344 poeaea
1668 2306 1778 2344 verbu,

1220 2350 1299 2382 huic
1322 2349 1448 2381 homini
1472 2349 1617 2380 verbera.
1652 2347 1777 2380 nant.

1223 2393 1256 2424 ii.
1269 2393 1383 2430 3,115.
1413 2393 1640 2423 Parae-amm.
1654 2390 1777 2423 Henut.

1222 2436 1270 2466 iii.
1295 2437 1324 2471 1,
1346 2436 1399 2466 85.
1444 2434 1516 2465 Nec
1537 2439 1575 2465 tu
1595 2443 1684 2464 anm
1706 2432 1778 2472 tihi,

1223 2488 1283 2509 nec
1292 2477 1638 2520 precawremparoeis.
1655 2475 1778 2508 fleant.

1223 2531 1253 2551 v.
1270 2522 1300 2556 2,
1317 2521 1369 2551 23.
1415 2518 1478 2550 llle
1497 2517 1779 2550 wumvirnobi·

1224 2561 1388 2604 psaltriam
1410 2563 1544 2599 parauit.
1573 2559 1715 2602 Adelph.
1729 2559 1778 2592 xii

1223 2607 1254 2642 4,
1277 2606 1329 2635 31.
1373 2605 1500 2635 Parata
1520 2602 1605 2635 lites.
1636 2602 1777 2644 Adelph.

1223 2658 1253 2678 v.
1270 2648 1301 2684 3,
1317 2647 1348 2678 6.
1385 2645 1539 2687 Aliqum
1553 2654 1656 2687 puem
1670 2644 1776 2677 nun-i·

1222 2700 1294 2721 cem
1322 2698 1412 2727 para.
1459 2688 1543 2719 liec-
1569 2687 1613 2719 iv.
1639 2689 1673 2725 4,
1704 2689 1777 2719 104.

1224 2732 1406 2768 Quamnam
1427 2730 1481 2762 hic
1502 2729 1613 2771 ruffin
1632 2735 1692 2762 aut
1707 2729 1778 2761 fur-

1224 2781 1294 2806 tum
1314 2775 1437 2812 parat?
1474 2772 1605 2804 Phorm.
1626 2771 1649 2804 ἰ
1670 2773 1705 2809 4,
1726 2773 1777 2804 14.

1230 2817 1321 2848 itane
1336 2826 1373 2848 es
1387 2820 1519 2854 param
1531 2814 1639 2846 facere
1652 2825 1706 2846 me
1719 2814 1778 2846 ad-

1225 2869 1356 2890 vorsum
1375 2857 1508 2889 omnia!
1549 2857 1680 2889 Phorm.
1696 2857 1731 2888 ii.
1747 2858 1779 2894 3,

1226 2903 1278 2932 80.
1314 2902 1433 2932 Par-«n
1445 2899 1483 2931 in
1493 2899 1604 2931 animo
1617 2899 1778 2941 cupidita-

1226 2950 1285 2976 tes.
1301 2943 1432 2975 Phonn.
1447 2952 1479 2973 v.
1493 2944 1527 2979 4,
1539 2943 1571 2973 2.

1267 2984 1361 3027 pars]
1371 2984 1780 3018 Animmnaddeteriorem
