1852 3216
95 151 235 183 semu
256 137 329 191 11.]

680 135 741 179 Η
751 133 1012 178 ECYRA.

1529 136 1611 180 481

153 226 347 283 Maligna
365 225 514 278 multo,
535 233 580 270 et
597 226 731 282 magis
751 239 914 282 procax
933 223 1048 267 facta
1067 222 1165 268 ilico
1180 231 1262 268 est.

96 302 138 333 85
156 293 241 336 ΡΗ.
262 292 365 335 Non
384 291 552 348 aedepol
570 292 735 334 mirum.
789 290 872 334 ΡΛ.
893 290 1033 347 Atqui
1051 305 1104 333 ea
1120 306 1191 334 res
1210 290 1344 335 multo
1363 307 1559 336 maxume

153 358 378 414 Disjunxit
395 357 511 399 illum
529 359 585 400 ab
606 357 702 400 illa:
732 364 960 414 postquam
979 364 1023 400 et
1042 357 1135 414 ipse
1156 374 1220 410 se,

154 424 216 466 Et
237 422 364 474 illam,
380 430 424 465 et
444 423 555 465 hanc
574 438 672 478 quae
692 423 806 466 domi
825 430 932 474 erat,
953 425 1152 479 cognovit
1172 425 1289 477 satis,

152 489 228 532 Ad
248 487 489 544 exemplum
509 489 727 531 ambarum
747 503 886 531 mores
906 504 1052 532 earum
1070 490 1347 534 existumans.

153 556 280 607 Haec,
300 557 360 598 ita
380 556 443 598 uti
461 555 625 598 liberali
642 571 738 599 esse
757 555 927 612 ingenio
946 556 1087 606 decet,

96 631 138 661 9ο
154 622 347 673 Pudens,
368 622 585 674 modesta3
618 622 883 664 incommoda
901 628 1030 677 atque
1049 621 1225 677 injurias

152 688 249 730 Viri
268 702 413 730 omnes
436 687 564 738 ferre,
582 694 627 730 et
646 694 793 743 tegere
813 685 1103 730 contumelias.

152 754 240 796 Hic
260 754 424 795 animus
444 754 598 809 partim
618 753 764 795 uxoris
784 753 1074 796 misericordia

152 819 408 870 Devinctus,
430 819 586 875 partim
606 819 742 860 victus
761 817 942 874 hujusce
962 818 1144 874 injuriis,

137 953 190 982 84.
212 952 354 991 Maligna
374 948 483 990 multo]
510 950 661 990 Maligna,
685 948 837 980 difficilis.

95 996 252 1035 Malignus
260 1000 318 1031 est,
331 992 386 1034 qui
395 992 615 1024 difficultatem
623 991 673 1023 sui
686 992 836 1024 ostendit.

95 1036 232 1078 Proca-r]
268 1035 482 1078 Dispoliatrix
502 1042 536 1067 et
564 1041 681 1077 petax:
709 1046 836 1075 procare

95 1081 194 1118 enim,
210 1088 260 1112 est
280 1086 400 1122 petere.
432 1079 522 1120 Virg.
538 1079 614 1110 AEn.
630 1078 651 1110 i.
668 1078 743 1110 536.
762 1089 834 1119 pro-

95 1126 217 1155 cacibus
248 1125 363 1154 austris
378 1135 389 1154 .-
426 1122 461 1154 id
490 1128 549 1160 est,
583 1121 836 1165 impudentibus.

97 1167 182 1200 Nam
204 1166 259 1208 qui
282 1166 419 1198 multum
440 1165 531 1208 petit,
547 1165 719 1207 impudens
735 1172 785 1197 est
805 1171 839 1197 et

95 1220 224 1252 procax.
255 1209 350 1241 Unde
361 1215 394 1240 et
403 1211 489 1249 proci
500 1209 579 1240 dicti
590 1215 675 1246 sunt,
686 1209 741 1251 qui
755 1208 838 1240 filias

96 1253 218 1285 alienas
233 1253 267 1284 in
287 1252 526 1284 matrimonium
546 1252 720 1294 petierunt.
752 1253 840 1284 D.—

95 1298 202 1338 Magis
212 1295 342 1337 proca-r]
355 1296 440 1328 Non.
452 1295 596 1327 Marcell.
607 1295 641 1326 in
652 1297 838 1327 Procacitas.

100 1341 183 1372 L.-
192 1340 246 1371 Ad
276 1339 458 1371 evitandam
489 1338 668 1370 mirabilem
698 1349 776 1370 sane
806 1344 839 1369 et

98 1384 316 1425 perturbatam
340 1383 509 1414 verborum
524 1381 764 1413 collocationem
786 1391 838 1413 re-

97 1437 192 1468 pone,
217 1428 359 1467 Maligna
379 1428 477 1466 magis
500 1430 531 1456 et
627 1427 635 1434 '
650 1448 659 1463 ‚
675 1430 731 1456 etc.
754 1435 837 1467 prae-

99 1470 210 1501 sertim
225 1480 299 1500 cum
321 1469 385 1500 duo
401 1468 491 1500 codd.
511 1478 576 1500 non
597 1469 737 1499 habeant
757 1468 839 1499 illud

99 1515 200 1544 multo.
240 1511 367 1543 Nonius
388 1518 496 1543 tamen
511 1522 541 1543 v.
559 1511 749 1550 Procacitas,
765 1513 837 1543 Ma-

99 1558 184 1597 ligna
199 1558 291 1586 multo
303 1554 390 1596 legit.
423 1555 461 1586 B.

142 1600 193 1630 85.
211 1600 280 1630 Non
301 1600 416 1639 aedepol
435 1596 559 1638 mirum]
581 1597 731 1629 obtinuit
752 1598 838 1639 quod

98 1642 226 1674 volebat
241 1642 409 1673 Parmeno.
448 1642 534 1673 Nam
549 1641 686 1672 credidit
702 1641 839 1673 Philotis

97 1685 249 1726 injuriam
266 1685 382 1716 factam
406 1684 585 1726 Pamphilo.
628 1687 726 1725 Atqui
740 1696 777 1715 ea
791 1696 840 1716 res

98 1731 191 1760 multo
197 1727 337 1769 maxime]
349 1729 539 1770 Opportune
545 1727 735 1760 concitatius
742 1728 821 1759 Pam
826 1746 838 1752 -

122 1772 224 1803 hilum
234 1771 378 1803 defendit
393 1771 562 1809 Parmeno,
574 1777 743 1812 postquam
760 1771 837 1802 Phi-

98 1782 176 1846 lotis
201 1815 332 1846 inducta
357 1820 415 1852 est,
442 1820 480 1845 ut
506 1814 662 1845 fateretur
687 1814 839 1855 injuriam

101 1858 227 1890 factam.
265 1860 362 1899 Atqui
377 1869 412 1889 ea
428 1857 492 1898 res]
508 1859 616 1899 Atqui,
632 1857 706 1889 imo.
741 1858 837 1899 Legi-

101 1908 155 1932 tur
166 1908 198 1932 et
207 1904 317 1942 Atque.
347 1902 503 1932 D.—Non
516 1903 629 1941 oedepol
644 1901 768 1942 mirum]
788 1901 839 1932 Si-

100 1945 230 1986 quidem
256 1945 323 1975 haec
346 1944 416 1986 ipsa
441 1954 537 1975 causa
560 1951 618 1981 est,
635 1944 719 1985 quod
743 1945 837 1976 Pam-

100 1988 209 2030 philus
224 1995 347 2019 amator
368 1998 387 2019 a
409 1987 577 2019 meretrice
598 1987 771 2019 distractus
785 1988 838 2025 sit,

100 2038 213 2073 postea
234 2038 336 2062 ortam
366 2031 525 2072 intelliget
546 2030 757 2072 (posteaquam
782 2034 838 2062 im-

99 2077 222 2115 probam
235 2074 357 2115 sactam
378 2076 523 2115 intelligit
546 2074 611 2114 Z.),
627 2080 661 2105 et
678 2085 748 2106 eam
769 2084 839 2106 esse

101 2118 313 2156 meretricem,
336 2125 369 2149 et
391 2117 460 2157 (sed
482 2117 536 2158 Z.)
559 2128 629 2149 eam
652 2128 723 2158 quae
753 2117 840 2149 domi

100 2161 214 2199 fuerat,
230 2171 364 2193 uxorem
379 2161 538 2203 pudicam,
555 2161 739 2199 modestam,
756 2167 838 2192 tem-

101 2211 279 2247 perantem,
296 2204 446 2245 injuriam
463 2203 524 2235 viri
540 2204 760 2236 sustinentem.
776 2207 837 2236 At-

101 2250 154 2289 qui
169 2250 225 2279 illa
239 2260 287 2279 res
302 2250 428 2279 maa-ime
448 2247 598 2288 disjunxit
612 2249 697 2278 illum
712 2250 751 2278 ab
765 2246 837 2288 illa]

101 2291 184 2322 Cum
204 2290 431 2333 (Inter-rumpit,
448 2303 514 2322 cum
538 2290 592 2330 Z.)
616 2290 755 2333 amplius
770 2302 838 2322 me-

102 2334 204 2365 retrix
225 2334 426 2366 meretricem
449 2334 653 2371 defendisset,
670 2334 755 2375 quod
776 2334 838 2365 im-

102 2378 203 2418 proba
223 2377 306 2408 facta
326 2384 411 2409 esset
431 2377 575 2409 amatori.
607 2377 840 2419 E.—Plerique

102 2419 176 2451 libri
189 2430 248 2462 pro
262 2423 358 2462 Atqui
372 2420 424 2452 hic
440 2421 595 2453 exhibent
608 2423 718 2462 Atque.
750 2421 787 2452 B.

147 2463 198 2496 87.
215 2465 259 2494 Et
280 2463 380 2504 illam]
405 2464 610 2495 Meretricem
626 2464 753 2495 malam.
797 2465 840 2495 Ee

104 2508 181 2537 hanc
202 2517 268 2546 quae
288 2508 366 2538 domi
381 2506 465 2548 erat]
490 2508 633 2539 Uxorem
654 2507 841 2538 modestam.

105 2550 148 2580 Et
177 2551 270 2586 illam,
294 2555 325 2580 et
348 2552 425 2581 hanc
451 2561 517 2591 quae
539 2553 618 2582 domi
640 2551 724 2592 erat]
753 2552 844 2581 Illam

104 2602 176 2632 quae
188 2592 342 2623 meretrix
354 2599 455 2624 esset:
480 2595 565 2631 hanc,
581 2594 615 2624 id
628 2600 685 2630 est,
699 2604 842 2625 uxorem.

106 2634 266 2676 Cognovit]
280 2635 476 2677 Diligentius
489 2642 522 2667 et
533 2636 688 2668 attentius
696 2636 841 2669 conside-

104 2678 197 2709 ravit.
243 2678 327 2709 Nam
350 2690 521 2719 cognoscere
542 2685 592 2710 est
618 2679 791 2720 diligenter
812 2685 845 2711 et

103 2728 226 2753 attente
241 2721 452 2753 considerare.
490 2723 634 2763 Cognovit
646 2722 738 2763 satis]
756 2723 846 2753 Bene

103 2767 188 2802 satis,
208 2775 250 2796 ex
274 2765 375 2807 ipsius
399 2764 550 2802 moribus,
579 2771 612 2796 et
635 2775 676 2796 ex
699 2765 845 2796 meretri-

104 2807 160 2840 cis.
192 2808 234 2839 D.

148 2852 198 2882 88.
215 2853 269 2882 Ad
282 2851 461 2892 exemplum]
482 2850 583 2887 Quasi
604 2851 644 2882 ad
659 2850 843 2892 imaginem,

105 2900 140 2926 ct
152 2894 366 2933 collationem,
383 2901 416 2926 et
430 2894 570 2936 speciem
586 2893 843 2936 comparationis.

106 2937 310 2979 Exi-stimans]
344 2937 542 2979 Intelligens.
582 2937 723 2969 D.—Aa
746 2948 843 2968 exem-

106 2982 191 3020 plum
215 2983 370 3013 ambarum
399 2992 493 3013 mores
521 2992 624 3013 earm
653 2980 844 3022 existimans]

880 949 1049 991 Reputans
1065 955 1098 980 et
1116 954 1316 991 pertractans
1335 950 1501 982 ambarum
1514 960 1620 982 mores

879 992 920 1024 ad
950 992 1143 1034 exemplum.
1188 992 1367 1024 E.-111ud
1394 995 1560 1034 exemplum
1589 1000 1623 1025 et

879 1046 1008 1067 versum
1023 1042 1056 1067 et
1071 1046 1201 1067 sensum
1217 1036 1334 1067 turbat.
1371 1036 1477 1078 Igitur
1491 1047 1533 1068 ne
1547 1047 1620 1069 ver-

878 1089 950 1110 sum
972 1084 1009 1110 ut
1031 1079 1177 1121 ineptum
1198 1084 1231 1110 et
1256 1079 1405 1111 inutilem
1428 1079 1621 1120 ejiciendum

878 1132 953 1153 cum
983 1122 1109 1164 Guyeto
1145 1128 1315 1164 putemus3
1350 1132 1545 1165 reponamus
1579 1126 1623 1155 ad

879 1167 1029 1203 amussim,
1049 1166 1080 1197 h.
1097 1176 1124 1197 e.
1142 1165 1323 1207 diligenter,
1346 1172 1504 1205 accurate,
1525 1167 1621 1198 abso-

879 1208 957 1247 lute,
970 1209 1156 1251 scrupulose
1166 1209 1316 1250 judicans
1327 1216 1361 1241 et
1369 1209 1504 1252 exigens
1514 1220 1622 1242 mores

881 1253 1057 1283 ambarum.
1089 1253 1128 1284 B.

924 1296 975 1327 89.
994 1297 1079 1333 Hac,
1094 1298 1140 1327 ita
1155 1300 1191 1326 ut
1209 1297 1408 1327 liberalium
1428 1298 1549 1337 ingenio
1567 1299 1620 1329 de-

880 1338 944 1379 cet]
969 1339 1115 1374 Qualitas
1136 1339 1361 1380 comparativa.
1392 1339 1564 1371 D.—Cum
1580 1342 1620 1371 li-

882 1383 982 1413 berale
1007 1384 1158 1423 ingenium
1180 1381 1234 1413 hic
1260 1382 1301 1413 ob
1327 1381 1442 1413 seriem
1469 1383 1624 1415 orationis

881 1435 946 1456 non
972 1425 1138 1457 commode
1166 1435 1226 1466 pro
1255 1424 1327 1466 ipsa
1354 1425 1490 1457 muliere
1518 1425 1622 1469 accipi

880 1468 1000 1510 possin
1022 1479 1153 1510 repone,
1169 1470 1256 1506 Haec,
1273 1471 1320 1499 ita
1333 1471 1381 1500 uti
1396 1471 1519 1501 liberali
1532 1475 1623 1511 atque

885 1514 1023 1553 ingenuae
1044 1514 1137 1543 decet.
1185 1512 1236 1542 Ita
1258 1511 1345 1542 enim
1366 1514 1498 1554 ingenua
1519 1523 1620 1556 oppo-

880 1555 970 1586 nitur
983 1557 1144 1593 meretrid,
1159 1565 1231 1596 quae
1238 1554 1306 1586 fere
1321 1565 1450 1597 semper
1461 1555 1514 1587 vel
1525 1556 1623 1588 liber-⁴

880 1598 948 1629 tina
978 1597 1030 1629 vel
1060 1598 1231 1640 peregrina
1254 1604 1333 1629 erat.
1387 1599 1495 1640 Atque
1526 1599 1622 1631 Phor.

882 1640 903 1672 i.
928 1643 958 1672 3.
983 1642 1032 1672 16.
1055 1644 1186 1682 ingenua
1207 1647 1240 1672 et
1262 1643 1400 1673 liberalis
1420 1643 1622 1684 conjungun—

882 1691 944 1716 tur.
983 1685 1021 1716 B.

925 1729 976 1759 90.
994 1727 1125 1765 Pudens,
1139 1727 1289 1769 modesta]
1315 1728 1396 1759 Haec
1411 1734 1523 1760 contra
1543 1728 1624 1761 vitia

881 1771 1063 1803 meretricia
1077 1771 1195 1813 posuit.
1240 1771 1371 1803 Pudens
1383 1772 1462 1810 haec,
1475 1772 1532 1803 illa
1545 1783 1622 1822 pro-

882 1825 957 1846 cax:
981 1815 1126 1846 modesta
1146 1815 1224 1852 haec,
1239 1814 1295 1846 illa
1318 1814 1475 1856 maligna:
1499 1815 1624 1857 rehqua

882 1868 959 1889 vero
991 1858 1251 1900 superadduntur
1281 1864 1470 1889 ornamenta
1502 1859 1623 1898 uxoris,

882 1908 1099 1943 matronaeque
1112 1901 1232 1932 laudes.
1270 1903 1457 1932 Inoommoda
1472 1906 1562 1943 atque
1573 1904 1622 1933 iu-

874 1944 996 1986 jurias]
1013 1944 1147 1982 callide,
1166 1944 1295 1976 laudata
1310 1955 1410 1975 uxore
1425 1955 1490 1976 non
1505 1945 1624 1987 repetit

880 1988 960 2019 vitia
996 1988 1174 2020 meretricis
1204 1988 1288 2029 apud
1324 1988 1527 2019 meretricem
1542 1999 1550 2019 ε
1589 1995 1624 2020 et

881 2031 978 2063 simul
992 2038 1163 2063 contentus
1184 2031 1225 2062 de
1246 2030 1357 2062 uxoris
1371 2030 1529 2068 laudibus,
1544 2031 1624 2064 vitia

881 2075 1060 2106 meretricis
1075 2074 1236 2116 intelligit.
1271 2076 1455 2105 Incommoda
1469 2080 1558 2115 atque
1572 2077 1622 2106 in·-

874 2118 981 2159 jurias
989 2121 1049 2149 viri
1057 2117 1263 2158 omnesserre]
1281 2118 1402 2158 Figura
1411 2116 1561 2158 ἔλλειψις.
1579 2118 1622 2150 D.

925 2163 976 2193 91.
998 2161 1127 2203 Tegere]
1149 2161 1222 2192 Hoc
1245 2161 1319 2202 plus
1334 2167 1392 2198 est,
1409 2171 1503 2202 quam
1519 2161 1620 2193 ferre:

883 2210 915 2235 et
931 2210 1052 2246 tegern
1074 2204 1159 2246 quod
1179 2203 1380 2235 meretricem
1401 2210 1532 2235 amaret.
1577 2204 1623 2236 Et

882 2248 955 2290 plus
985 2248 1069 2279 dixit
1090 2253 1199 2289 tegere,
1230 2257 1324 2288 quam
1350 2247 1463 2278 celare.
1511 2249 1623 2289 Tegere

882 2291 968 2322 enim
984 2291 1024 2322 ad
1037 2292 1097 2322 hoc
1112 2291 1204 2328 dixit,
1220 2297 1257 2321 ut
1272 2300 1336 2321 non
1353 2290 1457 2321 solum
1472 2290 1623 2331 cuiquam

883 2344 949 2365 non
965 2334 1114 2372 ediceret,
1130 2334 1187 2365 sed
1200 2339 1232 2365 et
1247 2344 1288 2364 ne
1301 2333 1372 2374 quis
1388 2333 1494 2365 sciret.
1526 2334 1569 2365 D.

926 2378 979 2409 92.
1001 2379 1073 2415 Hic,
1096 2376 1230 2418 animus]
1253 2376 1401 2408 Oratorie
1422 2376 1526 2408 dixit:
1557 2387 1623 2409 non

883 2420 970 2452 enim
1008 2420 1212 2462 Pamphilum
1248 2419 1348 2450 dixit:
1387 2419 1444 2451 sed
1479 2419 1623 2452 animum

884 2463 1056 2506 Pamphili.
1100 2466 1172 2501 Hic,
1203 2462 1336 2504 animus]
1366 2464 1430 2494 Hic
1460 2473 1521 2504 pro
1550 2469 1622 2496 nm.

887 2507 977 2548 Virg.
993 2507 1067 2538 AEn.
1084 2506 1128 2538 ix.
1146 2507 1218 2537 246.
1255 2508 1318 2537 Hic
1335 2508 1424 2537 annis
1441 2508 1557 2547 gravis,
1571 2513 1622 2539 at-

886 2562 943 2591 que
955 2553 1048 2582 animi
1058 2555 1194 2581 maturus
1210 2550 1339 2581 Alethes.
1382 2551 1491 2580 Uxoris
1504 2552 1623 2582 waiam-¹

886 2593 1006 2634 cordia]
1022 2592 1223 2633 Ἀμφιβολία.
1273 2594 1382 2623 Uxoris
1400 2593 1623 2635 misericordia]

888 2637 998 2674 Recte,
1016 2635 1090 2677 quia
1107 2646 1149 2666 ex
1170 2635 1389 2666 misericordia
1410 2645 1499 2667 amor
1518 2637 1626 2669 nasci.

887 2685 949 2711 tur.
996 2679 1047 2710 Sic
1066 2685 1098 2710 et
1119 2678 1153 2709 in
1172 2677 1376 2715 Phormione,
1391 2681 1544 2711 misertum
1558 2685 1623 2713 este

886 2725 971 2763 virgo
985 2725 1052 2763 ipsa
1058 2720 1144 2762 facie
1158 2723 1290 2762 egregia.
1314 2721 1403 2763 Virg.
1420 2722 1496 2754 AEn.
1511 2722 1555 2756 iv.
1573 2725 1623 2756 1³.

892 2768 959 2802 heu,
974 2767 1081 2806 quibus
1096 2767 1147 2795 ille
1160 2763 1391 2805 Iactatus-fatie
1402 2768 1418 2797 l
1452 2765 1494 2797 D.

931 2810 982 2840 93.
1000 2810 1173 2844 Devinctus,
1190 2810 1304 2847 partim
1317 2807 1430 2850 victua]
1446 2809 1499 2841 De
1512 2809 1624 2853 proxi-

886 2861 940 2882 mo
966 2850 1120 2892 repetivit
1141 2849 1319 2891 παρόμοιον,
1337 2853 1499 2890 ἀρνία-ευ,
1515 2856 1623 2886 viem.

888 2896 1008 2926 Partim
1033 2896 1130 2926 vietus
1159 2893 1280 2935 hujusce
1309 2893 1452 2937 injur-iu]
1467 2896 1626 2933 *Qualitas

887 2937 1030 2969 relativa.
1063 2937 1272 2980 D.—Recipe
1293 2937 1463 2972 lectionem
1479 2940 1624 2974 omnium

888 2980 978 3013 codd.
995 2983 1091 3012 victus
1104 2980 1195 3022 huius
1207 2981 1333 3022 injuria.
1365 2981 1403 3013 B.

1056 3025 1076 3054 3
1092 3033 1114 3057 Q
