1910 3216
437 117 623 156 INDEX
652 116 978 154 VERBORUM
1010 118 1082 155 ΕΤ
1110 118 1433 156 PHRASIUM.

69 207 164 233 terno

362 204 464 231 atru-
499 205 624 231 vorent.
659 207 756 248 quam
770 204 822 230 ut
836 203 894 230 est.
913 198 975 230 Ad.
990 209 1019 231 v·
1034 201 1065 238 3,
1080 201 1134 232 48.
1151 200 1212 232 Ni·
1248 202 1429 232 aneton-itan
1453 200 1574 232 fautrix
1598 200 1762 243 adjutrixq

1758 126 1801 158 15

70 243 156 275 Eun.
172 254 203 275 v.
217 244 248 279 4,
267 243 317 276 17.
355 242 437 274 'ram
459 250 624 274 emacem
660 251 761 273 mium
772 241 814 273 ad
829 251 898 273 rem
910 241 944 273 in
959 249 1091 274 nenecta
1102 246 1216 275 utenti
1248 243 1301 275 uit.
1317 243 1400 275 nec.
1416 243 1483 275 Alt.
1496 243 1582 275 Ptol.
1598 245 1651 275 40.

68 286 203 318 reddam
218 291 316 326 atque
324 291 435 322 atram,
447 295 544 326 quam
552 295 622 316 eer-

70 329 164 360 bo’tt.
182 328 323 370 Adelph.
338 339 367 359 v.
382 329 411 365 3,
425 329 477 359 63.
494 327 626 360 Introiit

70 371 107 402 in
142 371 221 402 aedia
257 377 325 402 ater
361 371 487 402 alienus
523 370 623 402 cania-

71 414 202 445 Pborm.
215 414 257 445 iv.
275 416 305 450 4,
323 415 375 445 25.

659 294 780 315 tumus.
799 284 938 326 Adelph.
950 295 979 315 v.
997 287 1027 323 8,
1044 286 1097 317 31.

1291 285 1471 327 ane-pin]
1500 286 1575 318 Hoc
1602 297 1723 319 novum
1754 293 1806 319 eet

701 326 827 368 Attiou]
865 327 1011 359 Puellam
1038 339 1080 360 ex
1108 331 1217 361 Attica
1249 331 1421 369 (κουρίαι.
1438 329 1523 360 Ειιιι.
1539 329 1575 360 ii.
1591 330 1688 366 2,16.

658 369 734 400 hinc
749 370 826 401 abre
852 378 927 401 tam.
943 371 1028 401 Eun.
1046 371 1067 402 i.
1085 373 1115 407 2,
1132 373 1184 402 30.

702 380 849 453 Atticm?

1292 370 1441 412 adacio]
1463 372 1590 403 Audire
1616 382 1728 404 eorum
1753 378 1805 406 eut

862 413 976 444 Civem
991 415 1130 445 Atticam
1145 424 1216 445 esee
1250 423 1357 455 operae
1369 414 1510 456 pretium
1520 417 1692 446 audaciam.
1718 414 1803 446 And.

114 456 260 497 Athene]
275 456 363 492 Quid
376 465 411 487 tu
423 455 623 488 Athen-asin·
658 454 751 486 hanc.
781 455 867 486 And.
898 455 919 486 i.
945 457 975 493 3,
1006 457 1054 487 16.
1092 459 1216 488 Anien
1249 456 1271 488 i.
1286 458 1316 493 3,
1332 458 1380 488 12.
1397 457 1804 495 Emmeintenditense,

69 499 199 530 nolens?
225 500 309 531 And.
327 510 356 531 v.
380 500 410 535 4,
430 500 460 530 4.
504 499 553 530 Te
567 498 625 530 de·

69 541 224 573 siderium
263 545 451 574 Athenas-un
487 541 626 573 arbitror

69 585 196 627 cepisse
211 595 307 626 ωερε.
334 585 416 616 Hec.
433 585 453 615 i.
471 586 501 622 2,
520 585 570 616 13.

112 627 221 668 atque]
258 628 368 659 Alium
395 637 510 659 censes
539 637 625 658 nunc

70 677 227 711 meatque
242 670 342 701 olim!
366 671 453 703 And.
466 670 512 701 iii.
530 671 560 708 3,
577 671 625 701 13.

71 713 148 744 Non
179 713 343 755 Apollinis
379 713 483 754 magis
513 723 626 744 verum

70 761 161 796 atque
176 757 237 787 hoc
252 766 444 797 responsum
464 762 522 787 eat.
540 755 626 787 And.

70 798 114 830 iv.
143 800 174 836 2,
202 800 251 830 15.
292 799 395 830 Miser
421 809 512 840 aeque
537 804 627 839 atque

72 852 143 882 ego.
167 842 254 873 And.
271 842 313 873 iv.
332 844 361 879 2,
382 843 430 873 19.
456 842 508 872 Ne
530 841 626 872 alior-

71 894 143 916 sum
166 890 257 926 atque
279 895 340 926 ego
370 884 432 916 feci
455 884 625 926 acceperit.

72 927 159 958 Eun.
171 927 191 958 i.
210 929 239 964 2,
252 929 282 958 2.
309 927 415 959 Etiam
427 933 519 968 atque
530 927 627 958 etiam

71 970 133 1001 hoc
148 970 265 1011 cogita.
289 970 374 1001 Eun.
387 970 409 1001 i.
431 971 457 1007 l,
476 971 524 1001 ll.
555 969 626 1000 Ali-

72 1018 124 1044 ter
149 1019 242 1044 tuum
268 1023 421 1050 amorem,
449 1018 540 1053 atque
567 1018 627 1049 est,

72 1055 203 1098 aecipie-
229 1056 349 1087 Heaut.
372 1055 407 1086 ii.
431 1057 461 1092 3,
485 1057 536 1086 23.
568 1055 626 1086 Ti-

71 1108 146 1129 meo
182 1108 224 1129 ne
253 1098 343 1130 aliud
367 1098 506 1135 credam,
537 1103 628 1138 atque

72 1140 161 1172 aliud
173 1142 314 1172 nunties.
338 1141 421 1172 Hec.
434 1151 463 1172 v.
477 1142 507 1178 4,
524 1142 553 1172 4.
579 1140 628 1171 Te

72 1183 154 1214 mihi
175 1183 305 1215 fidelem
329 1194 400 1216 esse
422 1193 514 1224 aeque
537 1189 629 1224 atque

72 1233 210 1267 egomet.
229 1226 410 1258 Phomiv.
428 1228 456 1264 l,
472 1228 520 1257 15.
538 1226 628 1257 Faxo

72 1279 148 1300 eum
170 1269 228 1300 tali
250 1276 426 1301 mactatum
453 1274 545 1309 atque
575 1269 627 1299 hic

72 1318 123 1343 est
138 1311 324 1343 infortunio.
343 1312 471 1343 Phorm.
488 1322 517 1342 v.
532 1313 561 1348 8,
575 1312 626 1342 39.

115 1360 207 1395 aeque
221 1354 315 1395 adeo]
332 1357 435 1395 Atque
446 1356 521 1386 adeo
532 1354 566 1385 in
576 1354 626 1396 ip-

72 1407 109 1428 so
124 1404 271 1438 tempore
286 1408 408 1429 eccum.
430 1397 516 1428 And.
533 1397 580 1428 iii.
598 1398 628 1434 2,

73 1441 125 1470 52.
159 1443 262 1481 Atque
276 1442 351 1472 adeo
371 1440 548 1481 longum'st
569 1450 629 1471 nos

72 1482 165 1513 illum
176 1490 375 1524 exspectare.
393 1483 479 1514 And.
488 1493 517 1514 v.
532 1483 562 1520 6,
578 1483 626 1513 13.

75 1525 122 1556 Ut
130 1525 213 1557 clam
224 1526 354 1557 eveniat
367 1533 482 1568 partus
491 1532 628 1567 patrem,

72 1573 164 1608 atque
184 1571 259 1600 adeo
280 1579 403 1600 omnes.
429 1568 511 1600 Hec.
534 1568 581 1599 iii.
598 1570 628 1606 3,

115 1654 221 1695 atqui]
246 1654 304 1686 Nil
325 1664 469 1696 prorsus.
493 1653 527 1684 S.
543 1656 631 1694 atqui

72 1698 300 1737 exspectabam
322 1697 461 1738 quidem.
487 1696 573 1728 And.
596 1696 630 1727 ii.

73 1741 105 1776 6,
128 1741 159 1770 4.
190 1740 278 1775 Quid
300 1740 348 1771 aia
363 1739 536 1770 venefica?
567 1739 629 1770 ΡΥ.

73 1783 171 1822 Atqu·
181 1790 271 1814 certo
285 1782 438 1824 comperi.
457 1783 541 1813 Eun.
553 1792 582 1812 v.
602 1783 629 1818 l,

75 1826 107 1856 9.
126 1827 226 1866 Atqui
236 1833 272 1857 tu
286 1826 371 1856 hanc
382 1825 484 1865 jocari
496 1825 603 1856 credis
615 1826 628 1855 2

76 1869 196 1899 Heaut.
218 1869 260 1899 iv.
277 1870 308 1904 4,
327 1869 355 1901 7.
379 1871 477 1908 Aequa·
497 1868 558 1899 hoc
574 1878 629 1898 ve-

74 1912 200 1943 rnm'st.
223 1911 363 1952 Adelph.
381 1922 411 1941 v.
431 1913 462 1947 5,
479 1912 507 1941 5.
531 1913 631 1951 Atqui

74 1954 122 1986 nil
137 1951 227 1990 fecit,
249 1954 334 1994 quod
358 1963 557 1985 succenseas.
581 1954 629 1984 A·

75 1997 183 2040 delph.
197 1997 231 2028 ii.
252 1998 280 2034 1,
297 1998 348 2027 33.

116 2039 223 2080 ωηατ]
265 2038 454 2070 Incredibili
476 2049 511 2070 re
532 2044 630 2079 atque

74 2085 172 2115 atroci
186 2082 341 2124 percitus.
366 2082 448 2112 Hec.
465 2081 512 2112 iii.
530 2083 560 2118 3,
580 2081 628 2114 17.

116 2133 262 2162 attan-en,
284 2130 319 2156 nt
341 2123 458 2164 tanen]
485 2126 630 2155 Attamen

74 2169 131 2200 ubi
148 2169 229 2200 fides
250 2167 278 2199 si
300 2177 405 2209 roges,
427 2166 474 2198 nil
495 2166 628 2208 pudent.

75 2212 163 2243 And.
178 2211 222 2242 iv.
241 2212 269 2246 1,
288 2211 338 2241 12.
356 2210 458 2247 Dave,
471 2215 506 2240 at
520 2215 629 2240 tanen

75 2255 132 2286 Nil
148 2254 261 2285 habeo.
278 2253 315 2284 C.
329 2255 375 2284 At
390 2258 489 2284 tmen
504 2252 628 2293 siquid.

76 2297 162 2328 And.
175 2297 218 2328 iv.
234 2298 264 2333 2,
282 2296 323 2329 27
339 2302 373 2327 et
389 2297 440 2326 30.

118 2339 235 2380 aetate]
252 2341 371 2370 Amce.
382 2337 468 2369 And.
481 2337 525 2369 iv.
535 2338 566 2375 4,
581 2338 628 2368 15.

75 2382 151 2414 vide
163 2382 276 2414 Notas.

117 2423 259 2465 eundo]
299 2425 383 2456 Cum
405 2421 537 2455 silentio
557 2421 628 2453 ani-

75 2478 166 2499 mum
181 2468 339 2498 attendite.
364 2466 450 2497 Eun.
474 2465 559 2496 Prol.
578 2466 628 2495 44.

76 2510 151 2542 vide
177 2510 290 2541 Nom
319 2509 429 2550 AEquo
449 2508 559 2539 animo
580 2513 630 2538 at·

77 2556 204 2584 tendite.
249 2552 332 2583 Hec-
359 2551 427 2583 Alt.
461 2550 546 2582 Prol.
578 2551 629 2581 20.

78 2597 253 2636 Postquam
268 2595 387 2626 amai
406 2593 519 2635 mngis.
544 2593 627 2624 Hec.

76 2639 110 2670 ii.
128 2640 159 2676 2,
178 2639 229 2669 25.
252 2637 342 2672 Quid
354 2636 464 2673 velim,
486 2635 631 2667 animum

77 2683 238 2712 attendite.
284 2679 415 2711 Phorm.
454 2677 540 2710 Prol.
578 2679 630 2709 25.

76 2724 236 2756 Animum
251 2722 335 2764 coepi
350 2723 516 2753 attenden-
533 2720 630 2752 Phor.

79 2777 109 2798 v.
127 2767 158 2803 6,
175 2767 227 2797 28.

120 2807 255 2849 attente]
278 2807 364 2838 Tute
374 2811 491 2838 attente
502 2805 631 2837 illorum

76 2851 182 2883 officia

659 497 800 538 quidam.
818 498 904 530 And.
923 509 952 529 v.
969 500 999 536 4,
1017 501 1068 531 20.
1092 500 1215 531 Audivi

660 550 702 571 ex
710 540 776 577 illo,
793 551 865 572 aeae
877 551 947 573 eene
963 544 1111 573 Attica-u.
1128 543 1214 584 And.

661 593 690 614 v.
702 584 733 620 4,
750 584 802 614 24.
827 584 939 615 Dixin’

661 626 752 657 vobis
759 629 897 658 Atticen
905 627 935 658 el

662 679 691 700 v.
709 670 739 705 8,
753 670 805 700 63.

703 711 819 753 attigo]
843 713 897 744 Ne
911 723 965 744 me
979 716 1104 755 attigae.
1127 714 1214 746 And.

662 754 704 785 iv.
721 756 752 792 4,
766 756 818 786 50.
836 755 910 786 vide
929 756 1041 788 Nona.

704 800 828 834 attineo,
855 798 994 840 adtineo]
1025 799 1214 841 Comperie-

662 840 736 871 bam
749 840 831 871 nihil
843 841 885 872 ad
902 841 1106 883 Pamphilum
1124 843 1214 883 quic-

662 893 758 923 quam
781 887 923 915 attinere.
950 885 1035 915 And.
1065 885 1086 916 i.
1115 887 1143 922 l,
1162 886 1213 916 63.

664 925 755 956 Nihil
771 926 811 956 ad
827 936 879 957 me
895 929 1024 958 adtinet.
1044 928 1130 959 And.
1145 928 1165 959 i.
1184 930 1213 965 2,

666 968 714 999 16.
733 969 785 999 Ad
797 976 830 1000 te
842 971 981 1000 adtinere
989 970 1073 1001 hanc
1084 981 1214 1002 omnem

661 1021 740 1042 rem.
759 1011 843 1042 Eun.
860 1011 902 1042 iv.
920 1013 951 1049 6,
966 1013 997 1043 6.
1011 1013 1061 1043 Ea
1076 1023 1147 1054 quae
1162 1014 1212 1044 ni-

661 1053 708 1084 hil
724 1054 766 1085 ad
778 1061 809 1084 te
824 1056 973 1085 adtinent.
1000 1055 1121 1086 Heaut.
1144 1056 1165 1087 i.
1186 1058 1213 1093 1,

663 1097 714 1127 24.
732 1096 826 1127 Nihil
837 1097 878 1127 ad
887 1107 939 1128 me
947 1100 1068 1129 attinet.
1089 1098 1181 1129 Adel.
1193 1099 1213 1130 i.

663 1140 693 1176 2,
710 1140 762 1170 54.
787 1139 906 1171 Jamne
921 1150 975 1171 me
990 1141 1040 1172 vis
1058 1141 1166 1172 dicere
1181 1142 1215 1173 id

661 1182 747 1222 quod
762 1182 804 1213 ad
820 1189 853 1213 te
866 1186 1004 1214 attinet?
1024 1183 1162 1226 Adelph.
1180 1184 1213 1215 ii.

666 1226 693 1262 1,
719 1226 771 1255 32.
801 1225 899 1260 Quod
921 1226 963 1257 ad
986 1226 1079 1257 illum
1103 1229 1215 1258 attinet

662 1267 875 1308 potissimum.
904 1268 1045 1310 Adelph.
1063 1269 1109 1300 iii.
1132 1271 1159 1306 1,
1185 1271 1214 1301 9.

665 1310 774 1341 Unum
785 1310 864 1341 illud
874 1311 915 1342 ad
927 1321 980 1342 me
989 1314 1109 1342 attinet.
1122 1312 1214 1343 Adel.

663 1352 709 1383 iii.
726 1355 756 1390 4,
770 1354 821 1383 82.
842 1353 917 1384 vide
938 1354 1050 1385 Notas.
1067 1355 1163 1390 Quod
1176 1356 1216 1386 ad

663 1395 747 1426 hanc
756 1406 823 1426 rem
833 1399 954 1427 attinet.
965 1396 1059 1427 Phor.
1068 1397 1115 1428 iii.
1129 1399 1156 1435 1,
1166 1398 1215 1430 17.

706 1437 842 1479 attingo]
866 1438 902 1469 Si
917 1439 1005 1470 illam
1020 1439 1124 1480 digito
1138 1443 1214 1472 am-

660 1484 753 1521 gerit.
772 1481 856 1512 Eun.
872 1481 915 1512 iv.
932 1482 962 1519 6,
974 1483 1004 1512 2.
1015 1482 1090 1513 vide
1102 1483 1215 1514 Notas.

664 1523 815 1564 Tetigine
826 1523 873 1555 tui
886 1524 1080 1565 quicquam?
1110 1526 1163 1556 AE.
1181 1526 1216 1557 Si

662 1569 828 1607 attigisses,
858 1566 959 1598 ferrea
994 1567 1216 1599 insomnium.

665 1609 806 1650 Adelph.
828 1609 861 1640 ii.
888 1610 915 1647 1,
942 1611 993 1641 24.
1030 1611 1136 1642 Nocte
1163 1611 1218 1642 illa

665 1651 771 1693 prima
799 1652 959 1693 virginem
997 1663 1063 1684 non
1099 1657 1217 1696 attigit.

670 1695 749 1726 Hec.
766 1695 788 1726 i.
805 1696 835 1732 2,
852 1696 904 1726 61.
928 1695 1022 1727 Situ
1037 1695 1126 1727 illam
1141 1700 1218 1728 atti·

663 1740 748 1777 geris
773 1748 867 1768 secus
889 1748 986 1778 quam
1009 1739 1144 1780 dignum
1170 1747 1220 1771 eat

665 1780 809 1811 liberam.
824 1781 954 1812 Phorm.
970 1780 1004 1811 ii.
1023 1783 1053 1819 3,
1069 1783 1121 1813 91.
1150 1782 1218 1814 Ne·

665 1833 728 1863 que
762 1823 894 1864 postilla
926 1833 1068 1864 unquam
1102 1827 1218 1866 attigit.

667 1866 796 1896 Phorm-
814 1876 843 1896 ν.
860 1868 891 1903 3,
907 1866 958 1897 29.

708 1908 831 1949 attollo]
844 1910 961 1940 Attolle
975 1908 1119 1951 pallium.
1134 1909 1219 1941 Eun.

665 1950 707 1982 iv.
725 1951 756 1987 6,
773 1953 824 1981 31.

707 1993 765 2034 aa]
791 1993 929 2025 Dictura
950 2004 985 2025 ee
1002 1994 1088 2035 quod
1115 1996 1218 2036 rogo?

667 2036 714 2067 M.
733 2039 793 2067 Au.
818 2036 903 2067 And.
919 2036 962 2067 iv.
980 2038 1010 2073 4,
1030 2038 1078 2068 12.
1096 2039 1146 2068 Λα
1161 2038 1218 2069 ob·

664 2089 764 2110 seem.
777 2079 862 2110 Eun.
878 2079 921 2110 iv.
939 2081 968 2116 3,
982 2081 1032 2110 14.
1048 2082 1100 2111 Au
1113 2091 1164 2118 au,
1175 2080 1220 2111 mi

664 2122 761 2154 bomo
776 2123 891 2153 sanun’
906 2123 961 2153 es?
976 2122 1115 2164 Adelph.
1129 2123 1175 2154 iii.
1189 2124 1218 2161 2,

666 2166 717 2196 38.
732 2164 806 2196 vide
820 2165 934 2196 Notas.

707 2206 816 2247 avare]
839 2208 1025 2248 Numquam
1040 2218 1131 2239 ware
1145 2218 1220 2250 pre-

666 2250 747 2281 tium
770 2250 870 2281 statui
891 2250 953 2282 arti
976 2260 1067 2281 mee.
1096 2250 1216 2282 Heaut.

667 2293 752 2324 Ptol.
765 2294 818 2323 48.

708 2334 859 2375 avaritia]
885 2334 982 2372 Vide,
992 2337 1127 2366 avaritia
1142 2335 1219 2376 quid

666 2378 752 2409 facit.
770 2378 901 2409 Phorm.
917 2377 951 2408 ii.
969 2379 999 2414 3,
1019 2379 1069 2409 12.

953 594 1014 626 ego
1027 585 1062 616 in
1071 586 1132 617 boc
1145 596 1215 617 eene

937 628 1118 669 egnatium?
1130 629 1213 661 Eun.

698 2420 826 2461 warns]
834 2421 988 2452 Amorem
994 2420 1219 2452 difficillimum
1280 2421 1288 2428 “

666 2470 700 2495 et
713 2464 924 2500 carissimum,
937 2473 957 2494 a
966 2463 1137 2494 meretrice
1145 2474 1216 2495 aa·

665 2518 703 2537 ra
717 2506 876 2548 virginem
894 2516 958 2546 qno
972 2507 1110 2537 amabat.
1133 2506 1219 2537 Eun.
1256 2503 1263 2510 '
1288 2527 1297 2535 .

665 2559 695 2581 v.
712 2550 743 2586 4,
760 2551 790 2580 5.
803 2549 878 2580 vide
900 2549 1012 2579 Notas.
1035 2551 1158 2580 Avens
1172 2548 1219 2580 le·

666 2602 718 2623 no.
745 2592 866 2623 Heaut.
880 2591 966 2622 Prol.
984 2592 1035 2622 39.

709 2633 832 2674 anem]
848 2634 938 2669 Quos
952 2634 1006 2665 hic
1021 2639 1131 2665 noster
1144 2645 1218 2665 anc-

667 2682 747 2708 tores
758 2677 866 2708 babet.
882 2676 968 2707 And.
993 2675 1079 2707 Prol.
1097 2677 1148 2707 20.
1171 2676 1220 2708 Te

666 2718 1218 2760 ammqnodfecinetnduleoeem.

668 2762 753 2793 Eun.
765 2772 795 2793 v.
813 2762 843 2798 6,
862 2762 912 2792 12.
934 2760 1220 2793 Auctorhisrebm

666 2805 740 2845 quia
762 2805 834 2835 eet!
867 2803 1007 2846 Adelph.
1035 2803 1078 2835 iv.
1108 2805 1138 2841 5,
1166 2803 1219 2837 37.

296 2860 342 2881 re.
361 2849 481 2880 Heaut.
497 2848 519 2879 i.
539 2849 568 2886 1,
581 2849 631 2879 14.
670 2846 752 2878 Idne
767 2846 846 2878 estis
858 2846 1106 2878 moramini?
1124 2845 1219 2878 Adel.

121 2900 258 2926 attenta
298 2892 438 2924 Animus
452 2891 489 2923 in
508 2901 568 2932 spe
582 2897 631 2922 at-
668 2900 698 2921 v.
715 2891 746 2926 8,
766 2890 815 2920 16.

77 2947 141 2978 que
167 2937 202 2967 in
226 2936 342 2967 timore

368 2944 470 2975 uaque
497 2933 633 2965 antebac
709 2930 896 2972 “dorin-u]
918 2931 1105 2972 Numquam
1127 2931 1219 2963 defu-

77 2982 224 3012 adtentus
237 2979 309 3010 fuit.
326 2977 412 3009 And.
427 2977 462 3008 ii.
477 2977 505 3014 1,
518 2977 548 3008 3.
564 2978 633 3008 Ad·
667 2975 754 3016 giam
775 2977 997 3006 auctor-itaten-
1027 2974 1112 3005 Eun.
1134 2973 1169 3005 ii.
1189 2975 1220 3012 8,

79 3019 634 3056 tentimesumuaadremomnee,
669 3019 721 3050 99.
753 3017 801 3048 Ut
820 3023 929 3053 vestra
949 3019 1119 3048 «mmm
1139 3016 1389 3054 meamea.

1251 505 1287 530 ut
1297 506 1347 531 est
1361 502 1502 531 audacia.
1526 500 1612 532 Eun.
1630 500 1677 532 iii.
1701 501 1731 538 3,
1753 501 1804 532 19.

1251 543 1280 574 0
1302 542 1445 574 hominia
1464 543 1678 584 inpudentem
1706 545 1804 575 auda-

1249 587 1337 616 ciant.
1356 585 1476 617 Heaut.
1492 585 1526 617 ii.
1544 587 1575 623 3,
1589 586 1640 619 72.
1669 586 1803 618 Joculn-

1250 637 1318 658 rem
1330 629 1502 660 audaciam.
1520 629 1650 661 Phorm.
1665 628 1686 660 i.
1705 630 1735 665 2,
1751 630 1804 660 84.

1250 670 1399 702 Tantane
1425 671 1587 703 adfectum
1611 681 1806 712 quemquam

1250 723 1320 745 esse
1331 714 1496 746 hominem
1506 716 1662 747 adada!
1672 714 1805 747 Phorm.

1251 766 1279 787 v.
1298 756 1328 793 7,
1345 758 1396 787 84.

1292 798 1457 840 audacter]
1474 799 1521 830 Ut
1534 805 1565 832 te
1575 801 1725 832 “daem
1734 809 1804 832 mo-

1251 851 1344 873 neam
1360 849 1394 873 et
1408 842 1618 874 familiariter.
1644 843 1766 874 Heaut-
1781 842 1803 874 i.

1253 885 1280 919 l,
1308 885 1337 915 6.
1378 884 1493 916 Minus
1518 885 1621 916 multo
1647 887 1806 923 audacter,

1250 937 1345 967 quarn
1355 938 1441 959 nunc
1451 927 1549 965 laedit,
1556 928 1696 959 laederet.
1708 928 1807 960 Phor.

1251 970 1336 1000 Prol.
1363 971 1412 1001 11,
1451 972 1664 1002 Audon-iasine
1699 970 1809 1003 oneris

1249 1012 1378 1052 quidvis
1392 1012 1533 1054 impone,
1549 1020 1583 1044 et
1597 1013 1689 1045 feret.
1706 1014 1806 1045 Phor.

1250 1055 1295 1085 iii.
1315 1057 1345 1091 3,
1363 1056 1414 1086 28.

1291 1097 1411 1138 audax]
1423 1098 1453 1128 O
1463 1097 1588 1129 facinus
1596 1100 1708 1130 audax.
1716 1099 1805 1131 And.

1250 1139 1283 1170 ii.
1301 1141 1331 1177 3,
1346 1141 1397 1173 27.
1421 1141 1451 1171 Ο
1467 1140 1630 1172 hominem
1652 1143 1808 1174 audace..

1251 1183 1338 1213 And.
1362 1183 1406 1214 iv.
1432 1184 1463 1220 4,
1492 1184 1544 1214 30.
1584 1184 1714 1215 Hocine
1740 1191 1808 1216 tam

1250 1227 1353 1256 audax
1375 1225 1501 1256 facinus
1523 1225 1631 1257 facere
1653 1237 1725 1258 esse
1748 1237 1806 1258 au-

1250 1269 1345 1299 sum?
1372 1268 1455 1299 Eun.
1479 1268 1523 1299 iv.
1540 1270 1571 1305 3,
1588 1270 1618 1299 2.
1641 1270 1672 1300 Ο
1687 1269 1806 1301 aceles·

1253 1317 1442 1384 ‘1³:¹32ssss
1460 1312 1805 1395 fflffgmfflm‘

1388 1376 1397 1384 .
1436 1375 1445 1390 ,
1507 1377 1513 1382 .

1250 1398 1400 1427 cissam!
1417 1396 1540 1427 Eun-v.
1552 1399 1584 1433 4,
1601 1397 1652 1428 26.
1665 1397 1809 1433 Quitam

1251 1440 1379 1469 audacis
1407 1438 1560 1470 facinoris
1582 1439 1629 1470 mi
1656 1439 1807 1472 oonaciua

1251 1481 1305 1512 eis.
1330 1481 1460 1512 Phorm.
1476 1481 1498 1512 i.
1515 1482 1546 1519 3,
1560 1482 1592 1512 4.

1296 1523 1411 1564 audeo]
1436 1523 1557 1555 Hercle
1572 1523 1619 1556 nil
1629 1525 1700 1565 jam
1719 1531 1807 1557 mut·

1253 1565 1316 1597 tire
1330 1568 1435 1598 audeo.
1449 1567 1536 1598 And.
1549 1566 1594 1598 iii.
1612 1569 1643 1604 2,
1660 1569 1712 1599 25.
1733 1568 1810 1604 Qun

1253 1609 1373 1640 fiducia
1387 1609 1421 1640 id
1433 1609 1541 1640 facere
1556 1611 1706 1641 adema?
1721 1611 1807 1643 And.

1252 1651 1607 1689 iii.5,7.Noum=·=-.
1626 1653 1807 1692 Euamz

1252 1695 1305 1725 45.
1327 1695 1402 1730 Qua
1422 1695 1557 1726 audacia
1578 1702 1705 1727 mutum
1728 1696 1806 1728 taci-

1254 1747 1316 1768 nus
1325 1739 1418 1769 audet
1430 1741 1446 1768 ,⁷
1457 1738 1542 1769 Eun.
1555 1748 1585 1768 v.
1602 1740 1634 1775 4,
1650 1740 1702 1771 37.
1720 1739 1807 1776 Νοιι,

1253 1780 1299 1810 ita
1310 1790 1363 1811 me
1375 1780 1420 1811 Di
1436 1787 1555 1817 ament,
1565 1783 1692 1812 auderet
1701 1781 1809 1813 facere

1254 1822 1323 1853 haec
1337 1822 1445 1854 viduae
1467 1823 1606 1860 mulieri,
1621 1834 1693 1864 qim
1703 1824 1739 1855 in
1753 1834 1808 1856 me

1255 1865 1339 1896 feeit.
1365 1865 1484 1896 Heaut.
1506 1875 1537 1896 v.
1570 1866 1597 1903 1,
1621 1867 1673 1897 80.
1701 1867 1809 1902 Quam

1254 1917 1342 1948 ηερε
1371 1908 1454 1939 forte
1486 1914 1609 1939 temere
1639 1909 1806 1948 eveniunt,

1255 1960 1327 1990 quae
1341 1961 1407 1982 non
1420 1952 1535 1982 audem
1547 1958 1660 1992 optare
1671 1953 1685 1982 1
1709 1951 1807 1984 Phor.

1256 2003 1286 2023 v.
1307 1994 1336 2030 1,
1352 1994 1404 2024 31.

1297 2035 1405 2077 audio]
1430 2037 1542 2073 Audio,
1560 2035 1720 2077 Archylis,
1739 2038 1809 2077 jam

1254 2077 1387 2109 dudum.
1424 2078 1512 2109 And.
1524 2078 1547 2109 i.
1562 2081 1593 2116 4,
1610 2080 1637 2110 1.
1651 2079 1725 2111 vide
1737 2080 1808 2111 No-

1255 2127 1313 2152 tas.
1359 2120 1517 2152 Miseram
1540 2131 1604 2158 me,
1625 2121 1713 2163 quod
1733 2132 1808 2154 ver·

1255 2163 1331 2194 bum
1340 2165 1454 2194 audio?
1477 2163 1669 2202 And.i.5,5.
1694 2165 1808 2200 Quane

1255 2206 1741 2244 mmudiaAndii3,12.
1777 2208 1810 2240 0

1253 2248 1403 2290 Jupiter!
1426 2248 1699 2290 quidegoanda‘o?
1720 2250 1808 2282 And.

1254 2291 1300 2322 iii.
1322 2293 1348 2328 l,
1368 2292 1398 2324 7.
1438 2292 1502 2322 11ae
1522 2298 1601 2323 mut
1619 2291 1707 2324 inm·
1727 2293 1807 2335 Gly-

1253 2333 1376 2365 cerium
1392 2339 1427 2365 et
1439 2340 1583 2374 gnatum.
1600 2334 1667 2366 Cn.
1695 2335 1806 2367 Διὰ

1255 2376 1340 2407 And.
1358 2376 1405 2407 iii.
1427 2377 1457 2413 3,
1474 2378 1526 2407 20.
1564 2377 1729 2412 Quidnam
1750 2389 1808 2410 o·-

1254 2514 1288 2535 ιν
1320 2505 1417 2541 4,40

1256 2548 1403 2584 v.2‚22.
1438 2547 1807 2588 Atqueudin’PAnd.

1255 2590 1388 2626 v.2,24.
1424 2589 1686 2622 EDavoanffi
1719 2591 1807 2623 And.

1253 2631 1390 2669 ii.1,2.
1421 2631 1810 2676 Egonendi-Pqnid

1255 2684 1315 2716 ego
1344 2676 1494 2706 audiant
1530 2675 1618 2707 And.
1641 2683 1673 2708 v.
1699 2677 1732 2714 8,
1755 2678 1808 2709 2³.

1256 2717 1331 2748 Hoc
1366 2719 1451 2748 udi.
1489 2717 1576 2749 And.
1605 2717 1654 2751 ιίὶ.
1686 2720 1719 2757 4,
1757 2721 1807 2752 11.

1255 2760 1343 2809 Vera
1371 2769 1414 2792 ιιι
1443 2759 1525 2792 faba
1552 2762 1714 2800 κᾶν-1.,
1739 2763 1809 2803 ian

1254 2809 1478 2877 we·
1489 2803 1739 2879 em-
1693 2805 1724 2843 .
1752 2806 1808 2889 :32

1255 2887 1395 2937 aiebant.
1421 2888 1665 2927 Auamma.

1621 2890 1810 3055 ἓξὲξ
