1852 3216
91 145 232 175 sci-:NA
255 133 338 188 ιν.]
397 131 1215 178 HEAUTONTIMORUMEN
1229 135 1328 178 OS.

1535 135 1625 178 349

145 222 307 273 Patiar,
329 220 535 278 Clitipho,
555 222 727 278 flagitiis
747 223 832 265 tuis
850 238 918 266 me
938 223 1135 267 infamem
1155 224 1264 268 fieri.
1314 239 1318 242 ’

92 296 129 326 15
148 287 223 330 So.
246 286 308 329 Di
322 287 442 330 istaec
457 287 730 344 prohibeant.
781 287 866 332 Cu.
883 289 1006 332 Deos
1022 291 1190 334 nescio:
1221 306 1304 348 ego
1318 290 1435 347 quod
1448 298 1617 347 potero,

233 353 399 396 sedulo.

146 418 320 466 Quaeris
336 419 381 461 id
394 420 512 475 quod
532 419 682 472 habes,
702 421 916 477 parentis:
942 422 1059 476 quod
1069 423 1209 473 abest,
1222 436 1309 464 non
1321 422 1493 477 quaeris,
1510 422 1623 477 patri

147 485 378 532 Quomodo
396 487 636 542 obsequare
654 502 664 528 :
695 494 740 528 et
757 494 807 529 ut
828 501 986 535 serves,
1008 488 1126 542 quod
1144 486 1292 530 labore
1313 488 1536 530 invenerit.

144 550 250 592 Non
270 551 372 592 mihi
391 566 470 607 per
488 551 676 594 fallacias
696 552 914 595 adducere
932 560 1031 594 ante
1052 552 1230 595 oculos?
1260 553 1399 608 pudet

148 615 311 658 Dicere
330 616 412 659 hac
432 624 647 672 praesente
667 618 844 659 verbum
865 624 1018 673 turpe:
1050 626 1095 660 at
1114 626 1157 660 te
1177 619 1222 660 id
1244 618 1360 660 nullo
1380 619 1509 661 modo

89 691 131 721 20
147 680 294 737 Piguit
306 681 463 724 facere.
507 682 585 724 CL.
603 681 747 733 Eheu,
764 698 891 738 quam
903 698 986 739 ego
999 699 1112 726 nunc
1126 691 1241 726 totus
1262 683 1470 739 displiceo
1489 684 1617 726 mihi:

147 746 290 796 Quam
303 747 465 802 pudet!
495 762 636 802 neque
653 748 769 803 quod
782 748 1037 804 principium
1051 750 1260 792 inveniam
1275 750 1330 792 ad
1350 749 1622 806 placandum,

236 813 338 855 scio.

362 987 618 1036 ACTUS
663 987 952 1044 QUINTI
999 990 1253 1038 SCENA
1291 991 1349 1038 V.

250 1114 562 1147 MENEDEMUS.

619 1115 857 1147 CHREMES.

915 1115 1151 1148 CLITIPHO.
1210 1116 1460 1148 sos'rRATA.

147 1198 399 1241 Emmvnao
418 1197 626 1240 Chremes
646 1198 770 1239 nimis
791 1199 978 1253 graviter
998 1199 1160 1241 cruciat
1179 1198 1559 1251 adolescentulum,

145 1264 373 1320 Nimisque
394 1263 647 1305 inhumane:
678 1278 787 1305 exeo
803 1278 922 1319 ergo,
937 1273 986 1306 ut
1006 1280 1155 1320 pacem
1172 1265 1415 1307 conciliem:
1447 1274 1622 1321 optume

147 1329 274 1386 Ipsos
297 1330 437 1372 video.
488 1329 573 1374 CH.
596 1329 753 1380 Ehem,
775 1329 1049 1380 Menedeme,
1070 1344 1148 1372 cur
1167 1345 1252 1371 non
1273 1331 1434 1372 arcessi
1446 1331 1577 1386 jubes

146 1394 313 1446 Filiam,
333 1402 378 1437 et
397 1395 515 1450 quod
534 1395 648 1436 dotis
669 1395 773 1443 dixi,
794 1395 968 1437 firmas?
1019 1395 1095 1436 So.
1118 1394 1186 1436 Mi
1208 1396 1286 1446 vir,
1308 1403 1351 1437 te
1372 1396 1568 1447 obsecro,

113 1469 133 1499 5
149 1460 223 1504 Ne
242 1461 390 1503 facias.
451 1460 530 1502 C1..
553 1459 699 1511 Pater,
730 1461 912 1502 obsecro
935 1468 983 1502 ut
1011 1460 1114 1502 mihi
1143 1461 1356 1516 ignoscas.

232 1527 412 1576 veniam,
435 1525 644 1568 Chreme:

148 1591 251 1634 Sine
272 1599 314 1634 te
334 1599 499 1634 exoret.

235 1657 373 1700 sciens
389 1658 406 1699 ’ζ

137 1760 186 1790 15.
203 1760 283 1790 Deos
299 1757 415 1799 nescio]
439 1757 560 1789 Modus
579 1757 732 1799 loquendi
753 1768 837 1800 prae-

92 1802 204 1834 sertim
232 1802 397 1833 iratorum.
457 1799 586 1841 Enitar]
619 1801 671 1832 Ne
706 1801 836 1832 infamis

93 1846 178 1877 fiam.
209 1845 414 1876 C.—0mnea
436 1843 511 1875 libri
532 1844 652 1875 habent
666 1846 767 1875 enitar
787 1855 835 1875 se-

92 1890 173 1926 dulo,
199 1895 318 1930 praeter
342 1887 546 1925 Bembinum,
574 1887 629 1918 ubi
651 1887 756 1918 enitar
779 1887 835 1918 ab-

93 1938 151 1963 eat.
183 1932 219 1963 B.

139 1975 187 2006 16.
214 1976 334 2009 Qaaen's
349 1976 428 2015 qnod
441 1972 549 2014 habes]
567 1973 697 2004 Scilicet
718 1983 834 2015 paren-

93 2024 152 2050 tet.
201 2019 288 2052 Quod
315 2019 401 2049 abest
426 2028 485 2048 non
513 2016 642 2058 queris]
673 2016 747 2047 Hoc
777 2023 836 2054 est,

93 2060 362 2102 quemssmodum
389 2060 474 2102 patri
495 2059 701 2101 obsequarisg
733 2066 767 2090 et
788 2066 838 2090 est

93 2104 307 2147 compositum
323 2114 365 2135 ex
385 2103 565 2141 contrariis,
581 2113 652 2144 quae
670 2102 772 2144 figura
786 2102 836 2134 di-

93 2147 178 2180 citur
192 2146 363 2185 ἀντίθετον,
382 2146 434 2178 vel
448 2144 590 2188 πάρισον,
605 2145 640 2177 id
655 2152 713 2183 est,
729 2156 836 2187 aequa-

94 2190 141 2223 tio
155 2190 335 2222 sententiae.
368 2190 407 2222 E.

141 2234 190 2268 17.
206 2233 376 2275 Inveniet-ie]
391 2232 431 2265 Id
442 2238 501 2270 est,
511 2234 715 2273 acquisiverit.
738 2231 838 2270 Alibi,

95 2279 196 2309 labore
225 2279 347 2308 inventa
375 2277 719 2308 neaeuidenbona.
756 2276 839 2307 C.—

95 2319 265 2352 Bentleiue
279 2319 389 2352 omisit
410 2319 489 2351 illud
505 2324 549 2350 ut.
595 2319 706 2351 Recte.
752 2319 838 2350 Nam

95 2363 274 2405 corrumpit
287 2362 490 2404 elegantiam.
523 2362 560 2393 Z.

135 2405 752 2447 18.Addaeere]'Aromb=·mruhonesta.
768 2405 838 2436 No-

95 2448 159 2480 luit
177 2448 284 2480 dicere
303 2449 516 2486 meretricem,
541 2455 702 2490 praesente
725 2455 838 2480 matre.

97 2492 245 2523 c.-1>ro
266 2493 336 2523 Nou
356 2494 440 2529 nihi,
462 2491 548 2533 quod
569 2492 677 2523 turbat
697 2502 839 2530 sensum,

199 2545 218 2566 e
236 2536 306 2566 Yen’
323 2537 374 2566 ni.
406 2535 444 2566 B.

142 2578 193 2608 20.
214 2578 322 2618 Piguit
334 2576 458 2618 faeere]
474 2577 514 2608 V.
532 2577 568 2609 C.
591 2579 709 2609 Puduit
721 2577 838 2619 sacer-e.

98 2620 295 2652 L—Bemb.
312 2628 345 2651 et
358 2620 414 2651 alii
428 2620 559 2661 aliquot,
573 2622 688 2652 Facere
704 2623 839 2661 puduit.-

99 2670 165 2695 ιτα
180 2673 221 2695 ex
236 2662 355 2694 nostris
377 2662 495 2694 Pau-‘s
507 2662 638 2704 facere.-
660 2664 769 2695 caeteri
781 2665 839 2695 Pi-

97 2706 291 2749 gaisae-ne.
323 2706 362 2737 Β.

142 2751 194 2781 21.
210 2751 399 2789 aucupum
420 2747 584 2789 §mnia-i]
609 2748 673 2780 Ma.
690 2748 731 2779 R.
750 2751 839 2789 prin·

99 2795 211 2842 cipiunt
224 2794 378 2832 incipian.
409 2791 604 2823 L—Bemb.
620 2794 786 2831 ἐπι-ἐρέω.-
807 2799 843 2824 at

99 2835 135 2871 iu
158 2836 231 2868 Vat-
247 2842 282 2867 et
303 2834 432 2866 Basilie.
455 2836 615 2874 inoapiaen.
660 2834 757 2866 Forte
777 2834 841 2876 leg.

99 2885 238 2920 eapte-u:
262 2885 299 2910 ut
320 2884 450 2920 captare
471 2877 681 2915 ooemiouem,
703 2883 841 2920 tempus,

100 2928 135 2954 et
147 2922 220 2954 alia.
251 2922 290 2953 B.

146 2966 174 2998 1.
197 2967 356 2998 Enimvero
379 2962 535 3006 chremes]
562 2963 743 2997 Intervenit
766 2973 840 3006 per-

1418 1460 1514 1504 ΜΕ.
1548 1462 1622 1504 Da

551 1591 636 1634 CH.
659 1591 814 1647 Egone
834 1606 928 1634 mea
952 1592 1067 1633 bona
1088 1598 1136 1633 ut
1155 1591 1254 1633 dem
1274 1590 1484 1635 Bacchidi
1506 1593 1621 1642 dono

879 1767 968 1795 sona,
983 1759 1075 1798 cujus
1090 1758 1193 1799 gratia
1213 1769 1278 1808 pax
1292 1760 1501 1792 concilietur.
1525 1760 1572 1792 ita
1587 1768 1624 1793 ut

880 1801 989 1832 omnia
1011 1801 1182 1842 tranquilla
1196 1802 1262 1834 sint
1277 1810 1310 1834 et
1324 1803 1511 1844 composita,
1526 1810 1624 1845 prout

879 1843 1044 1875 comoediae
1058 1844 1134 1875 finis
1159 1845 1310 1886 postulat.
1354 1845 1531 1887 Enimvero]
1550 1847 1625 1879 Hoc

879 1886 1021 1927 loquitur
1031 1887 1244 1919 Menedemus
1256 1888 1491 1938 solusapudse.
1514 1891 1623 1921 Enim-

879 1929 964 1978 vero]
979 1930 1219 1971 Nonnunquam
1233 1931 1429 1973 principium
1442 1939 1491 1963 est
1502 1932 1624 1974 aliquid

879 1983 938 2014 per
954 1973 1035 2004 iram
1049 1972 1177 2004 dicturi.
1208 1974 1244 2005 C.
1246 1976 1450 2006 —Em‘mvero
1467 1976 1622 2017 Chremes]

881 2015 1032 2047 Procedit
1054 2016 1277 2054 Menedemus,
1299 2024 1336 2048 ut
1357 2018 1463 2049 omnis
1484 2029 1625 2060 persona

880 2058 915 2090 in
943 2066 1105 2101 postrema
1126 2068 1220 2101 parte
1248 2070 1391 2102 praxeas
1421 2061 1473 2092 sit.
1518 2062 1624 2094 Venia

881 2102 976 2133 datur
988 2102 1064 2139 filio,
1078 2109 1116 2133 ut
1130 2110 1265 2134 cunctus
1273 2113 1364 2135 error
1377 2104 1480 2146 possit
1490 2105 1623 2138 absolvi.

881 2145 997 2176 Adhuc
1019 2152 1128 2176 tamen
1150 2156 1360 2187 perseverans
1376 2147 1531 2179 Chremes
1545 2158 1624 2180 con-

880 2188 971 2220 venit
993 2188 1233 2226 Menedemum,
1250 2196 1286 2221 ut
1299 2190 1398 2221 filiam
1414 2191 1510 2222 ducat
1525 2190 1624 2232 (adde

873 2233 970 2271 filius,
986 2240 1051 2269 aut,
1070 2233 1179 2263 Clinia.
1198 2233 1234 2264 Ζ.
1240 2232 1263 2272 ).

924 2276 953 2306 3.
981 2274 1076 2316 Hem]
1100 2275 1287 2316 Interjectio
1295 2233 1519 2318 Ιξπεικείρὶεηῑὶε
1538 2288 1624 2317 eum,

880 2328 976 2359 quem
1007 2318 1142 2349 volebat.
1198 2319 1337 2360 Arc-essi]
1370 2319 1461 2351 Bene
1489 2324 1623 2354 arcessi.-

881 2361 957 2402 quia
922 2361 1107 2436 ιιι(ξη-ορῐίε
1122 2364 1287 2436 αἱοεεείειιν
1308 2373 1399 2400 uxor,
1416 2363 1493 2395 dum
1511 2364 1552 2395 ad
1573 2364 1624 2396 vi·

1013 2412 1098 2436 citur

881 2414 955 2479 m4.
972 2449 1022 2479 Mi
1036 2447 1099 2489 σίν]
1119 2448 1218 2480 Putat
1232 2448 1384 2486 Sostrata,
1406 2449 1440 2480 id
1454 2449 1538 2490 quod
1555 2457 1626 2483 erat

882 2491 1003 2528 fictum,
1030 2501 1100 2523 esse
1127 2502 1249 2529 verum,
1281 2492 1476 2533 timebatque
1502 2503 1544 2525 ne
1564 2504 1624 2536 pa·

883 2540 933 2566 ter
965 2534 1095 2576 penitus
1127 2535 1347 2566 exhaeredaret
1376 2535 1489 2573 filium,
1516 2537 1626 2570 omnia

883 2578 1028 2609 tribuens
1051 2577 1134 2609 filiae.
1182 2577 1328 2619 Obsecro]
1354 2578 1411 2609 Nil
1438 2578 1625 2620 significan-

883 2620 957 2652 tius.
1003 2621 1089 2652 Nam
1117 2632 1214 2658 orare,
1246 2628 1295 2652 est
1331 2621 1475 2663 placidos
1502 2630 1623 2665 petere.

886 2665 1050 2696 obsecrare
1064 2674 1151 2700 vero,
1167 2664 1268 2696 iratos
1281 2674 1404 2705 rogare.
1434 2666 1472 2697 C.

925 2708 956 2738 5.
979 2708 1029 2738 Ne
1041 2706 1165 2748 facias]
1190 2707 1271 2738 Haec
1294 2707 1428 2739 timebat
1452 2718 1494 2740 ne
1516 2710 1625 2743 omnia

884 2750 968 2781 bona
974 2749 1022 2780 illi
1034 2748 1182 2781 traderet.
1207 2750 1243 2781 C.
1245 2750 1396 2782 —BentL
1406 2751 1567 2785 omisit-«e.
1583 2754 1625 2786 Ζ.

927 2793 957 2824 6.
981 2791 1124 2833 Sciend]
1146 2792 1241 2828 Quod
1254 2794 1347 2835 pejus
1367 2801 1463 2833 esset,
1479 2805 1575 2836 qnam
1595 2798 1624 2830 si

883 2835 1032 2867 nesciret.
1067 2835 1104 2867 C.
1106 2835 1276 2867 —Recte'
1266 2846 1302 2868 m
1317 2837 1429 2870 Bemb.
1444 2845 1478 2870 et
1490 2839 1526 2871 in
1540 2839 1622 2873 duo-

883 2879 944 2910 bus
958 2878 1077 2910 nostris
1090 2879 1240 2920 antiquis,
1255 2886 1386 2919 eruent,
1401 2891 1484 2914 uxor
1500 2882 1625 2916 scilicet

884 2928 918 2952 et
941 2921 1037 2953 filius.
1081 2921 1165 2953 Tum
1188 2932 1230 2954 ne
1252 2933 1364 2957 veram
1383 2925 1473 2966 justo
1496 2925 1624 2969 longior

886 2964 937 3003 sit,
954 2964 1030 2997 tolle
1044 2964 1125 2998 illud
1139 2976 1239 3007 egone.
1269 2965 1308 2998 Β.
