1852 3216
116 153 255 182 scam
278 139 328 194 1.]

419 136 1352 182 HEAUTONTIMORUMENOS.

1561 138 1646 180 303

229 229 330 272 Illos
351 229 411 272 ibi
430 243 542 279 esse,
563 235 608 271 et
626 228 671 270 id
692 242 821 284 agere
840 228 953 270 inter
972 242 1018 271 se
1038 227 1290 271 clanculum.

231 295 365 351 Syrus
387 310 483 338 cum
503 294 575 337 illo
594 302 737 337 vestro
756 301 1058 337 consusurrat:
1090 293 1317 337 conferunt

173 369 214 400 65
231 361 420 404 Consilia
440 360 759 404 adolescentes:
790 367 835 402 et
855 360 933 401 tibi
953 360 1138 415 perdere

228 426 460 470 Talentum
478 426 562 469 hoc
584 434 712 482 pacto
733 426 867 468 satius
889 433 970 476 est,
991 440 1119 481 quam
1139 425 1211 467 illo
1230 426 1399 468 minam.

226 492 332 535 Non
346 507 460 535 nunc
481 493 536 534 de
557 492 739 548 pecunia
759 491 928 547 agitur:
962 491 1039 532 sed
1059 489 1181 541 illud,
1202 491 1420 547 quomodo

229 559 412 601 Minimo
432 557 624 615 periculo
645 558 691 600 id
712 558 862 600 demus
882 555 1219 599 adolescentulo.

228 625 344 666 Nam
365 625 401 666 si
416 623 546 678 semel
566 631 687 666 tuum
708 624 892 665 animum
911 621 981 664 ille
1001 621 1277 674 intellexerit,

172 698 213 730 70
231 690 358 733 Prius
380 690 651 746 proditurum
672 696 715 731 te
737 696 853 731 tuam
873 689 1016 739 vitam,
1037 696 1082 731 et
1101 689 1221 744 prius

229 756 462 798 Pecuniam
481 770 662 806 omnem,
684 770 812 811 quam
827 755 904 796 abs
925 762 968 797 te
989 755 1157 796 amittas
1178 753 1312 796 filium
1329 770 1339 796 :
1372 753 1448 796 hui
1465 756 1477 796 1

229 822 446 870 Quantam
466 821 697 863 fenestram
715 821 771 862 ad
786 821 1019 876 nequitiem
1037 819 1323 875 patefeceris?

229 888 333 930 Tibi
353 895 494 930 autem
512 902 642 943 porro
661 893 710 928 ut
729 901 815 928 non
837 886 891 927 sit
912 900 1040 927 suave
1060 885 1216 927 vivere.

228 953 344 996 Nam
366 953 602 996 deteriores
624 967 770 994 omnes
790 952 916 993 fimus
936 950 1122 992 licentia.

175 1026 215 1059 75
235 1018 541 1073 Quodcunque
560 1018 759 1060 inciderit
776 1018 820 1059 in
839 1024 1038 1067 mentem,
1058 1015 1199 1058 volet:
1231 1031 1371 1071 neque
1390 1017 1435 1058 id

173 1116 177 1119 .
232 1084 412 1126 Putabit
431 1098 622 1140 pravom,
643 1098 698 1125 an
718 1090 882 1126 rectum
903 1083 997 1131 siet,
1019 1082 1136 1137 quod
1156 1088 1291 1137 petet.

139 1145 147 1153 ’
228 1149 302 1191 Tu
322 1164 414 1191 rem
432 1149 589 1205 perire,
611 1156 655 1191 et
675 1149 817 1204 ipsum
838 1163 924 1190 non
943 1148 1107 1204 poteris
1127 1148 1233 1203 pati.

227 1215 349 1257 Dare
370 1215 622 1271 denegaris:
655 1215 734 1256 ibit
754 1214 811 1256 ad
830 1213 936 1256 illud
955 1213 1068 1265 ilico,

230 1281 332 1329 Quo
351 1295 550 1322 maxume
572 1280 691 1336 apud
712 1287 754 1322 te
777 1295 822 1322 se
843 1280 984 1322 valere
1006 1280 1186 1330 sentiet3

171 1355 214 1384 80
230 1347 465 1388 Abiturum
486 1360 532 1387 se
554 1346 632 1387 abs
654 1353 698 1387 te
720 1360 816 1387 esse
835 1345 933 1388 ilico
952 1346 1198 1388 minabitur.

210 1411 360 1454 -ΜΕΝ,
384 1410 548 1453 Videre
568 1426 731 1462 verum,
752 1419 882 1467 atque
902 1412 963 1454 ita
981 1412 1046 1453 uti
1064 1426 1134 1453 res
1154 1418 1237 1462 est,
1258 1411 1416 1453 dicere.

157 1510 208 1541 63.
232 1509 500 1551 Conjunctionem
522 1515 553 1540 et
574 1509 665 1541 codd.
689 1509 802 1551 optimi
825 1515 858 1541 et

114 1563 225 1584 versus
242 1563 274 1584 et
289 1553 451 1584 sententia
465 1552 646 1594 repudiant.
679 1553 716 1584 B.

158 1597 209 1627 64.
237 1595 402 1637 Conserunt
423 1595 564 1637 consilia]
589 1596 795 1636 Σινγκρίνουσι
816 1595 859 1627 τὰ

113 1638 316 1679 βουλεύματα
338 1639 442 1670 Plaut.
460 1639 600 1670 Rudent.
624 1639 657 1670 ii.
682 1641 710 1670 3.
729 1641 757 1670 8.
785 1641 856 1670 Om-

115 1694 167 1714 nes
189 1685 340 1724 sapientes
361 1681 494 1723 conferre
518 1685 611 1714 decet.
652 1683 859 1714 L.—-Omnes

114 1725 188 1756 libri
218 1726 342 1767 antiqui
371 1732 458 1756 recte
485 1725 605 1757 habent
634 1731 857 1764 coremur-rant,

115 1768 135 1800 i.
152 1779 178 1800 e.
195 1769 294 1810 Syrus
310 1775 343 1800 et
357 1768 411 1799 ille
427 1776 541 1800 vester.
576 1769 612 1799 B.

158 1812 209 1843 65.
235 1812 356 1843 Versus
372 1818 405 1842 et
420 1822 533 1842 sensus
546 1812 774 1843 commendant
791 1812 857 1843 lec-

114 1855 236 1886 tionem
248 1855 317 1886 cod.
339 1855 450 1886 Bemb.
471 1856 605 1886 Consilia
625 1856 667 1885 ad
687 1857 857 1886 adolescen-

113 1903 168 1935 tes,
191 1899 222 1929 h.
239 1908 267 1929 e.
283 1908 349 1929 una
370 1898 488 1935 ierunt,
504 1898 650 1929 referunt
670 1898 712 1929 ad
733 1898 857 1929 adoles-

110 1948 231 1973 centes.
266 1942 304 1972 B.

163 1985 214 2018 70.
244 1985 298 2016 Ad
327 1985 414 2016 hunc
446 1994 575 2015 versum
607 1984 712 2015 Schol.
746 1984 858 2015 Bemb.

112 2028 241 2069 egregie
257 2028 322 2059 ita:
346 2030 451 2059 Minor
464 2033 510 2058 est
522 2030 651 2068 pecunia
668 2039 757 2068 quam
771 2030 835 2058 vita
846 2040 858 2063 ,-

111 2073 166 2102 sed
179 2074 211 2102 in
226 2074 358 2102 oratione
371 2073 491 2111 potiora
502 2073 587 2102 nobis
604 2077 684 2109 sunt,
700 2073 736 2102 de
751 2073 859 2112 quibus

112 2116 226 2156 agitur.
260 2115 397 2145 Fiam.

156 2158 207 2190 71.
233 2157 330 2192 Quam
345 2160 400 2188 abs
414 2163 444 2189 te
458 2160 583 2189 amittas
588 2157 707 2198 filium]
724 2159 860 2189 Amittas

113 2211 173 2242 pro
187 2203 325 2232 dimittas
344 2201 437 2232 dixit.
479 2201 566 2232 Nam
589 2201 674 2242 quod
696 2211 755 2232 nos
778 2200 858 2231 dici-

113 2254 185 2275 mus
219 2247 380 2281 dimittere,
416 2244 542 2285 antiqui
577 2244 674 2275 etiam
709 2244 860 2275 dicebant

113 2290 260 2325 amittere,
283 2294 320 2319 ut
342 2288 433 2329 Virg.
457 2288 534 2318 AEn.
558 2287 591 2318 ii.
617 2289 687 2318 148.
716 2289 859 2328 Quisquis

112 2342 153 2367 es,
184 2333 307 2362 amissos
337 2333 406 2362 hinc
428 2331 499 2371 jam
534 2333 706 2362 obliviscere
739 2332 857 2362 Graios.

115 2373 294 2412 Sallustius,
317 2374 558 2416 Fragmentum,
575 2376 716 2414 pactione
738 2376 858 2412 amissa,

110 2419 232 2456 publico
246 2419 377 2449 consilio.
405 2418 442 2449 C.

159 2460 209 2492 ⁷2.
230 2462 284 2491 Ad
293 2460 475 2502 nequitiam]
490 2461 580 2492 Bene
594 2461 634 2492 de
645 2460 860 2498 adolescente,

114 2505 278 2542 nequitiam
293 2503 396 2534 dixit:
425 2507 561 2545 nequitia
583 2503 671 2535 enim
693 2512 743 2535 est
765 2504 861 2535 luxus

115 2545 191 2576 vitae
220 2545 374 2587 prodigus
408 2553 503 2588 atque
537 2547 666 2578 effusus.
712 2547 859 2585 Ovidius,

117 2588 203 2619 Fast.
220 2588 240 2619 i.
257 2590 330 2620 414.
356 2591 502 2630 Nequitia
516 2596 570 2628 est,
586 2602 654 2631 quae
669 2596 699 2622 te
714 2602 771 2622 non
785 2593 860 2621 sinit

115 2642 178 2662 esse
186 2643 292 2663 senem.
310 2631 512 2664 c.—Sensus
520 2633 662 2675 postulat
670 2643 859 2675 pronomen.

119 2675 224 2715 Igitur
239 2674 300 2715 leg.
321 2677 470 2709 Quantam
485 2678 526 2707 eii
530 2675 709 2716 fenestram.
742 2677 779 2707 Β.

161 2717 212 2750 74.
230 2719 311 2749 Nam
323 2720 484 2749 deteriores
495 2730 593 2750 omnes
602 2730 703 2751 sumue
718 2719 859 2761 licentia]

119 2760 288 2792 Sententia
310 2761 441 2803 proprie
467 2761 538 2793 seni
565 2762 771 2794 conveniens.
816 2762 862 2794 Et

117 2805 289 2840 deteriores,
312 2803 552 2845 signantissime
578 2804 721 2846 protulit.
766 2807 860 2837 Dete-

118 2849 213 2878 riores
240 2847 327 2878 enim
354 2847 500 2878 homines
521 2847 653 2879 licentia
674 2858 693 2879 a
714 2848 799 2880 bono
821 2849 862 2880 ad

118 2890 240 2921 malum
251 2897 429 2922 vertuntur.
462 2890 522 2922 Est
534 2890 620 2922 enim
631 2892 725 2932 pejus
735 2901 755 2922 a
767 2891 861 2930 malo,

118 2934 205 2973 quod
219 2932 254 2964 in
270 2944 331 2965 usu
346 2940 404 2971 est,
421 2940 455 2964 et
469 2933 662 2965 creberrime
677 2934 860 2975 frequenta-

121 2983 193 3008 tur:
227 2979 361 3009 deterius
381 2987 468 3016 vero,
494 2987 514 3009 a
533 2977 635 3010 bono:
671 2984 707 3010 ut
729 2977 863 3011 minoris

901 1508 944 1540 sit
966 1508 1074 1540 meriti
1096 1519 1192 1550 quam
1219 1509 1304 1550 quod
1330 1509 1445 1551 placet.
1491 1509 1651 1551 Virgilius

901 1552 997 1583 tertio
1013 1553 1130 1593 Georg.
1149 1552 1182 1592 (e
1198 1552 1354 1583 memoria
1372 1552 1516 1584 laudavit
1532 1553 1650 1591 locum,

900 1595 956 1636 qui
979 1603 1029 1627 est
1050 1595 1126 1626 AEn.
1141 1595 1206 1627 viii.
1224 1596 1296 1627 326.
1313 1598 1457 1627 Deterior
1468 1598 1560 1628 donec
1568 1608 1651 1637 pau-

901 1641 987 1670 latim
1002 1650 1039 1670 ae
1048 1640 1165 1670 decolor
1179 1644 1264 1670 oetas.
1286 1639 1529 1679 C.—Profimus
1542 1640 1650 1671 Bentl.

902 1682 1004 1714 edidit
1017 1693 1127 1713 sumus.
1167 1682 1281 1713 Minus
1296 1682 1469 1723 eleganter.
1503 1683 1540 1714 Z.
1559 1710 1562 1712 ,

946 1725 996 1759 75.
1024 1727 1224 1766 Quodcunque
1240 1725 1403 1766 inciderit]
1422 1726 1486 1757 Ms.
1503 1726 1542 1757 R..
1560 1732 1593 1758 et
1608 1726 1651 1758 V.

902 1769 939 1799 C.
971 1770 1058 1802 Quod
1071 1771 1178 1809 cuique
1194 1780 1317 1810 cunque.
1350 1769 1534 1801 L.—Hunc
1549 1775 1584 1801 et
1597 1780 1650 1801 se-

902 1818 1055 1852 quentem
1067 1822 1196 1843 versum
1209 1818 1360 1852 tanquam
1373 1812 1501 1854 spurios
1515 1813 1649 1854 repudi-

901 1854 1002 1886 andos
1014 1865 1084 1886 esse
1098 1865 1224 1886 censeo.
1249 1855 1334 1886 Nam
1347 1865 1412 1886 non
1425 1855 1521 1887 modo
1532 1865 1651 1897 magna

901 1897 1064 1929 variarum
1085 1897 1261 1929 lectionum
1283 1908 1376 1939 seges
1398 1897 1434 1929 in
1455 1898 1521 1930 illis
1538 1905 1596 1937 est,
1612 1905 1650 1930 ut

902 1940 940 1972 fit
954 1940 988 1972 in
1007 1940 1137 1977 nothis;
1161 1940 1219 1972 sed
1234 1947 1267 1972 et
1280 1951 1300 1972 a
1315 1941 1399 1972 serie
1417 1940 1572 1973 orationis
1591 1943 1648 1974 ab·

902 1984 1045 2015 horrent.
1078 1984 1116 2015 B.

946 2027 998 2060 76.
1022 2026 1169 2067 Putabit]
1191 2028 1342 2058 Putamus
1363 2026 1450 2059 enim
1469 2026 1625 2060 instantia
1638 2040 1652 2060 :-

900 2076 1075 2110 reputamus
1089 2071 1262 2112 praeterita.
1293 2072 1410 2102 Patare
1423 2070 1555 2120 proprie
1569 2082 1648 2114 pur-

901 2124 977 2154 gare
991 2120 1048 2145 est.
1087 2113 1132 2144 Et
1146 2115 1268 2145 arbores
1288 2120 1322 2145 et
1340 2116 1416 2145 vites
1433 2114 1573 2146 dicimur
1587 2126 1648 2155 pu-

902 2163 988 2188 tare.-
1011 2156 1087 2187 hinc
1098 2162 1210 2197 putare
1222 2163 1271 2188 est
1281 2156 1444 2198 cogitare:
1468 2157 1544 2198 quia
1558 2157 1647 2199 cogi-

903 2200 1000 2231 tando
1030 2199 1193 2241 superflua
1222 2206 1330 2231 mente
1359 2200 1542 2232 recidimus.
1588 2201 1650 2234 Est

902 2251 1011 2275 autem
1024 2249 1134 2283 putare
1149 2244 1228 2283 ejus,
1245 2243 1300 2284 qui
1315 2242 1522 2285 simplicitate
1536 2251 1648 2286 pecto-

901 2286 947 2318 ris
958 2286 1127 2318 aberravit.
1152 2286 1275 2324 Cicero,
1287 2287 1376 2318 Orat.
1390 2297 1438 2328 pr.
1454 2286 1561 2329 Ligar.
1577 2298 1648 2330 cap.

905 2331 953 2361 10.
977 2331 1098 2370 Lapsus
1112 2335 1158 2361 est
1170 2342 1180 2360 .-
1203 2341 1261 2361 non
1276 2332 1409 2370 putavit.
1447 2331 1574 2362 Rectum
1587 2330 1648 2372 sit]

905 2374 1002 2411 Nam,
1018 2380 1055 2404 ut
1069 2372 1175 2414 inquit
1190 2373 1304 2406 Cicero
1317 2373 1357 2404 ad
1376 2373 1520 2405 Herenn.
1533 2373 1589 2406 lib.
1602 2373 1650 2406 iii.

903 2426 973 2458 cap.
998 2418 1027 2448 2.
1063 2422 1177 2447 rectum
1203 2422 1257 2454 est,
1285 2418 1365 2457 quod
1386 2428 1453 2448 cum
1481 2419 1594 2449 virtute
1618 2422 1650 2450 et

903 2462 1052 2500 ‹fiet-tofis.
1083 2459 1120 2491 c.
1656 2498 1659 2500 q

948 2503 999 2536 78.
1022 2505 1088 2534 Ibit
1102 2504 1184 2534 illico
1201 2505 1243 2534 ad
1261 2502 1358 2544 illud]
1382 2502 1452 2534 Sibi
1473 2503 1576 2536 veluti
1595 2513 1648 2536 re-

902 2546 1045 2578 medium
1057 2545 1221 2588 suscipiet,
1235 2554 1268 2578 et
1280 2546 1345 2586 (ut)
1357 2545 1520 2578 abiturum
1530 2557 1567 2578 se
1577 2557 1649 2579 eoae

902 2589 1081 2626 minitetur,
1104 2589 1245 2620 maxime
1271 2600 1345 2620 cum
1368 2589 1430 2620 scit
1451 2589 1537 2632 apud
1559 2596 1592 2622 te
1613 2601 1649 2623 se

902 2632 1080 2674 plurimum
1099 2632 1215 2663 valere.
1247 2632 1398 2663 E.—Pro
1412 2634 1575 2674 denegabis
1589 2644 1647 2676 op-

904 2676 974 2707 timi
988 2675 1062 2707 libri
1073 2675 1194 2707 habent
1209 2677 1376 2716 denegaris.
1401 2675 1553 2711 1³.—au0
1563 2688 1649 2709 nax-

903 2718 978 2760 ime]
999 2719 1061 2750 Ms.
1079 2719 1119 2749 R.
1140 2718 1200 2753 Qui
1215 2721 1352 2750 maxime.
1383 2719 1421 2750 1..
1550 2748 1555 2751 .

948 2764 999 2793 80.
1022 2760 1214 2802 Minabitur]
1228 2763 1371 2794 Minatur
1380 2761 1479 2794 etiam
1491 2762 1578 2795 filius
1632 2782 1647 2789 ·

903 2805 999 2843 renti,
1015 2805 1092 2836 dum
1107 2814 1142 2836 se
1157 2815 1266 2836 carum
1282 2805 1519 2844 animadvertit,
1534 2813 1568 2838 et
1581 2774 1648 2839 (ξέ-

904 2858 1029 2880 cessum
1048 2847 1186 2879 simulat.
1220 2848 1493 2891 C.—-Minabitur]
1515 2850 1580 2881 Ms.
1605 2850 1649 2882 R.

905 2898 937 2923 et
958 2891 997 2922 V.
1019 2891 1056 2922 C.
1078 2893 1279 2923 minitabitur.
1312 2892 1650 2925 L.—-Convenientius

905 2934 1014 2967 versui
1026 2933 1129 2966 nostri
1142 2945 1254 2966 omnes
1267 2937 1467 2968 minitabitur.
1499 2936 1537 2967 B.

949 2979 1000 3010 81.
1024 2979 1132 3010 Videre
1144 2989 1244 3011 verm
1255 2984 1345 3020 atque
1355 2978 1419 3021 ita]
1435 2978 1557 3012 Videre
1569 2980 1650 3012 mihi
