1852 3216
126 163 266 194 semu
289 148 340 206 1.]

719 148 1080 194 PHORMIO.

1565 153 1649 196 587

180 241 271 283 DE.
292 239 538 283 Phaedriam
554 239 639 282 mei
656 239 800 282 fratris
819 240 945 283 video
964 240 1100 284 fllium
1114 240 1219 284 mihi
1235 241 1298 284 ire
1317 242 1498 285 obviam.

181 305 267 348 ΡΗ.
290 304 358 348 Μί
376 311 545 361 patrue,
567 304 695 348 salve.
745 305 836 348 Dr..
858 304 1010 348 Salve:
1042 307 1119 349 sed
1137 307 1213 350 ubi
1230 314 1299 350 est
1316 307 1544 364 Antipho?

122 379 165 410 2³
180 371 267 414 PH.
289 370 460 413 Salvom
479 371 693 414 advenire.
743 370 833 414 DE.
855 371 999 414 Credo
1016 388 1027 414 ε
1057 371 1141 415 hoc
1160 373 1375 429 responde
1392 373 1509 416 mihi.

180 437 266 479 ΡΗ.
290 435 445 478 Valet:
475 436 546 479 hic
564 443 659 479 est:
691 437 768 479 sed
785 437 906 478 satin'
926 437 1067 479 omnia
1086 452 1143 480 ex
1163 438 1404 481 sententia?

178 501 269 544 DE.
279 501 444 544 Vellem
454 498 640 557 quidem.
683 501 769 544 Pu.
786 502 906 550 Quid
921 503 1057 545 istuc?
1095 503 1184 546 DE.
1199 503 1398 560 Rogitas,
1416 503 1644 547 Phaedria?

178 565 340 614 Bonas,
362 581 428 607 me
449 566 640 616 absente,
660 565 731 608 hic
751 566 993 610 confecistis
1011 570 1197 625 nuptias.

179 630 265 673 Pu.
286 631 401 682 Eho,
417 646 471 673 an
486 631 531 672 id
548 645 773 674 succenses
792 647 905 677 nunc
921 634 1008 677 illi?
1049 634 1138 678 GE.
1154 635 1197 677 O
1214 634 1420 678 artificem
1436 635 1643 692 probum!

121 706 163 736 30
180 697 268 739 DE,
293 697 447 754 Egone
467 696 526 738 illi
545 711 630 738 non
652 701 955 742 succenseam?
985 700 1126 756 ipsum
1146 701 1285 756 gestio

178 764 288 806 Dari
307 764 409 806 mihi
428 764 472 805 in
491 770 781 819 conspectum,
801 779 914 807 nunc
934 780 1012 807 sua
1030 765 1157 821 culpa
1176 773 1225 808 ut
1245 766 1352 809 sciat

179 829 343 872 Lenem
362 836 527 884 patrem
547 828 663 870 illum
683 828 840 871 factum
860 845 927 872 me
947 845 1043 872 esse
1064 831 1328 874 acerrimum.

177 895 262 938 ΡΗ.
285 895 422 951 Atqui
442 893 547 936 nihil
566 894 679 944 fecit,
701 902 870 950 patrue,
891 896 1009 951 quod
1030 911 1299 939 succenseas.

176 961 267 1004 DE.
292 961 407 1003 Ecce
428 967 570 1002 autem
590 959 739 1002 similia
758 961 920 1003 omnia:
952 976 1098 1003 omnes
1118 968 1386 1017 congruunt:

117 1087 260 1130 τραχέως
283 1087 436 1126 ἀπαντῶν,
459 1087 547 1119 ἀλλὰ
573 1086 771 1126 θιψ.ι)ιιμ,εἰιοι5ι
798 1087 858 1127 μὲν

118 1133 224 1164 αὐτοῖς
252 1132 350 1170 εἴκων,
378 1129 583 1171 πεπαυμένοις
611 1129 645 1162 δὲ
674 1132 732 1168 τῆς
761 1130 858 1171 ὀργῆς

118 1175 327 1213 ἐπιπλήττων.
361 1175 402 1206 D.

160 1220 212 1250 23.
234 1220 408 1250 Phaedriam
429 1219 487 1249 mei
500 1215 633 1258 fratris]
661 1217 741 1248 Haec
763 1218 859 1249 verba

116 1261 299 1298 ostendunt,
316 1272 411 1302 quam
426 1261 497 1292 miti
518 1268 648 1302 pectore
667 1260 862 1302 suscipiatur

118 1305 275 1337 Phaedria.
306 1305 348 1336 D.

161 1350 212 1379 24.
239 1350 288 1379 Mi
308 1353 428 1388 patrue,
443 1345 541 1387 salve]
564 1348 622 1384 Mi,
647 1346 712 1378 vim
735 1346 859 1378 blandi-

116 1391 217 1423 menti
227 1391 340 1422 habet:
364 1401 439 1422 nam
448 1390 619 1431 significat,
631 1400 721 1421 meus.
752 1392 860 1421 Salve.-

116 1437 171 1466 sed
200 1436 253 1465 ubi
289 1440 335 1466 est
364 1435 498 1474 Antipho
510 1433 543 1474 Ρ]
584 1434 672 1464 Bene
702 1433 861 1474 expressit

141 1485 279 1509 romtum
294 1477 437 1508 animum
460 1477 499 1508 ad
526 1476 727 1518 litigandum,
743 1476 860 1517 partim

116 1488 246 1561 {raptim
263 1520 319 1561 B.)
334 1520 443 1551 addita
463 1519 575 1557 salute,
592 1526 625 1550 et
645 1519 753 1561 potius
770 1519 860 1559 (pro-

117 1566 200 1595 tinus
216 1563 272 1605 Β.)
287 1564 328 1595 ad
339 1563 481 1604 jurgium
496 1562 728 1605 praevertendo.
760 1563 802 1593 D.

160 1609 212 1638 25.
228 1609 348 1638 Salvum
363 1606 519 1647 advenire]
531 1605 704 1645 Ἐλλειψις,
718 1605 769 1637 vel
781 1605 858 1637 ἄπο-

116 1650 270 1689 σιῶπησις
290 1650 450 1682 secunda:
472 1652 589 1690 gaudeo
603 1649 689 1680 enim
707 1648 858 1680 subaudi-

116 1699 190 1725 tur:
226 1693 311 1734 quod
333 1693 395 1724 nisi
418 1692 589 1734 acceperis,
611 1702 676 1723 non
698 1691 859 1733 intelliges

115 1747 174 1768 cur
190 1736 241 1768 hic
255 1736 467 1779 responderit,
485 1738 589 1767 Credo.
633 1737 754 1767 Salvum
767 1737 858 1767 adve-

114 1779 198 1821 nire]
226 1779 428 1811 Iracundiam
450 1779 596 1820 frangere
617 1784 751 1810 conatur
765 1779 855 1810 obse-

115 1823 191 1863 quio
217 1830 251 1854 et
275 1833 374 1854 mora.
419 1824 539 1853 Salvum
562 1821 720 1863 advenire]
746 1822 859 1853 Altera

115 1866 265 1897 salutatio
285 1873 317 1897 et
332 1866 372 1897 ad
393 1865 589 1902 leniendum,
605 1872 639 1896 et
652 1865 693 1896 ad
714 1864 859 1896 criminis

114 1909 402 1940 dissimulationem
416 1920 424 1939 2
448 1908 505 1940 sed
527 1914 560 1939 et
575 1908 670 1939 tertio
685 1908 782 1944 addit,
799 1910 856 1939 Sa-

115 1954 171 1983 tin’
197 1955 295 1984 omnia
316 1964 352 1983 ex
374 1954 549 1983 sentencia?
587 1953 705 1983 Credo:
735 1953 788 1982 hoc
807 1962 856 1982 re·

114 1997 224 2036 sponde
235 1995 324 2037 mihi]
338 1997 414 2033 Hoc,
427 1995 551 2026 incerta
562 1994 768 2026 distinctione
783 2005 857 2036 pro-

114 2039 295 2070 nunciatur.
335 2039 542 2069 D.—Solvum
562 2037 679 2079 venire]
702 2038 785 2069 Cum
807 2037 857 2068 in-

113 2088 294 2123 terrogatus
310 2082 361 2119 sit,
378 2082 432 2113 ubi
454 2081 497 2113 sit
513 2081 666 2122 Antipho,
676 2087 860 2123 perseverat

113 2125 149 2156 in
178 2125 379 2162 salutatione,
410 2131 447 2156 ut
479 2124 676 2156 iracundiam
706 2124 857 2165 obsequio

113 2168 248 2210 frangat.
288 2168 419 2199 E.——Ut
440 2170 493 2199 hoc
515 2174 656 2205 acuatur,
686 2167 857 2199 lectionem

113 2212 204 2243 codd.
227 2212 438 2253 plurimorum
453 2211 671 2254 recipiendam
691 2217 779 2252 puto.
795 2212 856 2242 Re-

238 2258 291 2286 Ιιόσ
306 2257 388 2286 mihi.
422 2255 458 2286 Β.

157 2299 208 2329 26.
251 2297 355 2339 Valet]
395 2298 468 2329 Hoc
498 2296 635 2329 oratorie
664 2296 854 2335 dissimulat,

113 2347 209 2382 atque
226 2341 272 2373 ita
286 2342 467 2383 respondet,
483 2340 572 2382 quasi
589 2350 688 2371 senex
703 2350 768 2371 non
790 2340 853 2372 ira-

114 2390 166 2415 tus
193 2391 322 2425 quaerat,
353 2384 410 2416 sed
439 2384 479 2415 de
506 2384 608 2415 salute
632 2383 787 2414 sollicitus
813 2383 856 2415 sit

112 2427 320 2469 Antiphonis.
343 2430 404 2459 Sed
412 2429 502 2458 sotin’
514 2429 612 2459 omnia
620 2438 656 2458 ea·
663 2428 812 2458 sententia
820 2426 854 2468 Ρ]

113 2470 208 2505 Quod
223 2471 327 2512 vulgo,
344 2474 441 2502 omnia
455 2476 535 2502 recte
547 2473 563 2502 ?
601 2470 645 2501 Et
660 2470 750 2501 deest
771 2481 853 2511 Ψω-

112 2515 166 2550 ris,
197 2520 254 2545 aut
278 2513 355 2554 quid
384 2514 455 2545 tale.
501 2514 688 2550 D.—Valet‚
715 2515 764 2544 hic
789 2512 852 2554 est]

112 2557 195 2588 Cum
216 2556 270 2587 ille
285 2557 325 2588 de
346 2556 416 2588 loco
431 2563 596 2597 quaereret,
619 2556 749 2588 ubinam
772 2563 857 2588 esset

112 2599 269 2641 Antipho,
285 2599 337 2630 hic
352 2600 392 2630 de
407 2600 509 2631 salute
523 2599 699 2641 respondit.
731 2600 770 2630 E.

156 2644 206 2675 27.
230 2644 338 2674 Vellem
351 2642 485 2684 quidem]
503 2643 637 2684 Semper
651 2643 710 2673 hoc
722 2643 854 2674 verbum

112 2685 252 2717 dolentis
275 2692 333 2722 est,
365 2696 401 2717 ac
428 2685 575 2726 negantis
601 2685 740 2723 evenire,
770 2686 855 2726 quod

112 2729 179 2760 voti
195 2729 245 2760 sit.
284 2731 366 2762 Quid
377 2731 454 2760 istuc
463 2727 497 2769 ?]
513 2729 666 2769 Magnam
678 2728 744 2760 vim
759 2729 856 2760 habet

114 2779 225 2803 contra
237 2772 317 2803 iram
331 2771 513 2812 hujusmodi
525 2771 741 2812 interrogatio.

119 2817 202 2849 Quid
219 2818 297 2846 istuc
310 2814 343 2856 ?]
370 2815 432 2846 Ms.
456 2815 496 2845 R.
513 2821 546 2845 et
567 2820 642 2846 vett.
658 2814 748 2845 codd.
775 2816 857 2848 Quid

114 2861 194 2890 istuc
215 2861 287 2890 est?
323 2858 493 2899 L.—Lege
517 2857 599 2892 Quid
619 2860 697 2889 istuc
718 2860 788 2888 eet?
815 2857 856 2888 ob

116 2901 234 2934 Faerni
244 2907 277 2932 et
286 2907 467 2933 nostrorum
479 2901 570 2932 codd.
584 2910 785 2932 consensum.
817 2901 855 2932 B.

159 2946 210 2976 28.
233 2946 336 2976 Bonas
356 2955 401 2976 me
422 2942 560 2985 absente]
583 2943 669 2975 Mire
683 2950 855 2976 consuetu-

115 2987 226 3021 dinem
246 2987 415 3031 expressit,
437 2986 574 3020 dicendo
594 2988 693 3020 ὅσοισι.
730 2988 783 3020 Me
799 2988 855 3019 ab·

899 1087 997 1129 sente]
1013 1088 1143 1120 Summa
1158 1088 1311 1121 criminis.
1347 1091 1450 1120 Bonas
1464 1101 1510 1122 me
1524 1093 1645 1123 absente

900 1133 949 1163 hic
970 1130 1138 1172 confecistis
1159 1131 1299 1173 nuptias]
1323 1133 1453 1164 Crimen
1469 1132 1504 1165 in
1520 1133 1644 1166 duobus

901 1185 971 1206 esse
983 1175 1198 1207 demonstrat:
1222 1175 1307 1216 quod
1320 1186 1384 1207 non
1401 1178 1499 1214 bonas,
1512 1183 1545 1208 et
1557 1178 1644 1218 quod

901 1220 1022 1250 absente
1037 1225 1137 1260 patre.
1172 1219 1358 1250 D.—-Bonas
1370 1230 1415 1250 me
1433 1220 1573 1261 absente]
1599 1221 1644 1252 Et

902 1268 1068 1293 accusaret
1084 1261 1158 1301 (Est
1178 1264 1330 1293 accusatio
1350 1262 1404 1302 Z.)
1420 1263 1519 1294 totius
1534 1263 1643 1295 crimi-

903 1304 972 1335 nis:
996 1304 1053 1336 sed
1067 1315 1200 1336 summae
1219 1311 1268 1336 est
1286 1305 1461 1337 collocatio.
1501 1306 1642 1347 Subjun-

902 1347 990 1388 gitur
1010 1347 1185 1385 iracundia,
1202 1347 1289 1388 quod
1308 1348 1407 1380 dixit:
1431 1350 1534 1389 Ipsum
1545 1353 1644 1390 gestio

903 1392 974 1422 dari
995 1392 1068 1421 mihi
1088 1393 1121 1421 in
1145 1396 1339 1431 conspectum.
1394 1393 1497 1423 Gestio
1524 1399 1643 1431 autem,

903 1433 998 1475 cupio
1013 1440 1045 1465 et
1060 1433 1215 1471 desidero,
1230 1440 1268 1465 ut
1282 1445 1340 1466 sua
1358 1434 1454 1477 culpa
1473 1434 1643 1478 intelligat,

902 1484 1026 1518 patrem
1042 1476 1147 1508 lenem
1163 1477 1353 1509 acerrimum
1369 1477 1498 1509 factum.
1530 1479 1568 1510 E.

946 1521 997 1552 29.
1014 1521 1090 1557 Eho,
1102 1532 1142 1551 an
1154 1522 1188 1551 id
1201 1531 1353 1552 succenses
1367 1532 1446 1552 nunc
1459 1523 1509 1552 ills·
1518 1521 1551 1563 ?]
1566 1522 1643 1554 Huc

903 1562 1055 1594 tendebat
1072 1562 1290 1604 interrogatio,
1306 1570 1342 1595 ut
1356 1570 1421 1595 tam
1441 1564 1576 1606 integris
1589 1576 1642 1597 re-

903 1606 962 1637 bus
975 1606 1186 1637 admiraretur
1199 1607 1294 1638 irasci
1309 1617 1429 1638 senem.
1461 1609 1487 1639 Ο
1498 1611 1643 1648 artificem

897 1651 1023 1689 probum
1034 1648 1065 1690 Ι]
1082 1649 1236 1690 Εἶρωνεία.
1274 1650 1359 1681 Nam
1375 1661 1440 1682 non
1456 1656 1506 1682 est
1515 1652 1642 1691 artifex,

901 1693 992 1733 cujus
1006 1693 1257 1734 deprehenditur
1268 1694 1369 1733 jocus.
1402 1694 1444 1725 D.

944 1737 995 1767 30.
1021 1735 1140 1777 Gentio]
1165 1736 1242 1767 Plus
1259 1739 1367 1777 gestio,
1387 1747 1482 1778 quam
1496 1739 1568 1769 volo.
1598 1738 1641 1770 D.

899 1779 985 1810 —In
1007 1779 1117 1810 Bemb.
1131 1785 1164 1810 et
1177 1778 1358 1811 Basilicano
1373 1786 1422 1812 est
1435 1782 1534 1821 egon':
1556 1781 1642 1822 quod

899 1821 991 1864 parvi
1005 1821 1112 1853 refert.
1143 1822 1180 1853 B.

943 1866 994 1896 31.
1013 1867 1091 1896 Dari
1105 1867 1178 1896 mihi
1193 1867 1226 1896 in
1240 1864 1442 1907 conspectum]
1460 1866 1536 1898 Non
1558 1866 1643 1899 dixit

899 1911 1008 1945 venire,
1024 1915 1061 1939 ut
1078 1908 1199 1939 filium:
1223 1908 1281 1940 sed
1297 1911 1377 1946 dari,
1398 1916 1435 1940 ut
1454 1919 1557 1941 reum.
1597 1911 1639 1942 D.

900 1951 1143 1983 -Concinnius
1165 1951 1286 1983 colloca
1314 1963 1393 1983 nunc
1419 1963 1476 1984 sua
1496 1958 1532 1984 ut
1552 1955 1642 1995 culpa

900 1997 987 2026 sciat.
1019 1995 1057 2026 B.

945 2039 995 2069 32.
1018 2039 1129 2069 Lenem
1146 2042 1265 2077 patrem
1290 2037 1392 2079 illum]
1416 2038 1446 2070 Ο
1467 2037 1640 2072 artificium

901 2088 1005 2122 poetae
1021 2082 1029 2111 Ξ
1066 2081 1100 2112 in
1123 2081 1229 2112 media
1248 2081 1349 2122 patris
1364 2081 1487 2113 saevitia
1501 2083 1638 2114 mentio-

900 2135 974 2155 nem
996 2123 1139 2155 lenitatis
1157 2123 1306 2155 induxit:
1333 2130 1369 2155 ut
1383 2125 1531 2156 ostendat
1543 2136 1640 2167 quam

899 2167 991 2199 facile
1007 2167 1127 2209 placari
1142 2167 1251 2208 possit.
1289 2168 1399 2198 Lenem
1411 2173 1529 2207 patrem
1543 2170 1638 2208 tuum,

890 2210 1011 2251 sactum
1022 2222 1067 2242 me
1078 2221 1141 2242 esse
1150 2210 1344 2251 acerrimum]
1360 2210 1444 2242 Nota
1458 2210 1620 2244 ἀντίθετον
1630 2225 1639 2244 2

900 2264 964 2285 non
989 2254 1074 2284 enim
1104 2253 1170 2284 leni
1197 2253 1418 2295 asperrimum,
1441 2254 1497 2286 sed
1521 2255 1639 2287 acerri-

897 2307 984 2328 mum
991 2296 1131 2328 reddidit
1140 2308 1147 2327 ε
1167 2302 1199 2327 et
1207 2296 1343 2327 mutavit
1348 2297 1493 2338 gradum,
1500 2297 1640 2339 positivo

897 2340 1128 2381 superlativum
1158 2349 1332 2381 opponens.
1383 2341 1494 2372 Lenem
1520 2347 1640 2381 patrm

897 2385 983 2414 illum
1011 2382 1149 2424 sactum]
1186 2383 1240 2414 Sic
1271 2383 1360 2423 Virg.
1392 2383 1468 2415 AEn.
1498 2383 1532 2415 ii.
1564 2385 1652 2419 274.-

898 2432 1040 2468 quantum
1055 2431 1189 2458 mutatus
1201 2427 1241 2457 ab
1255 2427 1307 2457 illo
1321 2427 1451 2458 Hectore
1463 2431 1477 2459 ‚¹
1514 2427 1556 2458 D.

941 2471 992 2501 33.
1015 2472 1113 2511 Atqui
1133 2471 1211 2500 nihil
1229 2467 1320 2510 fecit,
1347 2468 1474 2511 patrue]
1505 2470 1638 2504 Summa

897 2513 1173 2544 contradictionis:
1200 2518 1233 2543 et
1248 2522 1313 2543 non
1333 2512 1424 2550 dixit,
1447 2515 1554 2545 leniter
1562 2525 1635 2555 pee-

898 2558 978 2588 cavit
993 2569 1004 2588 .-
1034 2556 1100 2594 sed,
1120 2557 1199 2587 nihil
1214 2554 1316 2596 secie:
1343 2565 1447 2596 neque
1468 2557 1553 2597 quod
1574 2568 1636 2599 pu-

898 2599 978 2636 nias,
994 2599 1051 2630 sed
1065 2598 1149 2640 quod
1165 2608 1368 2630 succenseas:
1392 2598 1427 2630 id
1441 2599 1525 2640 quod
1538 2599 1637 2633 levia-

897 2642 1014 2674 simum
1035 2650 1093 2674 est.
1133 2642 1316 2682 D.-Aequz·
1344 2643 1422 2672 nihil
1440 2641 1538 2684 fecit]
1569 2644 1637 2677 Hic

893 2687 959 2726 jam
967 2685 1160 2716 defensionis
1166 2684 1579 2728 estgeneraleprincipium.
1596 2687 1637 2720 E.

941 2730 991 2759 34.
1015 2730 1093 2759 Ecce
1110 2733 1209 2759 autem
1228 2729 1340 2759 similia
1354 2727 1469 2770 omnia]
1485 2730 1564 2761 Ecce
1577 2742 1635 2763 α-

899 2776 966 2809 tem,
982 2781 1045 2802 vox
1060 2777 1110 2802 est
1123 2777 1198 2812 apta
1212 2770 1273 2808 his,
1284 2781 1355 2811 quae
1370 2781 1454 2803 nova
1467 2778 1501 2804 et
1513 2772 1635 2816 impro-

899 2814 966 2845 visa
987 2813 1095 2845 animo
1116 2813 1274 2845 accidunt.
1319 2813 1372 2846 Sic
1394 2814 1484 2857 virg.
1507 2815 1583 2848 AEn.
1599 2817 1634 2850 ii.

899 2858 971 2888 203.
1008 2859 1087 2888 Ecce
1109 2862 1209 2888 autem
1230 2859 1344 2898 gemini
1365 2869 1386 2889 a
1408 2859 1524 2891 Tenedo
1548 2864 1635 2892 tran—

897 2902 993 2941 quilla
1019 2907 1075 2940 p'er
1103 2902 1177 2932 alto.
1230 2902 1350 2932 Similia
1378 2903 1503 2934 σηπίαι
1539 2914 1637 2936 onnes

896 2942 1079 2984 congruunt]
1104 2943 1199 2975 More
1219 2943 1455 2983 stomachantis,
1476 2948 1574 2978 οιιιιία
1603 2953 1638 2979 et

897 2997 1004 3026 onnes,
1015 2987 1056 3019 de
1067 2986 1119 3020 his
1132 2986 1222 3026 dicit,
1231 2997 1304 3029 quta
1314 2987 1357 3020 ad
1369 2986 1450 3021 dno·
1461 2988 1635 3031 pertinent.
