<?xml version="1.0" encoding="UTF-8"?>
<!DOCTYPE html PUBLIC "-//W3C//DTD XHTML 1.0 Transitional//EN"
    "http://www.w3.org/TR/xhtml1/DTD/xhtml1-transitional.dtd">
<html xmlns="http://www.w3.org/1999/xhtml" xml:lang="en" lang="en">
 <head>
  <title>
</title>
<meta http-equiv="Content-Type" content="text/html;charset=utf-8" />
  <meta name='ocr-system' content='tesseract 3.04.00' />
  <meta name='ocr-capabilities' content='ocr_page ocr_carea ocr_par ocr_line ocrx_word'/>
</head>
<body>
  <div class='ocr_page' id='page_1' title='image "./comoediaesex00tereuoft_0545.png"; bbox 0 0 1852 3216; ppageno 0'>
   <div class='ocr_carea' id='block_1_1' title="bbox 111 119 359 172">
    <p class='ocr_par' dir='ltr' id='par_1_1' title="bbox 111 119 359 172">
     <span class='ocr_line' id='line_1_1' title="bbox 111 119 359 172; baseline -0.012 -10"><span class='ocrx_word' id='word_1_1' title='bbox 111 131 252 162; x_wconf 66' lang='lat' dir='ltr'><strong>scssxu</strong></span> <span class='ocrx_word' id='word_1_2' title='bbox 273 119 359 172; x_wconf 63' lang='lat' dir='ltr'><strong>nn]</strong></span> 
     </span>
    </p>
   </div>
   <div class='ocr_carea' id='block_1_2' title="bbox 700 115 1050 160">
    <p class='ocr_par' dir='ltr' id='par_1_2' title="bbox 700 115 1050 160">
     <span class='ocr_line' id='line_1_2' title="bbox 700 115 1050 160; baseline 0 -1"><span class='ocrx_word' id='word_1_3' title='bbox 700 115 1050 160; x_wconf 87' lang='lat' dir='ltr'><strong>ADELPHI.</strong></span> 
     </span>
    </p>
   </div>
   <div class='ocr_carea' id='block_1_3' title="bbox 106 207 1501 1311">
    <p class='ocr_par' dir='ltr' id='par_1_3' title="bbox 106 207 1501 1311">
     <span class='ocr_line' id='line_1_3' title="bbox 167 207 1153 269; baseline -0.001 -20"><span class='ocrx_word' id='word_1_4' title='bbox 167 207 418 250; x_wconf 81' lang='lat' dir='ltr'><strong>Communia</strong></span> <span class='ocrx_word' id='word_1_5' title='bbox 437 222 533 250; x_wconf 90' lang='lat' dir='ltr'><strong>esse</strong></span> <span class='ocrx_word' id='word_1_6' title='bbox 551 207 782 269; x_wconf 79' lang='lat' dir='ltr'><strong>amicorum</strong></span> <span class='ocrx_word' id='word_1_7' title='bbox 799 207 912 248; x_wconf 89' lang='lat' dir='ltr'><strong>inter</strong></span> <span class='ocrx_word' id='word_1_8' title='bbox 932 221 978 249; x_wconf 78' lang='lat' dir='ltr'><strong>se</strong></span> <span class='ocrx_word' id='word_1_9' title='bbox 999 207 1153 249; x_wconf 83' lang='lat' dir='ltr'><strong>omnia.</strong></span> 
     </span>
     <span class='ocr_line' id='line_1_4' title="bbox 167 272 1310 316; baseline 0 -2"><span class='ocrx_word' id='word_1_10' title='bbox 167 272 256 315; x_wconf 67' lang='lat' dir='ltr'><strong>De.</strong></span> <span class='ocrx_word' id='word_1_11' title='bbox 278 272 462 315; x_wconf 90' lang='lat' dir='ltr'><strong>Facete:</strong></span> <span class='ocrx_word' id='word_1_12' title='bbox 493 288 607 316; x_wconf 89' lang='lat' dir='ltr'><strong>nunc</strong></span> <span class='ocrx_word' id='word_1_13' title='bbox 627 273 796 316; x_wconf 79' lang='lat' dir='ltr'><strong>demum</strong></span> <span class='ocrx_word' id='word_1_14' title='bbox 812 273 931 314; x_wconf 87' lang='lat' dir='ltr'><strong>istaec</strong></span> <span class='ocrx_word' id='word_1_15' title='bbox 951 280 1053 314; x_wconf 81' lang='lat' dir='ltr'><strong>nata</strong></span> <span class='ocrx_word' id='word_1_16' title='bbox 1072 272 1209 314; x_wconf 81' lang='lat' dir='ltr'><strong>oratio</strong></span> <span class='ocrx_word' id='word_1_17' title='bbox 1229 279 1310 314; x_wconf 87' lang='lat' dir='ltr'><strong>est.</strong></span> 
     </span>
     <span class='ocr_line' id='line_1_5' title="bbox 107 337 1330 394; baseline 0.002 -17"><span class='ocrx_word' id='word_1_18' title='bbox 107 347 148 377; x_wconf 86' lang='lat'><strong>20</strong></span> <span class='ocrx_word' id='word_1_19' title='bbox 165 337 248 380; x_wconf 79' lang='lat' dir='ltr'><strong>Mx.</strong></span> <span class='ocrx_word' id='word_1_20' title='bbox 271 337 484 381; x_wconf 87' lang='lat' dir='ltr'><strong>Ausculta</strong></span> <span class='ocrx_word' id='word_1_21' title='bbox 503 340 667 394; x_wconf 83' lang='lat' dir='ltr'><strong>paucis,</strong></span> <span class='ocrx_word' id='word_1_22' title='bbox 687 339 769 380; x_wconf 87' lang='lat' dir='ltr'><strong>nisi</strong></span> <span class='ocrx_word' id='word_1_23' title='bbox 786 337 1013 380; x_wconf 86' lang='lat' dir='ltr'><strong>molestum</strong></span> <span class='ocrx_word' id='word_1_24' title='bbox 1031 345 1114 388; x_wconf 90' lang='lat' dir='ltr'><strong>est,</strong></span> <span class='ocrx_word' id='word_1_25' title='bbox 1135 337 1330 379; x_wconf 85' lang='lat' dir='ltr'><strong>Demea:</strong></span> 
     </span>
     <span class='ocr_line' id='line_1_6' title="bbox 164 403 1089 459; baseline -0.001 -13"><span class='ocrx_word' id='word_1_26' title='bbox 164 403 396 459; x_wconf 89' lang='lat' dir='ltr'><strong>Principio,</strong></span> <span class='ocrx_word' id='word_1_27' title='bbox 418 404 454 445; x_wconf 92' lang='lat' dir='ltr'><strong>si</strong></span> <span class='ocrx_word' id='word_1_28' title='bbox 473 405 518 446; x_wconf 89' lang='lat' dir='ltr'><strong>id</strong></span> <span class='ocrx_word' id='word_1_29' title='bbox 539 412 581 447; x_wconf 87' lang='lat' dir='ltr'><strong>te</strong></span> <span class='ocrx_word' id='word_1_30' title='bbox 602 404 784 454; x_wconf 89' lang='lat' dir='ltr'><strong>mordet,</strong></span> <span class='ocrx_word' id='word_1_31' title='bbox 805 411 992 446; x_wconf 89' lang='lat' dir='ltr'>sumtum</span> <span class='ocrx_word' id='word_1_32' title='bbox 1012 403 1089 445; x_wconf 90' lang='lat' dir='ltr'><strong>filii</strong></span> 
     </span>
     <span class='ocr_line' id='line_1_7' title="bbox 164 469 1306 526; baseline 0 -14"><span class='ocrx_word' id='word_1_33' title='bbox 164 470 307 518; x_wconf 85' lang='lat' dir='ltr'><strong>Quem</strong></span> <span class='ocrx_word' id='word_1_34' title='bbox 326 470 503 521; x_wconf 78' lang='lat' dir='ltr'><strong>faciunt,</strong></span> <span class='ocrx_word' id='word_1_35' title='bbox 525 486 673 526; x_wconf 88' lang='lat' dir='ltr'><strong>quaeso</strong></span> <span class='ocrx_word' id='word_1_36' title='bbox 693 470 821 513; x_wconf 87' lang='lat' dir='ltr'><strong>facito</strong></span> <span class='ocrx_word' id='word_1_37' title='bbox 839 469 934 513; x_wconf 84' lang='lat' dir='ltr'><strong>haec</strong></span> <span class='ocrx_word' id='word_1_38' title='bbox 954 478 1096 512; x_wconf 90' lang='lat' dir='ltr'><strong>tecum</strong></span> <span class='ocrx_word' id='word_1_39' title='bbox 1117 470 1306 526; x_wconf 85' lang='lat' dir='ltr'><strong>cogites:</strong></span> 
     </span>
     <span class='ocr_line' id='line_1_8' title="bbox 162 534 1075 591; baseline 0 -14"><span class='ocrx_word' id='word_1_40' title='bbox 162 534 236 577; x_wconf 87' lang='lat' dir='ltr'><strong>Tu</strong></span> <span class='ocrx_word' id='word_1_41' title='bbox 257 535 349 577; x_wconf 92' lang='lat' dir='ltr'><strong>illos</strong></span> <span class='ocrx_word' id='word_1_42' title='bbox 372 536 481 578; x_wconf 91' lang='lat' dir='ltr'><strong>duos</strong></span> <span class='ocrx_word' id='word_1_43' title='bbox 502 536 599 578; x_wconf 91' lang='lat' dir='ltr'><strong>olim</strong></span> <span class='ocrx_word' id='word_1_44' title='bbox 619 551 699 591; x_wconf 92' lang='lat' dir='ltr'><strong>pro</strong></span> <span class='ocrx_word' id='word_1_45' title='bbox 718 551 765 578; x_wconf 90' lang='lat' dir='ltr'><strong>re</strong></span> <span class='ocrx_word' id='word_1_46' title='bbox 785 535 965 578; x_wconf 86' lang='lat' dir='ltr'><strong>tollebas</strong></span> <span class='ocrx_word' id='word_1_47' title='bbox 986 542 1075 586; x_wconf 90' lang='lat' dir='ltr'><strong>tua,</strong></span> 
     </span>
     <span class='ocr_line' id='line_1_9' title="bbox 121 600 1217 657; baseline 0 -15"><span class='ocrx_word' id='word_1_48' title='bbox 121 603 125 607; x_wconf 76' lang='grc'>’</span> <span class='ocrx_word' id='word_1_49' title='bbox 163 600 297 648; x_wconf 86' lang='lat' dir='ltr'><strong>Quod</strong></span> <span class='ocrx_word' id='word_1_50' title='bbox 318 603 421 643; x_wconf 89' lang='lat' dir='ltr'><strong>satis</strong></span> <span class='ocrx_word' id='word_1_51' title='bbox 442 602 628 657; x_wconf 87' lang='lat' dir='ltr'><strong>putabas</strong></span> <span class='ocrx_word' id='word_1_52' title='bbox 646 610 720 644; x_wconf 88' lang='lat' dir='ltr'><strong>tua</strong></span> <span class='ocrx_word' id='word_1_53' title='bbox 740 603 855 644; x_wconf 88' lang='lat' dir='ltr'><strong>bona</strong></span> <span class='ocrx_word' id='word_1_54' title='bbox 872 601 1082 643; x_wconf 88' lang='lat' dir='ltr'><strong>ambobus</strong></span> <span class='ocrx_word' id='word_1_55' title='bbox 1100 600 1217 651; x_wconf 86' lang='lat' dir='ltr'><strong>fore;</strong></span> 
     </span>
     <span class='ocr_line' id='line_1_10' title="bbox 106 666 1044 710; baseline 0.005 -5"><span class='ocrx_word' id='word_1_56' title='bbox 106 675 148 704; x_wconf 79' lang='lat'><strong>25</strong></span> <span class='ocrx_word' id='word_1_57' title='bbox 166 666 227 708; x_wconf 93' lang='lat' dir='ltr'><strong>Et</strong></span> <span class='ocrx_word' id='word_1_58' title='bbox 248 682 314 708; x_wconf 92' lang='lat' dir='ltr'><strong>me</strong></span> <span class='ocrx_word' id='word_1_59' title='bbox 333 674 423 709; x_wconf 89' lang='lat' dir='ltr'><strong>tum</strong></span> <span class='ocrx_word' id='word_1_60' title='bbox 445 682 622 709; x_wconf 85' lang='lat' dir='ltr'><strong>uxorem</strong></span> <span class='ocrx_word' id='word_1_61' title='bbox 643 667 863 709; x_wconf 82' lang='lat' dir='ltr'><strong>credidisti</strong></span> <span class='ocrx_word' id='word_1_62' title='bbox 883 666 1044 710; x_wconf 89' lang='lat' dir='ltr'><strong>scilicet</strong></span> 
     </span>
     <span class='ocr_line' id='line_1_11' title="bbox 162 731 1427 788; baseline 0.001 -14"><span class='ocrx_word' id='word_1_63' title='bbox 162 731 431 774; x_wconf 90' lang='lat' dir='ltr'><strong>Ducturum:</strong></span> <span class='ocrx_word' id='word_1_64' title='bbox 462 733 643 775; x_wconf 88' lang='lat' dir='ltr'><strong>eandem</strong></span> <span class='ocrx_word' id='word_1_65' title='bbox 662 732 774 774; x_wconf 87' lang='lat' dir='ltr'><strong>illam</strong></span> <span class='ocrx_word' id='word_1_66' title='bbox 792 734 1000 776; x_wconf 88' lang='lat' dir='ltr'><strong>rationem</strong></span> <span class='ocrx_word' id='word_1_67' title='bbox 1018 734 1236 788; x_wconf 90' lang='lat' dir='ltr'><strong>antiquam</strong></span> <span class='ocrx_word' id='word_1_68' title='bbox 1256 733 1427 775; x_wconf 86' lang='lat' dir='ltr'><strong>obtine:</strong></span> 
     </span>
     <span class='ocr_line' id='line_1_12' title="bbox 162 798 1228 854; baseline 0.001 -15"><span class='ocrx_word' id='word_1_69' title='bbox 162 798 395 849; x_wconf 78' lang='lat' dir='ltr'><strong>conserva,</strong></span> <span class='ocrx_word' id='word_1_70' title='bbox 417 813 577 853; x_wconf 88' lang='lat' dir='ltr'><strong>quaere,</strong></span> <span class='ocrx_word' id='word_1_71' title='bbox 598 813 751 854; x_wconf 84' lang='lat' dir='ltr'><strong>parce:</strong></span> <span class='ocrx_word' id='word_1_72' title='bbox 784 798 850 840; x_wconf 87' lang='lat' dir='ltr'><strong>fac</strong></span> <span class='ocrx_word' id='word_1_73' title='bbox 869 798 1228 854; x_wconf 88' lang='lat' dir='ltr'><strong>quamplurimum</strong></span> 
     </span>
     <span class='ocr_line' id='line_1_13' title="bbox 162 863 1105 920; baseline -0.001 -14"><span class='ocrx_word' id='word_1_74' title='bbox 162 863 250 906; x_wconf 90' lang='lat' dir='ltr'><strong>Illis</strong></span> <span class='ocrx_word' id='word_1_75' title='bbox 270 864 504 920; x_wconf 88' lang='lat' dir='ltr'><strong>relinquas:</strong></span> <span class='ocrx_word' id='word_1_76' title='bbox 536 864 715 920; x_wconf 84' lang='lat' dir='ltr'><strong>gloriam</strong></span> <span class='ocrx_word' id='word_1_77' title='bbox 734 871 782 906; x_wconf 91' lang='lat' dir='ltr'><strong>tu</strong></span> <span class='ocrx_word' id='word_1_78' title='bbox 801 864 926 906; x_wconf 85' lang='lat' dir='ltr'><strong>istam</strong></span> <span class='ocrx_word' id='word_1_79' title='bbox 946 864 1105 906; x_wconf 86' lang='lat' dir='ltr'><strong>obtine.</strong></span> 
     </span>
     <span class='ocr_line' id='line_1_14' title="bbox 163 928 1270 986; baseline -0.002 -14"><span class='ocrx_word' id='word_1_80' title='bbox 163 929 283 981; x_wconf 85' lang='lat' dir='ltr'><strong>Mea,</strong></span> <span class='ocrx_word' id='word_1_81' title='bbox 305 945 402 986; x_wconf 86' lang='lat' dir='ltr'><strong>quae</strong></span> <span class='ocrx_word' id='word_1_82' title='bbox 422 938 583 986; x_wconf 86' lang='lat' dir='ltr'><strong>praeter</strong></span> <span class='ocrx_word' id='word_1_83' title='bbox 603 944 724 985; x_wconf 90' lang='lat' dir='ltr'><strong>spem</strong></span> <span class='ocrx_word' id='word_1_84' title='bbox 744 944 940 980; x_wconf 88' lang='lat' dir='ltr'><strong>evenere,</strong></span> <span class='ocrx_word' id='word_1_85' title='bbox 962 936 1138 971; x_wconf 87' lang='lat' dir='ltr'><strong>utantur</strong></span> <span class='ocrx_word' id='word_1_86' title='bbox 1158 928 1270 970; x_wconf 91' lang='lat' dir='ltr'><strong>sine:</strong></span> 
     </span>
     <span class='ocr_line' id='line_1_15' title="bbox 106 994 1302 1050; baseline 0.001 -16"><span class='ocrx_word' id='word_1_87' title='bbox 106 1004 148 1034; x_wconf 80' lang='grc' dir='ltr'><strong>3ο</strong></span> <span class='ocrx_word' id='word_1_88' title='bbox 164 995 235 1038; x_wconf 91' lang='lat' dir='ltr'><strong>De</strong></span> <span class='ocrx_word' id='word_1_89' title='bbox 256 1011 419 1038; x_wconf 89' lang='lat' dir='ltr'><strong>summa</strong></span> <span class='ocrx_word' id='word_1_90' title='bbox 435 994 542 1037; x_wconf 89' lang='lat' dir='ltr'><strong>nihil</strong></span> <span class='ocrx_word' id='word_1_91' title='bbox 561 995 766 1037; x_wconf 83' lang='lat' dir='ltr'><strong>decedet:</strong></span> <span class='ocrx_word' id='word_1_92' title='bbox 797 995 915 1050; x_wconf 91' lang='lat' dir='ltr'><strong>quod</strong></span> <span class='ocrx_word' id='word_1_93' title='bbox 935 994 1035 1036; x_wconf 88' lang='lat' dir='ltr'><strong>hinc</strong></span> <span class='ocrx_word' id='word_1_94' title='bbox 1056 994 1302 1044; x_wconf 87' lang='lat' dir='ltr'><strong>accesserit,</strong></span> 
     </span>
     <span class='ocr_line' id='line_1_16' title="bbox 161 1058 1202 1116; baseline -0.003 -13"><span class='ocrx_word' id='word_1_95' title='bbox 161 1061 215 1103; x_wconf 94' lang='lat' dir='ltr'><strong>Id</strong></span> <span class='ocrx_word' id='word_1_96' title='bbox 235 1062 290 1103; x_wconf 91' lang='lat' dir='ltr'><strong>de</strong></span> <span class='ocrx_word' id='word_1_97' title='bbox 309 1060 429 1103; x_wconf 87' lang='lat' dir='ltr'><strong>lucro</strong></span> <span class='ocrx_word' id='word_1_98' title='bbox 447 1068 600 1116; x_wconf 91' lang='lat' dir='ltr'><strong>putato</strong></span> <span class='ocrx_word' id='word_1_99' title='bbox 619 1075 716 1103; x_wconf 85' lang='lat' dir='ltr'><strong>esse</strong></span> <span class='ocrx_word' id='word_1_100' title='bbox 737 1075 884 1102; x_wconf 88' lang='lat' dir='ltr'><strong>omne:</strong></span> <span class='ocrx_word' id='word_1_101' title='bbox 915 1059 1010 1102; x_wconf 90' lang='lat' dir='ltr'><strong>haec</strong></span> <span class='ocrx_word' id='word_1_102' title='bbox 1032 1060 1067 1101; x_wconf 91' lang='lat' dir='ltr'><strong>si</strong></span> <span class='ocrx_word' id='word_1_103' title='bbox 1085 1058 1202 1100; x_wconf 84' lang='lat' dir='ltr'><strong>voles</strong></span> 
     </span>
     <span class='ocr_line' id='line_1_17' title="bbox 161 1125 923 1182; baseline -0.003 -13"><span class='ocrx_word' id='word_1_104' title='bbox 161 1127 214 1169; x_wconf 93' lang='lat' dir='ltr'><strong>In</strong></span> <span class='ocrx_word' id='word_1_105' title='bbox 233 1127 373 1169; x_wconf 88' lang='lat' dir='ltr'><strong>animo</strong></span> <span class='ocrx_word' id='word_1_106' title='bbox 391 1141 491 1169; x_wconf 84' lang='lat' dir='ltr'><strong>vere</strong></span> <span class='ocrx_word' id='word_1_107' title='bbox 511 1126 716 1182; x_wconf 87' lang='lat' dir='ltr'><strong>cogitare,</strong></span> <span class='ocrx_word' id='word_1_108' title='bbox 738 1125 923 1176; x_wconf 87' lang='lat' dir='ltr'><strong>Demea,</strong></span> 
     </span>
     <span class='ocr_line' id='line_1_18' title="bbox 161 1190 1201 1244; baseline -0.005 -8"><span class='ocrx_word' id='word_1_109' title='bbox 161 1193 225 1236; x_wconf 92' lang='lat' dir='ltr'><strong>Et</strong></span> <span class='ocrx_word' id='word_1_110' title='bbox 241 1193 359 1243; x_wconf 88' lang='lat' dir='ltr'><strong>mihi,</strong></span> <span class='ocrx_word' id='word_1_111' title='bbox 381 1201 425 1236; x_wconf 90' lang='lat' dir='ltr'><strong>et</strong></span> <span class='ocrx_word' id='word_1_112' title='bbox 445 1193 537 1244; x_wconf 86' lang='lat' dir='ltr'><strong>tibi,</strong></span> <span class='ocrx_word' id='word_1_113' title='bbox 557 1200 602 1235; x_wconf 91' lang='lat' dir='ltr'><strong>et</strong></span> <span class='ocrx_word' id='word_1_114' title='bbox 621 1192 703 1234; x_wconf 87' lang='lat' dir='ltr'><strong>illis</strong></span> <span class='ocrx_word' id='word_1_115' title='bbox 723 1191 931 1234; x_wconf 86' lang='lat' dir='ltr'><strong>demseris</strong></span> <span class='ocrx_word' id='word_1_116' title='bbox 951 1190 1201 1232; x_wconf 88' lang='lat' dir='ltr'><strong>molestiam.</strong></span> 
     </span>
     <span class='ocr_line' id='line_1_19' title="bbox 161 1253 1501 1311; baseline -0.005 -9"><span class='ocrx_word' id='word_1_117' title='bbox 161 1259 253 1302; x_wconf 69' lang='lat' dir='ltr'><strong>DE.</strong></span> <span class='ocrx_word' id='word_1_118' title='bbox 276 1259 409 1301; x_wconf 89' lang='lat' dir='ltr'><strong>Mitto</strong></span> <span class='ocrx_word' id='word_1_119' title='bbox 430 1273 542 1301; x_wconf 90' lang='lat' dir='ltr'><strong>rem:</strong></span> <span class='ocrx_word' id='word_1_120' title='bbox 575 1258 929 1301; x_wconf 90' lang='lat' dir='ltr'><strong>consuetudinem</strong></span> <span class='ocrx_word' id='word_1_121' title='bbox 948 1257 1154 1311; x_wconf 89' lang='lat' dir='ltr'><strong>ipsorum.</strong></span> <span class='ocrx_word' id='word_1_122' title='bbox 1207 1254 1293 1296; x_wconf 91' lang='lat' dir='ltr'><strong>M1.</strong></span> <span class='ocrx_word' id='word_1_123' title='bbox 1344 1253 1501 1306; x_wconf 81' lang='lat' dir='ltr'><strong>Mane3</strong></span> 
     </span>
    </p>
   </div>
   <div class='ocr_carea' id='block_1_4' title="bbox 102 1357 851 2997">
    <p class='ocr_par' dir='ltr' id='par_1_4' title="bbox 105 1357 850 1443">
     <span class='ocr_line' id='line_1_20' title="bbox 106 1357 850 1403; baseline -0.005 -11"><span class='ocrx_word' id='word_1_124' title='bbox 106 1361 319 1403; x_wconf 85' lang='lat' dir='ltr'><strong>interponunt</strong></span> <span class='ocrx_word' id='word_1_125' title='bbox 340 1360 506 1391; x_wconf 78' lang='lat' dir='ltr'><strong>Demeam.</strong></span> <span class='ocrx_word' id='word_1_126' title='bbox 547 1359 728 1399; x_wconf 84' lang='lat' dir='ltr'><strong>Utrumque</strong></span> <span class='ocrx_word' id='word_1_127' title='bbox 752 1357 799 1389; x_wconf 89' lang='lat' dir='ltr'><strong>ita</strong></span> <span class='ocrx_word' id='word_1_128' title='bbox 815 1368 850 1389; x_wconf 89' lang='lat' dir='ltr'><strong>se</strong></span> 
     </span>
     <span class='ocr_line' id='line_1_21' title="bbox 105 1401 850 1443; baseline -0.004 -8"><span class='ocrx_word' id='word_1_129' title='bbox 105 1403 319 1440; x_wconf 82' lang='lat' dir='ltr'><strong>commendat,</strong></span> <span class='ocrx_word' id='word_1_130' title='bbox 330 1410 366 1434; x_wconf 92' lang='lat' dir='ltr'><strong>ut</strong></span> <span class='ocrx_word' id='word_1_131' title='bbox 377 1403 501 1434; x_wconf 87' lang='lat' dir='ltr'><strong>nescias</strong></span> <span class='ocrx_word' id='word_1_132' title='bbox 512 1409 621 1433; x_wconf 88' lang='lat' dir='ltr'><strong>utrum</strong></span> <span class='ocrx_word' id='word_1_133' title='bbox 634 1401 794 1443; x_wconf 71' lang='lat' dir='ltr'><strong>praeferas.</strong></span> <span class='ocrx_word' id='word_1_134' title='bbox 812 1401 850 1432; x_wconf 90' lang='lat' dir='ltr'><strong>B.</strong></span> 
     </span>
    </p>

    <p class='ocr_par' dir='ltr' id='par_1_5' title="bbox 106 1447 851 2047">
     <span class='ocr_line' id='line_1_22' title="bbox 153 1447 851 1478; baseline -0.004 0"><span class='ocrx_word' id='word_1_135' title='bbox 153 1449 202 1478; x_wconf 90' lang='lat'><strong>18.</strong></span> <span class='ocrx_word' id='word_1_136' title='bbox 232 1449 405 1478; x_wconf 76' lang='lat' dir='ltr'><strong>Communia</strong></span> <span class='ocrx_word' id='word_1_137' title='bbox 427 1457 490 1477; x_wconf 72' lang='lat' dir='ltr'><strong>esse</strong></span> <span class='ocrx_word' id='word_1_138' title='bbox 517 1448 679 1476; x_wconf 69' lang='lat' dir='ltr'><strong>amt&#39;cmm</strong></span> <span class='ocrx_word' id='word_1_139' title='bbox 710 1447 790 1476; x_wconf 73' lang='lat' dir='ltr'><strong>inter</strong></span> <span class='ocrx_word' id='word_1_140' title='bbox 819 1455 851 1475; x_wconf 75' lang='lat' dir='ltr'><strong>se</strong></span> 
     </span>
     <span class='ocr_line' id='line_1_23' title="bbox 106 1487 848 1531; baseline -0.005 -9"><span class='ocrx_word' id='word_1_141' title='bbox 106 1489 223 1531; x_wconf 68' lang='lat' dir='ltr'><strong>onnia]</strong></span> <span class='ocrx_word' id='word_1_142' title='bbox 249 1490 340 1521; x_wconf 90' lang='lat' dir='ltr'><strong>Inter</strong></span> <span class='ocrx_word' id='word_1_143' title='bbox 365 1489 584 1531; x_wconf 81' lang='lat' dir='ltr'><strong>Pythagoreos</strong></span> <span class='ocrx_word' id='word_1_144' title='bbox 599 1495 705 1519; x_wconf 85' lang='lat' dir='ltr'><strong>ortum</strong></span> <span class='ocrx_word' id='word_1_145' title='bbox 721 1487 848 1519; x_wconf 87' lang='lat' dir='ltr'><strong>dicitur.</strong></span> 
     </span>
     <span class='ocr_line' id='line_1_24' title="bbox 107 1530 850 1572; baseline -0.005 -7"><span class='ocrx_word' id='word_1_146' title='bbox 107 1535 370 1565; x_wconf 67' lang='lat' dir='ltr'><strong>D.—conmnia</strong></span> <span class='ocrx_word' id='word_1_147' title='bbox 381 1543 444 1564; x_wconf 70' lang='lat' dir='ltr'><strong>esse</strong></span> <span class='ocrx_word' id='word_1_148' title='bbox 454 1530 632 1572; x_wconf 65' lang='grc' dir='ltr'><strong>σπείων-κω]</strong></span> <span class='ocrx_word' id='word_1_149' title='bbox 651 1530 800 1562; x_wconf 84' lang='lat' dir='ltr'><strong>Malcbus</strong></span> <span class='ocrx_word' id='word_1_150' title='bbox 809 1531 850 1561; x_wconf 91' lang='lat' dir='ltr'><strong>de</strong></span> 
     </span>
     <span class='ocr_line' id='line_1_25' title="bbox 107 1571 849 1619; baseline -0.007 -11"><span class='ocrx_word' id='word_1_151' title='bbox 107 1577 310 1619; x_wconf 73' lang='lat' dir='ltr'><strong>Pythagora:</strong></span> <span class='ocrx_word' id='word_1_152' title='bbox 342 1575 418 1607; x_wconf 78' lang='grc' dir='ltr'><strong>τοὺς</strong></span> <span class='ocrx_word' id='word_1_153' title='bbox 446 1574 480 1606; x_wconf 79' lang='grc' dir='ltr'><strong>δὲ</strong></span> <span class='ocrx_word' id='word_1_154' title='bbox 510 1574 622 1615; x_wconf 73' lang='grc' dir='ltr'><strong>φίλους</strong></span> <span class='ocrx_word' id='word_1_155' title='bbox 652 1571 849 1615; x_wconf 66' lang='grc' dir='ltr'><strong>ὑπερηγάπα,</strong></span> 
     </span>
     <span class='ocr_line' id='line_1_26' title="bbox 106 1616 848 1659; baseline -0.004 -8"><span class='ocrx_word' id='word_1_156' title='bbox 106 1619 197 1651; x_wconf 62' lang='grc' dir='ltr'>κοινὰ</span> <span class='ocrx_word' id='word_1_157' title='bbox 206 1619 266 1659; x_wconf 72' lang='grc' dir='ltr'><strong>μὲν</strong></span> <span class='ocrx_word' id='word_1_158' title='bbox 280 1618 322 1650; x_wconf 74' lang='grc' dir='ltr'><strong>τὰ</strong></span> <span class='ocrx_word' id='word_1_159' title='bbox 335 1621 399 1650; x_wconf 69' lang='grc' dir='ltr'><strong>τᾶν</strong></span> <span class='ocrx_word' id='word_1_160' title='bbox 414 1617 517 1658; x_wconf 73' lang='grc' dir='ltr'>φίλων</span> <span class='ocrx_word' id='word_1_161' title='bbox 533 1616 610 1649; x_wconf 79' lang='grc' dir='ltr'>εἶναι</span> <span class='ocrx_word' id='word_1_162' title='bbox 628 1619 751 1658; x_wconf 70' lang='grc' dir='ltr'><strong><em>πρῶτος</em></strong></span> <span class='ocrx_word' id='word_1_163' title='bbox 771 1616 848 1648; x_wconf 69' lang='grc' dir='ltr'><strong>ἆτο-</strong></span> 
     </span>
     <span class='ocr_line' id='line_1_27' title="bbox 107 1660 847 1704; baseline -0.007 -9"><span class='ocrx_word' id='word_1_164' title='bbox 107 1661 302 1704; x_wconf 69' lang='grc' dir='ltr'><strong><em>φῃνάμενοςε</em></strong></span> <span class='ocrx_word' id='word_1_165' title='bbox 342 1662 534 1704; x_wconf 85' lang='lat' dir='ltr'><strong>Hieronym.</strong></span> <span class='ocrx_word' id='word_1_166' title='bbox 575 1661 698 1692; x_wconf 79' lang='lat' dir='ltr'><strong>advers-</strong></span> <span class='ocrx_word' id='word_1_167' title='bbox 736 1660 847 1691; x_wconf 85' lang='lat' dir='ltr'><strong>Rufin.</strong></span> 
     </span>
     <span class='ocr_line' id='line_1_28' title="bbox 106 1705 847 1747; baseline -0.005 -9"><span class='ocrx_word' id='word_1_168' title='bbox 106 1708 315 1747; x_wconf 69' lang='lat' dir='ltr'><strong>Pythagorica</strong></span> <span class='ocrx_word' id='word_1_169' title='bbox 341 1711 372 1737; x_wconf 82' lang='lat' dir='ltr'><strong>et</strong></span> <span class='ocrx_word' id='word_1_170' title='bbox 398 1707 454 1736; x_wconf 78' lang='lat' dir='ltr'><strong>illa</strong></span> <span class='ocrx_word' id='word_1_171' title='bbox 476 1710 630 1745; x_wconf 80' lang='lat' dir='ltr'><strong>praecepta</strong></span> <span class='ocrx_word' id='word_1_172' title='bbox 655 1709 735 1741; x_wconf 68' lang='lat' dir='ltr'><strong>sunt,</strong></span> <span class='ocrx_word' id='word_1_173' title='bbox 758 1705 847 1734; x_wconf 79' lang='lat' dir='ltr'><strong>Ami-</strong></span> 
     </span>
     <span class='ocr_line' id='line_1_29' title="bbox 106 1746 849 1782; baseline -0.004 -2"><span class='ocrx_word' id='word_1_174' title='bbox 106 1761 207 1780; x_wconf 72' lang='lat' dir='ltr'><strong>eona·</strong></span> <span class='ocrx_word' id='word_1_175' title='bbox 235 1751 333 1780; x_wconf 70' lang='lat' dir='ltr'><strong>omnia</strong></span> <span class='ocrx_word' id='word_1_176' title='bbox 357 1753 428 1779; x_wconf 68' lang='lat' dir='ltr'><strong>sunt</strong></span> <span class='ocrx_word' id='word_1_177' title='bbox 451 1749 636 1782; x_wconf 60' lang='lat' dir='ltr'><strong>commanda,-</strong></span> <span class='ocrx_word' id='word_1_178' title='bbox 664 1747 787 1778; x_wconf 79' lang='lat' dir='ltr'><strong>Seneca</strong></span> <span class='ocrx_word' id='word_1_179' title='bbox 808 1746 849 1778; x_wconf 87' lang='lat' dir='ltr'><strong>de</strong></span> 
     </span>
     <span class='ocr_line' id='line_1_30' title="bbox 108 1791 847 1824; baseline -0.004 -1"><span class='ocrx_word' id='word_1_180' title='bbox 108 1792 220 1824; x_wconf 72' lang='lat' dir='ltr'><strong>Benefi</strong></span> <span class='ocrx_word' id='word_1_181' title='bbox 237 1792 291 1822; x_wconf 87' lang='lat' dir='ltr'><strong>vii.</strong></span> <span class='ocrx_word' id='word_1_182' title='bbox 312 1792 360 1822; x_wconf 80' lang='lat'><strong>14.</strong></span> <span class='ocrx_word' id='word_1_183' title='bbox 396 1792 448 1822; x_wconf 78' lang='lat' dir='ltr'><strong>Me</strong></span> <span class='ocrx_word' id='word_1_184' title='bbox 471 1794 546 1822; x_wconf 65' lang='lat' dir='ltr'><strong>scito</strong></span> <span class='ocrx_word' id='word_1_185' title='bbox 564 1796 595 1821; x_wconf 80' lang='lat' dir='ltr'><strong>et</strong></span> <span class='ocrx_word' id='word_1_186' title='bbox 616 1792 653 1821; x_wconf 85' lang='lat' dir='ltr'><strong>de</strong></span> <span class='ocrx_word' id='word_1_187' title='bbox 672 1791 778 1821; x_wconf 70' lang='lat' dir='ltr'><strong>micis</strong></span> <span class='ocrx_word' id='word_1_188' title='bbox 799 1791 847 1820; x_wconf 76' lang='lat' dir='ltr'><strong>in-</strong></span> 
     </span>
     <span class='ocr_line' id='line_1_31' title="bbox 107 1835 848 1876; baseline -0.005 -9"><span class='ocrx_word' id='word_1_189' title='bbox 107 1841 285 1876; x_wconf 77' lang='lat' dir='ltr'><strong>terrogare,-</strong></span> <span class='ocrx_word' id='word_1_190' title='bbox 306 1837 405 1866; x_wconf 73' lang='lat' dir='ltr'><strong>onnia</strong></span> <span class='ocrx_word' id='word_1_191' title='bbox 427 1836 531 1865; x_wconf 75' lang='lat' dir='ltr'><strong>dicitis</strong></span> <span class='ocrx_word' id='word_1_192' title='bbox 552 1835 616 1864; x_wconf 66' lang='lat' dir='ltr'><strong>illie</strong></span> <span class='ocrx_word' id='word_1_193' title='bbox 636 1844 699 1864; x_wconf 75' lang='lat' dir='ltr'><strong>esse</strong></span> <span class='ocrx_word' id='word_1_194' title='bbox 720 1844 848 1864; x_wconf 80' lang='lat' dir='ltr'><strong>comma-</strong></span> 
     </span>
     <span class='ocr_line' id='line_1_32' title="bbox 106 1878 848 1919; baseline -0.007 -9"><span class='ocrx_word' id='word_1_195' title='bbox 106 1881 180 1914; x_wconf 67' lang='lat' dir='ltr'><strong>m‘at</strong></span> <span class='ocrx_word' id='word_1_196' title='bbox 202 1889 402 1919; x_wconf 76' lang='lat' dir='ltr'><strong>ergonemoq</strong></span> <span class='ocrx_word' id='word_1_197' title='bbox 428 1880 436 1886; x_wconf 79' lang='lat'><em>⁰</em></span> <span class='ocrx_word' id='word_1_198' title='bbox 514 1878 848 1915; x_wconf 72' lang='lat' dir='ltr'><strong>mamicodonarepot-</strong></span> 
     </span>
     <span class='ocr_line' id='line_1_33' title="bbox 107 1918 850 1962; baseline -0.007 -8"><span class='ocrx_word' id='word_1_199' title='bbox 107 1928 162 1954; x_wconf 72' lang='lat' dir='ltr'><strong>est.</strong></span> <span class='ocrx_word' id='word_1_200' title='bbox 203 1921 471 1952; x_wconf 73' lang='lat' dir='ltr'><strong>L—Menander</strong></span> <span class='ocrx_word' id='word_1_201' title='bbox 500 1920 586 1962; x_wconf 86' lang='lat' dir='ltr'><strong>apud</strong></span> <span class='ocrx_word' id='word_1_202' title='bbox 618 1919 767 1950; x_wconf 87' lang='lat' dir='ltr'><strong>Suidam:</strong></span> <span class='ocrx_word' id='word_1_203' title='bbox 803 1918 850 1949; x_wconf 80' lang='grc' dir='ltr'><strong>Τὰ</strong></span> 
     </span>
     <span class='ocr_line' id='line_1_34' title="bbox 106 1961 850 2005; baseline -0.007 -8"><span class='ocrx_word' id='word_1_204' title='bbox 106 1967 172 1997; x_wconf 67' lang='grc' dir='ltr'><strong>τῶν</strong></span> <span class='ocrx_word' id='word_1_205' title='bbox 185 1964 289 2005; x_wconf 74' lang='grc' dir='ltr'><strong><em>φίλων</em></strong></span> <span class='ocrx_word' id='word_1_206' title='bbox 303 1965 392 2000; x_wconf 56' lang='grc' dir='ltr'><strong><em>κου),</em></strong></span> <span class='ocrx_word' id='word_1_207' title='bbox 410 1964 446 1995; x_wconf 76' lang='grc' dir='ltr'><strong>οὔ</strong></span> <span class='ocrx_word' id='word_1_208' title='bbox 456 1962 553 2002; x_wconf 72' lang='grc' dir='ltr'><strong><em>μόνον</em></strong></span> <span class='ocrx_word' id='word_1_209' title='bbox 562 1962 604 1994; x_wconf 73' lang='grc' dir='ltr'><strong>τὰ</strong></span> <span class='ocrx_word' id='word_1_210' title='bbox 615 1961 771 2003; x_wconf 71' lang='grc' dir='ltr'><strong>χρήμσνα,</strong></span> <span class='ocrx_word' id='word_1_211' title='bbox 789 1961 850 1992; x_wconf 72' lang='lat' dir='ltr'><strong>Kal</strong></span> 
     </span>
     <span class='ocr_line' id='line_1_35' title="bbox 108 2005 725 2047; baseline -0.008 -7"><span class='ocrx_word' id='word_1_212' title='bbox 108 2009 164 2040; x_wconf 69' lang='lat' dir='ltr'><strong>rofi</strong></span> <span class='ocrx_word' id='word_1_213' title='bbox 176 2021 214 2039; x_wconf 84' lang='grc' dir='ltr'><strong>τε</strong></span> <span class='ocrx_word' id='word_1_214' title='bbox 230 2007 281 2039; x_wconf 77' lang='grc' dir='ltr'><strong>καὶ</strong></span> <span class='ocrx_word' id='word_1_215' title='bbox 297 2006 477 2047; x_wconf 74' lang='grc' dir='ltr'><strong><em>φρονήσεως</em></strong></span> <span class='ocrx_word' id='word_1_216' title='bbox 492 2006 642 2037; x_wconf 74' lang='grc' dir='ltr'><strong><em>κοινωνία.</em></strong></span> <span class='ocrx_word' id='word_1_217' title='bbox 676 2005 725 2036; x_wconf 85' lang='lat' dir='ltr'><strong>W.</strong></span> 
     </span>
    </p>

    <p class='ocr_par' dir='ltr' id='par_1_6' title="bbox 106 2050 850 2300">
     <span class='ocr_line' id='line_1_36' title="bbox 153 2050 850 2083; baseline -0.007 0"><span class='ocrx_word' id='word_1_218' title='bbox 153 2053 203 2083; x_wconf 83' lang='lat'><strong>19.</strong></span> <span class='ocrx_word' id='word_1_219' title='bbox 219 2053 330 2082; x_wconf 81' lang='lat' dir='ltr'><strong>Facete</strong></span> <span class='ocrx_word' id='word_1_220' title='bbox 344 2062 423 2081; x_wconf 82' lang='lat' dir='ltr'><strong>nunc</strong></span> <span class='ocrx_word' id='word_1_221' title='bbox 437 2052 552 2081; x_wconf 70' lang='lat' dir='ltr'><strong>demam</strong></span> <span class='ocrx_word' id='word_1_222' title='bbox 564 2051 650 2080; x_wconf 74' lang='lat' dir='ltr'><strong>istaee</strong></span> <span class='ocrx_word' id='word_1_223' title='bbox 664 2053 738 2079; x_wconf 80' lang='lat' dir='ltr'><strong>nala</strong></span> <span class='ocrx_word' id='word_1_224' title='bbox 753 2050 850 2079; x_wconf 74' lang='lat' dir='ltr'><strong>oratio</strong></span> 
     </span>
     <span class='ocr_line' id='line_1_37' title="bbox 106 2091 848 2137; baseline -0.007 -11"><span class='ocrx_word' id='word_1_225' title='bbox 106 2095 168 2137; x_wconf 73' lang='lat' dir='ltr'><strong>est]</strong></span> <span class='ocrx_word' id='word_1_226' title='bbox 195 2094 263 2126; x_wconf 84' lang='lat' dir='ltr'><strong>Alii</strong></span> <span class='ocrx_word' id='word_1_227' title='bbox 290 2101 393 2125; x_wconf 87' lang='lat' dir='ltr'><strong>totum</strong></span> <span class='ocrx_word' id='word_1_228' title='bbox 415 2095 575 2134; x_wconf 85' lang='lat' dir='ltr'><strong>jungunt:</strong></span> <span class='ocrx_word' id='word_1_229' title='bbox 607 2091 662 2123; x_wconf 84' lang='lat' dir='ltr'><strong>alii</strong></span> <span class='ocrx_word' id='word_1_230' title='bbox 688 2097 848 2133; x_wconf 84' lang='lat' dir='ltr'><strong>separant.</strong></span> 
     </span>
     <span class='ocr_line' id='line_1_38' title="bbox 108 2134 850 2170; baseline -0.009 1"><span class='ocrx_word' id='word_1_231' title='bbox 108 2138 154 2170; x_wconf 85' lang='lat' dir='ltr'><strong>Et</strong></span> <span class='ocrx_word' id='word_1_232' title='bbox 174 2139 257 2170; x_wconf 85' lang='lat' dir='ltr'><strong>bene</strong></span> <span class='ocrx_word' id='word_1_233' title='bbox 279 2143 353 2168; x_wconf 79' lang='lat' dir='ltr'><strong>nala</strong></span> <span class='ocrx_word' id='word_1_234' title='bbox 375 2142 440 2168; x_wconf 75' lang='lat' dir='ltr'><strong>est:</strong></span> <span class='ocrx_word' id='word_1_235' title='bbox 473 2146 548 2167; x_wconf 86' lang='lat' dir='ltr'><strong>nam</strong></span> <span class='ocrx_word' id='word_1_236' title='bbox 572 2134 619 2166; x_wconf 84' lang='lat' dir='ltr'><strong>sie</strong></span> <span class='ocrx_word' id='word_1_237' title='bbox 646 2135 782 2166; x_wconf 87' lang='lat' dir='ltr'><strong>dicimus</strong></span> <span class='ocrx_word' id='word_1_238' title='bbox 809 2134 850 2165; x_wconf 88' lang='lat' dir='ltr'><strong>de</strong></span> 
     </span>
     <span class='ocr_line' id='line_1_39' title="bbox 106 2180 850 2223; baseline -0.007 -10"><span class='ocrx_word' id='word_1_239' title='bbox 106 2183 204 2213; x_wconf 85' lang='lat' dir='ltr'><strong>rebus</strong></span> <span class='ocrx_word' id='word_1_240' title='bbox 232 2180 429 2223; x_wconf 83' lang='lat' dir='ltr'><strong>repentinis:</strong></span> <span class='ocrx_word' id='word_1_241' title='bbox 458 2186 494 2210; x_wconf 89' lang='lat' dir='ltr'><strong>ut</strong></span> <span class='ocrx_word' id='word_1_242' title='bbox 519 2188 627 2220; x_wconf 87' lang='lat' dir='ltr'><strong>supra,</strong></span> <span class='ocrx_word' id='word_1_243' title='bbox 654 2180 684 2209; x_wconf 84' lang='lat' dir='ltr'><em>E</em></span> <span class='ocrx_word' id='word_1_244' title='bbox 713 2189 745 2209; x_wconf 87' lang='lat' dir='ltr'><strong>re</strong></span> <span class='ocrx_word' id='word_1_245' title='bbox 775 2183 850 2208; x_wconf 84' lang='lat' dir='ltr'><strong>nata</strong></span> 
     </span>
     <span class='ocr_line' id='line_1_40' title="bbox 107 2221 848 2263; baseline -0.008 -6"><span class='ocrx_word' id='word_1_246' title='bbox 107 2227 213 2257; x_wconf 69' lang='lat' dir='ltr'><strong>nelias</strong></span> <span class='ocrx_word' id='word_1_247' title='bbox 227 2227 299 2263; x_wconf 75' lang='lat' dir='ltr'><strong>fieri</strong></span> <span class='ocrx_word' id='word_1_248' title='bbox 319 2225 403 2255; x_wconf 77' lang='lat' dir='ltr'><strong>haud</strong></span> <span class='ocrx_word' id='word_1_249' title='bbox 419 2225 531 2263; x_wconf 80' lang='lat' dir='ltr'><strong>potuit,</strong></span> <span class='ocrx_word' id='word_1_250' title='bbox 548 2233 637 2263; x_wconf 75' lang='lat' dir='ltr'><strong>quarn</strong></span> <span class='ocrx_word' id='word_1_251' title='bbox 650 2221 771 2262; x_wconf 81' lang='lat' dir='ltr'><strong>sactum</strong></span> <span class='ocrx_word' id='word_1_252' title='bbox 792 2226 848 2258; x_wconf 76' lang='lat' dir='ltr'><strong>est,</strong></span> 
     </span>
     <span class='ocr_line' id='line_1_41' title="bbox 106 2268 264 2300; baseline -0.006 0"><span class='ocrx_word' id='word_1_253' title='bbox 106 2270 191 2300; x_wconf 70' lang='lat' dir='ltr'><strong>hera.</strong></span> <span class='ocrx_word' id='word_1_254' title='bbox 222 2268 264 2299; x_wconf 91' lang='lat' dir='ltr'><strong>D.</strong></span> 
     </span>
    </p>

    <p class='ocr_par' dir='ltr' id='par_1_7' title="bbox 108 2309 848 2481">
     <span class='ocr_line' id='line_1_42' title="bbox 152 2309 848 2345; baseline -0.009 -2"><span class='ocrx_word' id='word_1_255' title='bbox 152 2313 203 2343; x_wconf 85' lang='lat'><strong>20.</strong></span> <span class='ocrx_word' id='word_1_256' title='bbox 232 2312 379 2342; x_wconf 72' lang='lat' dir='ltr'><strong>Ausculta</strong></span> <span class='ocrx_word' id='word_1_257' title='bbox 484 2312 491 2318; x_wconf 88' lang='lat'>&#39;</span> <span class='ocrx_word' id='word_1_258' title='bbox 507 2331 516 2345; x_wconf 93' lang='lat'>,</span> <span class='ocrx_word' id='word_1_259' title='bbox 538 2310 599 2339; x_wconf 75' lang='lat' dir='ltr'><strong>nisi</strong></span> <span class='ocrx_word' id='word_1_260' title='bbox 619 2309 772 2339; x_wconf 72' lang='lat' dir='ltr'><strong>molestam</strong></span> <span class='ocrx_word' id='word_1_261' title='bbox 793 2312 848 2344; x_wconf 76' lang='lat' dir='ltr'><strong>est,</strong></span> 
     </span>
     <span class='ocr_line' id='line_1_43' title="bbox 108 2351 847 2395; baseline -0.008 -9"><span class='ocrx_word' id='word_1_262' title='bbox 108 2353 239 2395; x_wconf 78' lang='lat' dir='ltr'><strong>De-ea]</strong></span> <span class='ocrx_word' id='word_1_263' title='bbox 258 2354 298 2385; x_wconf 87' lang='lat' dir='ltr'><strong>In</strong></span> <span class='ocrx_word' id='word_1_264' title='bbox 309 2353 389 2384; x_wconf 84' lang='lat' dir='ltr'><strong>duas</strong></span> <span class='ocrx_word' id='word_1_265' title='bbox 404 2360 513 2394; x_wconf 84' lang='lat' dir='ltr'><strong>partes</strong></span> <span class='ocrx_word' id='word_1_266' title='bbox 525 2351 681 2383; x_wconf 86' lang='lat' dir='ltr'><strong>dividitur</strong></span> <span class='ocrx_word' id='word_1_267' title='bbox 693 2357 760 2381; x_wconf 87' lang='lat' dir='ltr'><strong>tota</strong></span> <span class='ocrx_word' id='word_1_268' title='bbox 773 2360 847 2391; x_wconf 88' lang='lat' dir='ltr'><strong>per-</strong></span> 
     </span>
     <span class='ocr_line' id='line_1_44' title="bbox 108 2393 847 2438; baseline -0.008 -9"><span class='ocrx_word' id='word_1_269' title='bbox 108 2397 232 2432; x_wconf 76' lang='lat' dir='ltr'><strong>suasio:</strong></span> <span class='ocrx_word' id='word_1_270' title='bbox 255 2396 335 2428; x_wconf 90' lang='lat' dir='ltr'><strong>nihil</strong></span> <span class='ocrx_word' id='word_1_271' title='bbox 357 2405 525 2438; x_wconf 85' lang='lat' dir='ltr'><strong>passurum</strong></span> <span class='ocrx_word' id='word_1_272' title='bbox 552 2395 708 2426; x_wconf 86' lang='lat' dir='ltr'><strong>Demeam</strong></span> <span class='ocrx_word' id='word_1_273' title='bbox 728 2393 847 2431; x_wconf 87' lang='lat' dir='ltr'><strong>damni,</strong></span> 
     </span>
     <span class='ocr_line' id='line_1_45' title="bbox 108 2438 687 2481; baseline -0.005 -10"><span class='ocrx_word' id='word_1_274' title='bbox 108 2440 191 2471; x_wconf 80' lang='lat' dir='ltr'><strong>nihil</strong></span> <span class='ocrx_word' id='word_1_275' title='bbox 206 2439 300 2481; x_wconf 66' lang='lat' dir='ltr'><strong>(nihil</strong></span> <span class='ocrx_word' id='word_1_276' title='bbox 306 2439 405 2480; x_wconf 68' lang='lat' dir='ltr'><strong>filios)</strong></span> <span class='ocrx_word' id='word_1_277' title='bbox 416 2438 615 2480; x_wconf 76' lang='lat' dir='ltr'><strong>corruptelae.</strong></span> <span class='ocrx_word' id='word_1_278' title='bbox 646 2438 687 2468; x_wconf 91' lang='lat' dir='ltr'><strong>D.</strong></span> 
     </span>
    </p>

    <p class='ocr_par' dir='ltr' id='par_1_8' title="bbox 102 2482 851 2997">
     <span class='ocr_line' id='line_1_46' title="bbox 153 2482 850 2519; baseline -0.006 -5"><span class='ocrx_word' id='word_1_279' title='bbox 153 2484 205 2514; x_wconf 84' lang='lat'><strong>21.</strong></span> <span class='ocrx_word' id='word_1_280' title='bbox 277 2485 285 2491; x_wconf 86' lang='grc'><em>“</em></span> <span class='ocrx_word' id='word_1_281' title='bbox 327 2485 335 2491; x_wconf 84' lang='grc'><em>“</em></span> <span class='ocrx_word' id='word_1_282' title='bbox 360 2484 367 2491; x_wconf 85' lang='grc'><strong>”</strong></span> <span class='ocrx_word' id='word_1_283' title='bbox 385 2505 394 2519; x_wconf 84' lang='grc'><strong>,</strong></span> <span class='ocrx_word' id='word_1_284' title='bbox 415 2484 443 2513; x_wconf 74' lang='grc' dir='ltr'><strong>εἰ</strong></span> <span class='ocrx_word' id='word_1_285' title='bbox 465 2483 499 2512; x_wconf 76' lang='lat' dir='ltr'><strong>id</strong></span> <span class='ocrx_word' id='word_1_286' title='bbox 520 2487 549 2512; x_wconf 78' lang='lat' dir='ltr'><strong>te</strong></span> <span class='ocrx_word' id='word_1_287' title='bbox 571 2482 694 2518; x_wconf 70' lang='lat' dir='ltr'><strong>mordet,</strong></span> <span class='ocrx_word' id='word_1_288' title='bbox 720 2485 850 2511; x_wconf 64' lang='lat' dir='ltr'><strong>numm</strong></span> 
     </span>
     <span class='ocr_line' id='line_1_47' title="bbox 102 2522 847 2567; baseline -0.005 -10"><span class='ocrx_word' id='word_1_289' title='bbox 102 2527 168 2566; x_wconf 65' lang='lat' dir='ltr'><strong>filii</strong></span> <span class='ocrx_word' id='word_1_290' title='bbox 182 2537 267 2567; x_wconf 67' lang='lat' dir='ltr'><strong>qam</strong></span> <span class='ocrx_word' id='word_1_291' title='bbox 278 2523 420 2566; x_wconf 64' lang='lat' dir='ltr'><strong>sacient]</strong></span> <span class='ocrx_word' id='word_1_292' title='bbox 443 2524 630 2566; x_wconf 78' lang='lat' dir='ltr'><strong>Figurativa</strong></span> <span class='ocrx_word' id='word_1_293' title='bbox 644 2522 764 2555; x_wconf 88' lang='lat' dir='ltr'><strong>locutio</strong></span> <span class='ocrx_word' id='word_1_294' title='bbox 778 2530 847 2554; x_wconf 85' lang='lat' dir='ltr'><strong>est:</strong></span> 
     </span>
     <span class='ocr_line' id='line_1_48' title="bbox 109 2569 845 2608; baseline -0.005 -8"><span class='ocrx_word' id='word_1_295' title='bbox 109 2576 155 2605; x_wconf 85' lang='lat' dir='ltr'><strong>ut,</strong></span> <span class='ocrx_word' id='word_1_296' title='bbox 170 2570 335 2600; x_wconf 64' lang='lat' dir='ltr'><strong>ennuchum</strong></span> <span class='ocrx_word' id='word_1_297' title='bbox 349 2578 433 2608; x_wconf 71' lang='lat' dir='ltr'><strong>quem</strong></span> <span class='ocrx_word' id='word_1_298' title='bbox 449 2569 563 2599; x_wconf 73' lang='lat' dir='ltr'><strong>dedisti</strong></span> <span class='ocrx_word' id='word_1_299' title='bbox 576 2569 670 2603; x_wconf 77' lang='lat' dir='ltr'><strong>nobis,</strong></span> <span class='ocrx_word' id='word_1_300' title='bbox 688 2578 763 2607; x_wconf 74' lang='lat' dir='ltr'><strong>quas</strong></span> <span class='ocrx_word' id='word_1_301' title='bbox 779 2571 845 2596; x_wconf 73' lang='lat' dir='ltr'><strong>tur-</strong></span> 
     </span>
     <span class='ocr_line' id='line_1_49' title="bbox 111 2610 847 2651; baseline -0.004 -9"><span class='ocrx_word' id='word_1_302' title='bbox 111 2615 166 2643; x_wconf 69' lang='grc' dir='ltr'><strong>ιιω</strong></span> <span class='ocrx_word' id='word_1_303' title='bbox 179 2613 265 2642; x_wconf 74' lang='lat' dir='ltr'><strong>dedit</strong></span> <span class='ocrx_word' id='word_1_304' title='bbox 277 2615 290 2642; x_wconf 88' lang='lat'><em>!</em></span> <span class='ocrx_word' id='word_1_305' title='bbox 325 2610 577 2651; x_wconf 67' lang='lat' dir='ltr'><strong>D.——Prineip2·0‚</strong></span> <span class='ocrx_word' id='word_1_306' title='bbox 591 2613 620 2641; x_wconf 71' lang='lat' dir='ltr'><strong>en·</strong></span> <span class='ocrx_word' id='word_1_307' title='bbox 634 2612 669 2641; x_wconf 75' lang='lat' dir='ltr'><strong>id</strong></span> <span class='ocrx_word' id='word_1_308' title='bbox 682 2615 711 2640; x_wconf 77' lang='lat' dir='ltr'><strong>te</strong></span> <span class='ocrx_word' id='word_1_309' title='bbox 724 2611 847 2646; x_wconf 80' lang='lat' dir='ltr'><strong>mordet,</strong></span> 
     </span>
     <span class='ocr_line' id='line_1_50' title="bbox 109 2652 849 2694; baseline -0.007 -7"><span class='ocrx_word' id='word_1_310' title='bbox 109 2659 238 2687; x_wconf 61' lang='lat' dir='ltr'><strong>unitum</strong></span> <span class='ocrx_word' id='word_1_311' title='bbox 252 2655 316 2693; x_wconf 72' lang='lat' dir='ltr'><strong>filii</strong></span> <span class='ocrx_word' id='word_1_312' title='bbox 335 2664 421 2694; x_wconf 70' lang='lat' dir='ltr'><strong>qaeu</strong></span> <span class='ocrx_word' id='word_1_313' title='bbox 439 2652 582 2694; x_wconf 73' lang='lat' dir='ltr'><strong>faciant]</strong></span> <span class='ocrx_word' id='word_1_314' title='bbox 613 2653 687 2684; x_wconf 83' lang='lat' dir='ltr'><strong>Jam</strong></span> <span class='ocrx_word' id='word_1_315' title='bbox 708 2652 761 2683; x_wconf 89' lang='lat' dir='ltr'><strong>hic</strong></span> <span class='ocrx_word' id='word_1_316' title='bbox 783 2662 849 2682; x_wconf 87' lang='lat' dir='ltr'><strong>non</strong></span> 
     </span>
     <span class='ocr_line' id='line_1_51' title="bbox 110 2694 851 2739; baseline -0.005 -9"><span class='ocrx_word' id='word_1_317' title='bbox 110 2708 153 2730; x_wconf 87' lang='lat' dir='ltr'><strong>ex</strong></span> <span class='ocrx_word' id='word_1_318' title='bbox 175 2696 324 2739; x_wconf 76' lang='lat' dir='ltr'><strong>pactione</strong></span> <span class='ocrx_word' id='word_1_319' title='bbox 344 2696 478 2736; x_wconf 68' lang='lat' dir='ltr'><strong>questio</strong></span> <span class='ocrx_word' id='word_1_320' title='bbox 492 2702 550 2733; x_wconf 82' lang='lat' dir='ltr'><strong>est,</strong></span> <span class='ocrx_word' id='word_1_321' title='bbox 565 2695 623 2727; x_wconf 79' lang='lat' dir='ltr'><strong>sed</strong></span> <span class='ocrx_word' id='word_1_322' title='bbox 644 2705 686 2726; x_wconf 86' lang='lat' dir='ltr'><strong>ex</strong></span> <span class='ocrx_word' id='word_1_323' title='bbox 700 2705 748 2730; x_wconf 88' lang='lat' dir='ltr'><strong>eo,</strong></span> <span class='ocrx_word' id='word_1_324' title='bbox 765 2694 851 2735; x_wconf 87' lang='lat' dir='ltr'><strong>quod</strong></span> 
     </span>
     <span class='ocr_line' id='line_1_52' title="bbox 110 2737 849 2782; baseline -0.007 -9"><span class='ocrx_word' id='word_1_325' title='bbox 110 2740 271 2782; x_wconf 85' lang='lat' dir='ltr'><strong>corruptis</strong></span> <span class='ocrx_word' id='word_1_326' title='bbox 292 2749 379 2770; x_wconf 87' lang='lat' dir='ltr'><strong>nunc</strong></span> <span class='ocrx_word' id='word_1_327' title='bbox 400 2738 543 2770; x_wconf 87' lang='lat' dir='ltr'><strong>moribus</strong></span> <span class='ocrx_word' id='word_1_328' title='bbox 561 2738 650 2774; x_wconf 81' lang='lat' dir='ltr'><strong>vivit,</strong></span> <span class='ocrx_word' id='word_1_329' title='bbox 665 2737 750 2778; x_wconf 88' lang='lat' dir='ltr'><strong>quod</strong></span> <span class='ocrx_word' id='word_1_330' title='bbox 765 2738 849 2768; x_wconf 85' lang='lat' dir='ltr'><strong>bona</strong></span> 
     </span>
     <span class='ocr_line' id='line_1_53' title="bbox 110 2780 850 2821; baseline -0.007 -5"><span class='ocrx_word' id='word_1_331' title='bbox 110 2783 280 2816; x_wconf 78' lang='lat' dir='ltr'><strong>consumit.</strong></span> <span class='ocrx_word' id='word_1_332' title='bbox 312 2781 375 2813; x_wconf 90' lang='lat' dir='ltr'><strong>Cui</strong></span> <span class='ocrx_word' id='word_1_333' title='bbox 389 2781 436 2812; x_wconf 88' lang='lat' dir='ltr'><strong>rei</strong></span> <span class='ocrx_word' id='word_1_334' title='bbox 451 2780 583 2812; x_wconf 82' lang='lat' dir='ltr'><strong>affertur</strong></span> <span class='ocrx_word' id='word_1_335' title='bbox 596 2780 751 2817; x_wconf 79' lang='lat' dir='ltr'><strong>defensio,</strong></span> <span class='ocrx_word' id='word_1_336' title='bbox 764 2780 850 2821; x_wconf 86' lang='lat' dir='ltr'><strong>quod</strong></span> 
     </span>
     <span class='ocr_line' id='line_1_54' title="bbox 110 2822 847 2864; baseline -0.008 -5"><span class='ocrx_word' id='word_1_337' title='bbox 110 2828 152 2859; x_wconf 92' lang='lat' dir='ltr'><strong>de</strong></span> <span class='ocrx_word' id='word_1_338' title='bbox 166 2837 225 2859; x_wconf 77' lang='lat' dir='ltr'><strong>suo</strong></span> <span class='ocrx_word' id='word_1_339' title='bbox 239 2832 364 2858; x_wconf 82' lang='lat' dir='ltr'><strong>sumtus</strong></span> <span class='ocrx_word' id='word_1_340' title='bbox 375 2824 479 2855; x_wconf 79' lang='lat' dir='ltr'><strong>faciat.</strong></span> <span class='ocrx_word' id='word_1_341' title='bbox 514 2824 715 2864; x_wconf 74' lang='lat' dir='ltr'><strong>Quamquam</strong></span> <span class='ocrx_word' id='word_1_342' title='bbox 730 2822 782 2854; x_wconf 81' lang='lat' dir='ltr'><strong>hic</strong></span> <span class='ocrx_word' id='word_1_343' title='bbox 797 2823 847 2854; x_wconf 84' lang='lat' dir='ltr'><strong>iu-</strong></span> 
     </span>
     <span class='ocr_line' id='line_1_55' title="bbox 110 2866 850 2909; baseline -0.008 -7"><span class='ocrx_word' id='word_1_344' title='bbox 110 2870 255 2902; x_wconf 87' lang='lat' dir='ltr'><strong>tenditur</strong></span> <span class='ocrx_word' id='word_1_345' title='bbox 267 2868 323 2900; x_wconf 76' lang='lat' dir='ltr'><strong>illa</strong></span> <span class='ocrx_word' id='word_1_346' title='bbox 338 2867 482 2909; x_wconf 74' lang='lat' dir='ltr'><strong>quaestio.</strong></span> <span class='ocrx_word' id='word_1_347' title='bbox 500 2876 628 2908; x_wconf 83' lang='lat' dir='ltr'><strong>semper</strong></span> <span class='ocrx_word' id='word_1_348' title='bbox 641 2866 676 2897; x_wconf 91' lang='lat' dir='ltr'><strong>in</strong></span> <span class='ocrx_word' id='word_1_349' title='bbox 690 2866 850 2907; x_wconf 83' lang='lat' dir='ltr'><strong>corruptis</strong></span> 
     </span>
     <span class='ocr_line' id='line_1_56' title="bbox 111 2910 849 2950; baseline -0.008 -5"><span class='ocrx_word' id='word_1_350' title='bbox 111 2914 188 2945; x_wconf 75' lang='lat' dir='ltr'><strong>filiis</strong></span> <span class='ocrx_word' id='word_1_351' title='bbox 216 2911 414 2945; x_wconf 86' lang='lat' dir='ltr'><strong>consuetudo</strong></span> <span class='ocrx_word' id='word_1_352' title='bbox 443 2910 499 2942; x_wconf 87' lang='lat' dir='ltr'><strong>illa</strong></span> <span class='ocrx_word' id='word_1_353' title='bbox 527 2917 586 2947; x_wconf 81' lang='lat' dir='ltr'><strong>est,</strong></span> <span class='ocrx_word' id='word_1_354' title='bbox 617 2919 689 2950; x_wconf 82' lang='lat' dir='ltr'><strong>quae</strong></span> <span class='ocrx_word' id='word_1_355' title='bbox 724 2915 849 2940; x_wconf 83' lang='lat' dir='ltr'><strong>ametur</strong></span> 
     </span>
     <span class='ocr_line' id='line_1_57' title="bbox 110 2951 848 2997; baseline -0.009 -8"><span class='ocrx_word' id='word_1_356' title='bbox 110 2957 210 2997; x_wconf 83' lang='lat' dir='ltr'><strong>(forte</strong></span> <span class='ocrx_word' id='word_1_357' title='bbox 218 2958 378 2992; x_wconf 62' lang='lat' dir='ltr'><strong>animetur,</strong></span> <span class='ocrx_word' id='word_1_358' title='bbox 394 2961 460 2992; x_wconf 84' lang='lat' dir='ltr'><strong>aut,</strong></span> <span class='ocrx_word' id='word_1_359' title='bbox 471 2958 603 2986; x_wconf 68' lang='lat' dir='ltr'><strong>cavelar.</strong></span> <span class='ocrx_word' id='word_1_360' title='bbox 628 2952 692 2993; x_wconf 90' lang='lat' dir='ltr'><strong>Z.).</strong></span> <span class='ocrx_word' id='word_1_361' title='bbox 716 2951 848 2983; x_wconf 82' lang='lat' dir='ltr'><strong>Etenim</strong></span> 
     </span>
    </p>
   </div>
   <div class='ocr_carea' id='block_1_5' title="bbox 887 1355 1636 2990">
    <p class='ocr_par' dir='ltr' id='par_1_9' title="bbox 891 1355 1636 1786">
     <span class='ocr_line' id='line_1_58' title="bbox 893 1355 1635 1430; baseline -0.003 -42"><span class='ocrx_word' id='word_1_362' title='bbox 893 1355 1281 1430; x_wconf 58' lang='lat' dir='ltr'><strong>proposuitHnutritorunti</strong></span> <span class='ocrx_word' id='word_1_363' title='bbox 1297 1355 1562 1430; x_wconf 52' lang='lat' dir='ltr'><strong>consuemdffiem</strong></span> <span class='ocrx_word' id='word_1_364' title='bbox 1585 1356 1635 1398; x_wconf 87' lang='lat' dir='ltr'><strong>ip-</strong></span> 
     </span>
     <span class='ocr_line' id='line_1_59' title="bbox 894 1405 1635 1431; baseline 0 0"><span class='ocrx_word' id='word_1_365' title='bbox 894 1410 1013 1431; x_wconf 87' lang='lat' dir='ltr'><strong>sorum.</strong></span> <span class='ocrx_word' id='word_1_366' title='bbox 1096 1410 1134 1430; x_wconf 89' lang='lat' dir='ltr'><strong>oc</strong></span> <span class='ocrx_word' id='word_1_367' title='bbox 1184 1409 1204 1430; x_wconf 90' lang='lat' dir='ltr'><strong>u</strong></span> <span class='ocrx_word' id='word_1_368' title='bbox 1277 1409 1317 1430; x_wconf 90' lang='lat' dir='ltr'><strong>ur</strong></span> <span class='ocrx_word' id='word_1_369' title='bbox 1343 1409 1355 1429; x_wconf 82' lang='lat'>1</span> <span class='ocrx_word' id='word_1_370' title='bbox 1448 1409 1470 1429; x_wconf 92' lang='lat' dir='ltr'><strong>u</strong></span> <span class='ocrx_word' id='word_1_371' title='bbox 1540 1405 1635 1431; x_wconf 71' lang='lat' dir='ltr'><strong>aetate</strong></span> 
     </span>
     <span class='ocr_line' id='line_1_60' title="bbox 894 1405 1636 1482; baseline -0.001 -7"><span class='ocrx_word' id='word_1_372' title='bbox 894 1443 958 1475; x_wconf 86' lang='lat' dir='ltr'><strong>ista</strong></span> <span class='ocrx_word' id='word_1_373' title='bbox 972 1442 1101 1479; x_wconf 81' lang='lat' dir='ltr'><strong>faciant,</strong></span> <span class='ocrx_word' id='word_1_374' title='bbox 1112 1448 1145 1473; x_wconf 86' lang='lat' dir='ltr'><strong>et</strong></span> <span class='ocrx_word' id='word_1_375' title='bbox 1160 1405 1552 1482; x_wconf 51' lang='grc' dir='ltr'><strong>ξεῖὶεέροεείἒδέοὲτίςεη,</strong></span> <span class='ocrx_word' id='word_1_376' title='bbox 1561 1452 1636 1474; x_wconf 84' lang='lat' dir='ltr'><strong>cum</strong></span> 
     </span>
     <span class='ocr_line' id='line_1_61' title="bbox 894 1484 1634 1526; baseline -0.001 -9"><span class='ocrx_word' id='word_1_377' title='bbox 894 1487 935 1517; x_wconf 89' lang='lat' dir='ltr'><strong>ad</strong></span> <span class='ocrx_word' id='word_1_378' title='bbox 959 1486 1179 1517; x_wconf 77' lang='lat' dir='ltr'><strong>maturitatem</strong></span> <span class='ocrx_word' id='word_1_379' title='bbox 1200 1484 1305 1516; x_wconf 82' lang='lat' dir='ltr'><strong>aetatis</strong></span> <span class='ocrx_word' id='word_1_380' title='bbox 1326 1485 1497 1516; x_wconf 74' lang='lat' dir='ltr'><strong>accesserit</strong></span> <span class='ocrx_word' id='word_1_381' title='bbox 1518 1485 1634 1526; x_wconf 74' lang='lat' dir='ltr'><strong>(acees-</strong></span> 
     </span>
     <span class='ocr_line' id='line_1_62' title="bbox 892 1526 1635 1568; baseline -0.001 -8"><span class='ocrx_word' id='word_1_382' title='bbox 892 1541 958 1560; x_wconf 74' lang='lat' dir='ltr'><strong>sum</strong></span> <span class='ocrx_word' id='word_1_383' title='bbox 978 1531 1021 1560; x_wconf 76' lang='lat' dir='ltr'><strong>sit</strong></span> <span class='ocrx_word' id='word_1_384' title='bbox 1033 1541 1044 1559; x_wconf 92' lang='lat'><strong>.·</strong></span> <span class='ocrx_word' id='word_1_385' title='bbox 1074 1535 1131 1560; x_wconf 90' lang='lat' dir='ltr'><strong>aut</strong></span> <span class='ocrx_word' id='word_1_386' title='bbox 1151 1530 1333 1559; x_wconf 74' lang='lat' dir='ltr'><strong>accesserint</strong></span> <span class='ocrx_word' id='word_1_387' title='bbox 1357 1526 1421 1568; x_wconf 87' lang='lat' dir='ltr'><strong>Z.).</strong></span> <span class='ocrx_word' id='word_1_388' title='bbox 1458 1528 1586 1559; x_wconf 78' lang='lat' dir='ltr'><strong>E.-Id</strong></span> <span class='ocrx_word' id='word_1_389' title='bbox 1605 1533 1635 1563; x_wconf 65' lang='lat' dir='ltr'><strong>te</strong></span> 
     </span>
     <span class='ocr_line' id='line_1_63' title="bbox 892 1569 1635 1613; baseline -0.003 -9"><span class='ocrx_word' id='word_1_390' title='bbox 892 1571 1024 1613; x_wconf 74' lang='lat' dir='ltr'><strong>mordet]</strong></span> <span class='ocrx_word' id='word_1_391' title='bbox 1034 1572 1087 1603; x_wconf 87' lang='lat' dir='ltr'><strong>Sic</strong></span> <span class='ocrx_word' id='word_1_392' title='bbox 1097 1571 1203 1603; x_wconf 80' lang='lat' dir='ltr'><strong>Graeci</strong></span> <span class='ocrx_word' id='word_1_393' title='bbox 1213 1581 1349 1612; x_wconf 82' lang='lat' dir='ltr'><strong>quoque,</strong></span> <span class='ocrx_word' id='word_1_394' title='bbox 1358 1572 1445 1602; x_wconf 74' lang='grc' dir='ltr'>τοῦτ’</span> <span class='ocrx_word' id='word_1_395' title='bbox 1455 1571 1510 1610; x_wconf 79' lang='grc' dir='ltr'><strong>ἐμὲ</strong></span> <span class='ocrx_word' id='word_1_396' title='bbox 1519 1569 1635 1602; x_wconf 75' lang='grc' dir='ltr'><strong><em>δάκνει.</em></strong></span> 
     </span>
     <span class='ocr_line' id='line_1_64' title="bbox 936 1657 1636 1699; baseline -0.003 -9"><span class='ocrx_word' id='word_1_397' title='bbox 936 1660 988 1690; x_wconf 77' lang='lat'><strong>22</strong></span> <span class='ocrx_word' id='word_1_398' title='bbox 1018 1657 1141 1699; x_wconf 71' lang='lat' dir='ltr'><strong>Qaaeso]</strong></span> <span class='ocrx_word' id='word_1_399' title='bbox 1174 1657 1275 1689; x_wconf 82' lang='lat' dir='ltr'><strong>Modo</strong></span> <span class='ocrx_word' id='word_1_400' title='bbox 1303 1657 1555 1698; x_wconf 82' lang='lat' dir='ltr'><strong>objurgatorium</strong></span> <span class='ocrx_word' id='word_1_401' title='bbox 1585 1663 1636 1689; x_wconf 83' lang='lat' dir='ltr'><strong>est</strong></span> 
     </span>
     <span class='ocr_line' id='line_1_65' title="bbox 891 1699 1634 1743; baseline -0.003 -9"><span class='ocrx_word' id='word_1_402' title='bbox 891 1713 999 1743; x_wconf 72' lang='lat' dir='ltr'><strong>quoeso.</strong></span> <span class='ocrx_word' id='word_1_403' title='bbox 1023 1701 1234 1737; x_wconf 82' lang='lat' dir='ltr'><strong>D.—Nostri.</strong></span> <span class='ocrx_word' id='word_1_404' title='bbox 1242 1699 1344 1741; x_wconf 76' lang='lat' dir='ltr'><strong>facito</strong></span> <span class='ocrx_word' id='word_1_405' title='bbox 1354 1702 1418 1732; x_wconf 78' lang='lat' dir='ltr'><strong>baec</strong></span> <span class='ocrx_word' id='word_1_406' title='bbox 1430 1714 1442 1736; x_wconf 82' lang='lat'><strong>,-</strong></span> <span class='ocrx_word' id='word_1_407' title='bbox 1465 1700 1522 1732; x_wconf 85' lang='lat' dir='ltr'><strong>sed</strong></span> <span class='ocrx_word' id='word_1_408' title='bbox 1535 1701 1634 1732; x_wconf 75' lang='lat' dir='ltr'><strong>Bem-</strong></span> 
     </span>
     <span class='ocr_line' id='line_1_66' title="bbox 891 1744 1239 1786; baseline -0.006 -10"><span class='ocrx_word' id='word_1_409' title='bbox 891 1746 988 1777; x_wconf 85' lang='lat' dir='ltr'><strong>binus</strong></span> <span class='ocrx_word' id='word_1_410' title='bbox 1002 1744 1172 1786; x_wconf 77' lang='lat' dir='ltr'><strong>hocsacilo.</strong></span> <span class='ocrx_word' id='word_1_411' title='bbox 1201 1744 1239 1775; x_wconf 91' lang='lat' dir='ltr'><strong>B.</strong></span> 
     </span>
    </p>

    <p class='ocr_par' dir='ltr' id='par_1_10' title="bbox 891 1785 1635 2173">
     <span class='ocr_line' id='line_1_67' title="bbox 936 1785 1634 1828; baseline -0.001 -9"><span class='ocrx_word' id='word_1_412' title='bbox 936 1790 987 1819; x_wconf 80' lang='lat'><strong>23.</strong></span> <span class='ocrx_word' id='word_1_413' title='bbox 1003 1790 1066 1820; x_wconf 81' lang='lat' dir='ltr'><strong>Pro</strong></span> <span class='ocrx_word' id='word_1_414' title='bbox 1080 1799 1113 1819; x_wconf 86' lang='lat' dir='ltr'><strong>re</strong></span> <span class='ocrx_word' id='word_1_415' title='bbox 1129 1789 1254 1819; x_wconf 76' lang='lat' dir='ltr'><strong>tollebas</strong></span> <span class='ocrx_word' id='word_1_416' title='bbox 1268 1785 1339 1827; x_wconf 75' lang='lat' dir='ltr'><strong>tua]</strong></span> <span class='ocrx_word' id='word_1_417' title='bbox 1362 1786 1427 1817; x_wconf 87' lang='lat' dir='ltr'><strong>Pro</strong></span> <span class='ocrx_word' id='word_1_418' title='bbox 1446 1786 1634 1828; x_wconf 79' lang='lat' dir='ltr'><strong>patrimonii</strong></span> 
     </span>
     <span class='ocr_line' id='line_1_68' title="bbox 893 1828 1635 1872; baseline -0.001 -10"><span class='ocrx_word' id='word_1_419' title='bbox 893 1831 941 1862; x_wconf 87' lang='lat' dir='ltr'><strong>tui</strong></span> <span class='ocrx_word' id='word_1_420' title='bbox 966 1831 1130 1872; x_wconf 80' lang='lat' dir='ltr'><strong>qualitate.</strong></span> <span class='ocrx_word' id='word_1_421' title='bbox 1159 1828 1426 1861; x_wconf 83' lang='lat' dir='ltr'><strong>D.—Bembinus</strong></span> <span class='ocrx_word' id='word_1_422' title='bbox 1453 1829 1551 1860; x_wconf 85' lang='lat' dir='ltr'><strong>habet</strong></span> <span class='ocrx_word' id='word_1_423' title='bbox 1575 1832 1635 1861; x_wconf 77' lang='lat' dir='ltr'><strong>duo</strong></span> 
     </span>
     <span class='ocr_line' id='line_1_69' title="bbox 891 1871 1634 1911; baseline -0.003 -6"><span class='ocrx_word' id='word_1_424' title='bbox 891 1881 924 1905; x_wconf 89' lang='lat' dir='ltr'><strong>et</strong></span> <span class='ocrx_word' id='word_1_425' title='bbox 939 1876 1099 1911; x_wconf 79' lang='lat' dir='ltr'><strong>tolerabas,</strong></span> <span class='ocrx_word' id='word_1_426' title='bbox 1112 1874 1144 1904; x_wconf 88' lang='lat' dir='ltr'><strong>h.</strong></span> <span class='ocrx_word' id='word_1_427' title='bbox 1160 1883 1188 1904; x_wconf 89' lang='lat' dir='ltr'><strong>e.</strong></span> <span class='ocrx_word' id='word_1_428' title='bbox 1204 1873 1415 1909; x_wconf 87' lang='lat' dir='ltr'><strong>sustentabas,</strong></span> <span class='ocrx_word' id='word_1_429' title='bbox 1427 1871 1544 1903; x_wconf 84' lang='lat' dir='ltr'><strong>alebas.</strong></span> <span class='ocrx_word' id='word_1_430' title='bbox 1567 1872 1634 1903; x_wconf 88' lang='lat' dir='ltr'><strong>Sed</strong></span> 
     </span>
     <span class='ocr_line' id='line_1_70' title="bbox 891 1914 1634 1957; baseline -0.001 -9"><span class='ocrx_word' id='word_1_431' title='bbox 891 1917 994 1948; x_wconf 88' lang='lat' dir='ltr'><strong>nostri</strong></span> <span class='ocrx_word' id='word_1_432' title='bbox 1004 1916 1096 1948; x_wconf 86' lang='lat' dir='ltr'><strong>codd.</strong></span> <span class='ocrx_word' id='word_1_433' title='bbox 1117 1924 1151 1947; x_wconf 90' lang='lat' dir='ltr'><strong>et</strong></span> <span class='ocrx_word' id='word_1_434' title='bbox 1165 1923 1241 1947; x_wconf 83' lang='lat' dir='ltr'><strong>vett.</strong></span> <span class='ocrx_word' id='word_1_435' title='bbox 1262 1914 1462 1957; x_wconf 80' lang='lat' dir='ltr'><strong>grammatici</strong></span> <span class='ocrx_word' id='word_1_436' title='bbox 1478 1915 1634 1947; x_wconf 80' lang='lat' dir='ltr'><strong>exhibent</strong></span> 
     </span>
     <span class='ocr_line' id='line_1_71' title="bbox 891 1957 1630 1999; baseline -0.003 -8"><span class='ocrx_word' id='word_1_437' title='bbox 891 1970 1003 1991; x_wconf 86' lang='lat' dir='ltr'><strong>omnes</strong></span> <span class='ocrx_word' id='word_1_438' title='bbox 1019 1961 1152 1991; x_wconf 76' lang='lat' dir='ltr'><strong>tollebas.</strong></span> <span class='ocrx_word' id='word_1_439' title='bbox 1197 1959 1283 1990; x_wconf 89' lang='lat' dir='ltr'><strong>Nam</strong></span> <span class='ocrx_word' id='word_1_440' title='bbox 1305 1957 1390 1999; x_wconf 88' lang='lat' dir='ltr'><strong>quod</strong></span> <span class='ocrx_word' id='word_1_441' title='bbox 1412 1958 1557 1990; x_wconf 81' lang='lat' dir='ltr'><strong>Faernus</strong></span> <span class='ocrx_word' id='word_1_442' title='bbox 1578 1969 1630 1990; x_wconf 78' lang='lat' dir='ltr'><strong>ar·-</strong></span> 
     </span>
     <span class='ocr_line' id='line_1_72' title="bbox 891 2001 1632 2041; baseline -0.003 -7"><span class='ocrx_word' id='word_1_443' title='bbox 891 2003 1039 2040; x_wconf 87' lang='lat' dir='ltr'><strong>bitratur‚</strong></span> <span class='ocrx_word' id='word_1_444' title='bbox 1055 2004 1181 2034; x_wconf 78' lang='lat' dir='ltr'><strong>tollebas</strong></span> <span class='ocrx_word' id='word_1_445' title='bbox 1195 2002 1236 2033; x_wconf 87' lang='lat' dir='ltr'><strong>de</strong></span> <span class='ocrx_word' id='word_1_446' title='bbox 1251 2001 1370 2032; x_wconf 73' lang='lat' dir='ltr'><strong>adultis</strong></span> <span class='ocrx_word' id='word_1_447' title='bbox 1386 2001 1455 2041; x_wconf 85' lang='lat' dir='ltr'><strong>jam</strong></span> <span class='ocrx_word' id='word_1_448' title='bbox 1470 2001 1548 2032; x_wconf 82' lang='lat' dir='ltr'><strong>filiis</strong></span> <span class='ocrx_word' id='word_1_449' title='bbox 1565 2012 1632 2033; x_wconf 89' lang='lat' dir='ltr'><strong>non</strong></span> 
     </span>
     <span class='ocr_line' id='line_1_73' title="bbox 891 2044 1632 2088; baseline -0.003 -11"><span class='ocrx_word' id='word_1_450' title='bbox 891 2046 1022 2088; x_wconf 88' lang='lat' dir='ltr'><strong>proprie</strong></span> <span class='ocrx_word' id='word_1_451' title='bbox 1044 2045 1126 2077; x_wconf 89' lang='lat' dir='ltr'><strong>dici:</strong></span> <span class='ocrx_word' id='word_1_452' title='bbox 1150 2045 1184 2076; x_wconf 92' lang='lat' dir='ltr'><strong>id</strong></span> <span class='ocrx_word' id='word_1_453' title='bbox 1206 2044 1336 2086; x_wconf 85' lang='lat' dir='ltr'><strong>quidem</strong></span> <span class='ocrx_word' id='word_1_454' title='bbox 1358 2054 1470 2075; x_wconf 83' lang='lat' dir='ltr'><strong>verum</strong></span> <span class='ocrx_word' id='word_1_455' title='bbox 1492 2050 1552 2082; x_wconf 82' lang='lat' dir='ltr'><strong>est,</strong></span> <span class='ocrx_word' id='word_1_456' title='bbox 1573 2045 1632 2076; x_wconf 78' lang='lat' dir='ltr'><strong>sed</strong></span> 
     </span>
     <span class='ocr_line' id='line_1_74' title="bbox 892 2086 1631 2129; baseline -0.003 -9"><span class='ocrx_word' id='word_1_457' title='bbox 892 2089 974 2120; x_wconf 88' lang='lat' dir='ltr'><strong>nihil</strong></span> <span class='ocrx_word' id='word_1_458' title='bbox 989 2089 1029 2120; x_wconf 83' lang='lat' dir='ltr'><strong>ad</strong></span> <span class='ocrx_word' id='word_1_459' title='bbox 1044 2099 1122 2120; x_wconf 88' lang='lat' dir='ltr'><strong>rem.</strong></span> <span class='ocrx_word' id='word_1_460' title='bbox 1156 2090 1235 2120; x_wconf 69' lang='lat' dir='ltr'><strong>Olina</strong></span> <span class='ocrx_word' id='word_1_461' title='bbox 1250 2087 1338 2119; x_wconf 87' lang='lat' dir='ltr'><strong>enim</strong></span> <span class='ocrx_word' id='word_1_462' title='bbox 1352 2086 1407 2118; x_wconf 80' lang='lat' dir='ltr'><strong>ait.</strong></span> <span class='ocrx_word' id='word_1_463' title='bbox 1445 2087 1551 2129; x_wconf 77' lang='lat' dir='ltr'><strong>Igitur</strong></span> <span class='ocrx_word' id='word_1_464' title='bbox 1564 2098 1631 2119; x_wconf 86' lang='lat' dir='ltr'><strong>non</strong></span> 
     </span>
     <span class='ocr_line' id='line_1_75' title="bbox 892 2130 1538 2173; baseline -0.005 -9"><span class='ocrx_word' id='word_1_465' title='bbox 892 2133 932 2164; x_wconf 90' lang='lat' dir='ltr'><strong>de</strong></span> <span class='ocrx_word' id='word_1_466' title='bbox 947 2131 1067 2163; x_wconf 81' lang='lat' dir='ltr'><strong>adultis</strong></span> <span class='ocrx_word' id='word_1_467' title='bbox 1081 2131 1197 2173; x_wconf 81' lang='lat' dir='ltr'><strong>agitur,</strong></span> <span class='ocrx_word' id='word_1_468' title='bbox 1212 2131 1269 2162; x_wconf 86' lang='lat' dir='ltr'><strong>sed</strong></span> <span class='ocrx_word' id='word_1_469' title='bbox 1283 2130 1469 2161; x_wconf 72' lang='lat' dir='ltr'><strong>infantibus.</strong></span> <span class='ocrx_word' id='word_1_470' title='bbox 1500 2130 1538 2162; x_wconf 88' lang='lat' dir='ltr'><strong>B.</strong></span> 
     </span>
    </p>

    <p class='ocr_par' dir='ltr' id='par_1_11' title="bbox 892 2175 1631 2259">
     <span class='ocr_line' id='line_1_76' title="bbox 935 2175 1631 2206; baseline 0 0"><span class='ocrx_word' id='word_1_471' title='bbox 935 2177 987 2206; x_wconf 84' lang='lat'><strong>25.</strong></span> <span class='ocrx_word' id='word_1_472' title='bbox 1004 2177 1048 2206; x_wconf 80' lang='lat' dir='ltr'><strong>Et</strong></span> <span class='ocrx_word' id='word_1_473' title='bbox 1068 2186 1112 2206; x_wconf 81' lang='lat' dir='ltr'><strong>me</strong></span> <span class='ocrx_word' id='word_1_474' title='bbox 1128 2180 1190 2206; x_wconf 76' lang='lat' dir='ltr'><strong>tun</strong></span> <span class='ocrx_word' id='word_1_475' title='bbox 1205 2184 1325 2205; x_wconf 64' lang='lat' dir='ltr'><strong>uxorem</strong></span> <span class='ocrx_word' id='word_1_476' title='bbox 1340 2175 1500 2205; x_wconf 66' lang='lat' dir='ltr'><strong>credidisti</strong></span> <span class='ocrx_word' id='word_1_477' title='bbox 1512 2176 1631 2206; x_wconf 68' lang='lat' dir='ltr'><strong>seilicet</strong></span> 
     </span>
     <span class='ocr_line' id='line_1_77' title="bbox 892 2217 1336 2259; baseline -0.007 -9"><span class='ocrx_word' id='word_1_478' title='bbox 892 2217 1068 2259; x_wconf 73' lang='lat' dir='ltr'><strong>ductarum]</strong></span> <span class='ocrx_word' id='word_1_479' title='bbox 1083 2217 1264 2257; x_wconf 69' lang='grc' dir='ltr'><strong>Ἐπιτγανγή.</strong></span> <span class='ocrx_word' id='word_1_480' title='bbox 1294 2217 1336 2247; x_wconf 91' lang='lat' dir='ltr'><strong>D.</strong></span> 
     </span>
    </p>

    <p class='ocr_par' dir='ltr' id='par_1_12' title="bbox 887 2257 1631 2432">
     <span class='ocr_line' id='line_1_78' title="bbox 935 2257 1627 2302; baseline -0.004 -9"><span class='ocrx_word' id='word_1_481' title='bbox 935 2263 986 2295; x_wconf 87' lang='lat'><strong>27.</strong></span> <span class='ocrx_word' id='word_1_482' title='bbox 1012 2264 1170 2298; x_wconf 77' lang='lat' dir='ltr'><strong>Comma,</strong></span> <span class='ocrx_word' id='word_1_483' title='bbox 1191 2271 1303 2302; x_wconf 79' lang='lat' dir='ltr'><strong>quaere,</strong></span> <span class='ocrx_word' id='word_1_484' title='bbox 1323 2270 1426 2300; x_wconf 77' lang='lat' dir='ltr'><strong>parce,</strong></span> <span class='ocrx_word' id='word_1_485' title='bbox 1439 2257 1500 2299; x_wconf 84' lang='lat' dir='ltr'><strong>sac</strong></span> <span class='ocrx_word' id='word_1_486' title='bbox 1523 2271 1627 2300; x_wconf 67' lang='lat' dir='ltr'><strong>quan-</strong></span> 
     </span>
     <span class='ocr_line' id='line_1_79' title="bbox 887 2302 1631 2346; baseline -0.001 -10"><span class='ocrx_word' id='word_1_487' title='bbox 887 2307 1051 2346; x_wconf 77' lang='lat' dir='ltr'><strong>plarinmrn</strong></span> <span class='ocrx_word' id='word_1_488' title='bbox 1068 2306 1131 2335; x_wconf 72' lang='lat' dir='ltr'><strong>illis</strong></span> <span class='ocrx_word' id='word_1_489' title='bbox 1143 2302 1315 2345; x_wconf 74' lang='lat' dir='ltr'><strong>relinquas]</strong></span> <span class='ocrx_word' id='word_1_490' title='bbox 1334 2303 1407 2334; x_wconf 84' lang='lat' dir='ltr'><strong>Hoc</strong></span> <span class='ocrx_word' id='word_1_491' title='bbox 1423 2302 1469 2334; x_wconf 82' lang='lat' dir='ltr'><strong>sic</strong></span> <span class='ocrx_word' id='word_1_492' title='bbox 1483 2313 1631 2345; x_wconf 76' lang='lat' dir='ltr'><strong>pronun-</strong></span> 
     </span>
     <span class='ocr_line' id='line_1_80' title="bbox 892 2345 1628 2389; baseline -0.005 -9"><span class='ocrx_word' id='word_1_493' title='bbox 892 2348 1052 2384; x_wconf 83' lang='lat' dir='ltr'><strong>ciandum,</strong></span> <span class='ocrx_word' id='word_1_494' title='bbox 1068 2355 1106 2379; x_wconf 90' lang='lat' dir='ltr'><strong>ut</strong></span> <span class='ocrx_word' id='word_1_495' title='bbox 1127 2352 1281 2389; x_wconf 78' lang='lat' dir='ltr'><strong>appareat</strong></span> <span class='ocrx_word' id='word_1_496' title='bbox 1299 2346 1382 2377; x_wconf 83' lang='lat' dir='ltr'><strong>hane</strong></span> <span class='ocrx_word' id='word_1_497' title='bbox 1396 2345 1499 2387; x_wconf 70' lang='lat' dir='ltr'><strong>ipnm</strong></span> <span class='ocrx_word' id='word_1_498' title='bbox 1513 2345 1628 2389; x_wconf 79' lang='lat' dir='ltr'><strong>volup-</strong></span> 
     </span>
     <span class='ocr_line' id='line_1_81' title="bbox 891 2389 1338 2432; baseline -0.007 -9"><span class='ocrx_word' id='word_1_499' title='bbox 891 2399 990 2423; x_wconf 82' lang='lat' dir='ltr'><strong>tatem</strong></span> <span class='ocrx_word' id='word_1_500' title='bbox 1003 2391 1175 2432; x_wconf 83' lang='lat' dir='ltr'><strong>displicere</strong></span> <span class='ocrx_word' id='word_1_501' title='bbox 1191 2389 1338 2421; x_wconf 84' lang='lat' dir='ltr'><strong>Micioni.</strong></span> 
     </span>
    </p>

    <p class='ocr_par' dir='ltr' id='par_1_13' title="bbox 894 2432 1491 2469">
     <span class='ocr_line' id='line_1_82' title="bbox 894 2432 1491 2469; baseline -0.005 -3"><span class='ocrx_word' id='word_1_502' title='bbox 894 2437 1002 2469; x_wconf 76' lang='lat' dir='ltr'><strong>Quaere</strong></span> <span class='ocrx_word' id='word_1_503' title='bbox 1017 2444 1109 2465; x_wconf 76' lang='lat' dir='ltr'><strong>nova.</strong></span> <span class='ocrx_word' id='word_1_504' title='bbox 1147 2435 1246 2464; x_wconf 81' lang='lat' dir='ltr'><strong>Parce</strong></span> <span class='ocrx_word' id='word_1_505' title='bbox 1259 2432 1417 2464; x_wconf 80' lang='lat' dir='ltr'><strong>omnibus.</strong></span> <span class='ocrx_word' id='word_1_506' title='bbox 1449 2432 1491 2463; x_wconf 91' lang='lat' dir='ltr'><strong>D.</strong></span> 
     </span>
    </p>

    <p class='ocr_par' dir='ltr' id='par_1_14' title="bbox 891 2475 1628 2648">
     <span class='ocr_line' id='line_1_83' title="bbox 934 2475 1627 2518; baseline -0.001 -9"><span class='ocrx_word' id='word_1_507' title='bbox 934 2478 985 2509; x_wconf 83' lang='lat'><strong>28.</strong></span> <span class='ocrx_word' id='word_1_508' title='bbox 1007 2478 1130 2509; x_wconf 87' lang='lat' dir='ltr'><strong>Omnes</strong></span> <span class='ocrx_word' id='word_1_509' title='bbox 1151 2475 1252 2508; x_wconf 81' lang='lat' dir='ltr'><strong>nostri</strong></span> <span class='ocrx_word' id='word_1_510' title='bbox 1274 2486 1348 2507; x_wconf 90' lang='lat' dir='ltr'><strong>cum</strong></span> <span class='ocrx_word' id='word_1_511' title='bbox 1370 2475 1442 2506; x_wconf 87' lang='lat' dir='ltr'><strong>edd.</strong></span> <span class='ocrx_word' id='word_1_512' title='bbox 1463 2481 1541 2507; x_wconf 78' lang='lat' dir='ltr'><strong>vett.</strong></span> <span class='ocrx_word' id='word_1_513' title='bbox 1559 2477 1627 2518; x_wconf 73' lang='lat' dir='ltr'><strong>glo-</strong></span> 
     </span>
     <span class='ocr_line' id='line_1_84' title="bbox 891 2518 1628 2560; baseline -0.001 -8"><span class='ocrx_word' id='word_1_514' title='bbox 891 2523 970 2552; x_wconf 84' lang='lat' dir='ltr'><strong>n&#39;am</strong></span> <span class='ocrx_word' id='word_1_515' title='bbox 985 2526 1019 2552; x_wconf 71' lang='lat' dir='ltr'><strong>tu</strong></span> <span class='ocrx_word' id='word_1_516' title='bbox 1033 2524 1133 2552; x_wconf 78' lang='lat' dir='ltr'><strong>istanc</strong></span> <span class='ocrx_word' id='word_1_517' title='bbox 1147 2522 1205 2551; x_wconf 75' lang='lat' dir='ltr'><strong>tibi</strong></span> <span class='ocrx_word' id='word_1_518' title='bbox 1219 2521 1328 2550; x_wconf 70' lang='lat' dir='ltr'><strong>obtine.</strong></span> <span class='ocrx_word' id='word_1_519' title='bbox 1359 2518 1495 2560; x_wconf 83' lang='lat' dir='ltr'><strong>Repone</strong></span> <span class='ocrx_word' id='word_1_520' title='bbox 1509 2526 1628 2557; x_wconf 68' lang='lat' dir='ltr'><strong>autem,</strong></span> 
     </span>
     <span class='ocr_line' id='line_1_85' title="bbox 891 2561 1628 2604; baseline -0.001 -9"><span class='ocrx_word' id='word_1_521' title='bbox 891 2566 960 2596; x_wconf 70' lang='lat' dir='ltr'><strong>luis</strong></span> <span class='ocrx_word' id='word_1_522' title='bbox 973 2566 1136 2604; x_wconf 71' lang='lat' dir='ltr'><strong>relinquas,</strong></span> <span class='ocrx_word' id='word_1_523' title='bbox 1149 2564 1335 2604; x_wconf 69' lang='lat' dir='ltr'><strong>glor-ianque</strong></span> <span class='ocrx_word' id='word_1_524' title='bbox 1346 2563 1519 2593; x_wconf 58' lang='lat' dir='ltr'><strong>omnib-².</strong></span> <span class='ocrx_word' id='word_1_525' title='bbox 1542 2561 1628 2594; x_wconf 77' lang='lat' dir='ltr'><strong>Nm</strong></span> 
     </span>
     <span class='ocr_line' id='line_1_86' title="bbox 891 2603 1628 2648; baseline -0.003 -9"><span class='ocrx_word' id='word_1_526' title='bbox 891 2610 992 2639; x_wconf 70' lang='lat' dir='ltr'><strong>obtine</strong></span> <span class='ocrx_word' id='word_1_527' title='bbox 1001 2606 1150 2648; x_wconf 87' lang='lat' dir='ltr'><strong>putidum</strong></span> <span class='ocrx_word' id='word_1_528' title='bbox 1159 2612 1245 2637; x_wconf 76' lang='lat' dir='ltr'><strong>esset</strong></span> <span class='ocrx_word' id='word_1_529' title='bbox 1254 2605 1282 2636; x_wconf 77' lang='lat' dir='ltr'><strong>si</strong></span> <span class='ocrx_word' id='word_1_530' title='bbox 1293 2603 1346 2635; x_wconf 83' lang='lat' dir='ltr'><strong>hic</strong></span> <span class='ocrx_word' id='word_1_531' title='bbox 1504 2611 1567 2636; x_wconf 86' lang='lat' dir='ltr'><strong>tur.</strong></span> <span class='ocrx_word' id='word_1_532' title='bbox 1587 2605 1628 2637; x_wconf 85' lang='grc' dir='ltr'><strong>Β.</strong></span> 
     </span>
    </p>

    <p class='ocr_par' dir='ltr' id='par_1_15' title="bbox 890 2647 1629 2768">
     <span class='ocr_line' id='line_1_87' title="bbox 936 2647 1628 2689; baseline -0.001 -8"><span class='ocrx_word' id='word_1_533' title='bbox 936 2651 987 2682; x_wconf 85' lang='grc'><strong>29.</strong></span> <span class='ocrx_word' id='word_1_534' title='bbox 1010 2652 1143 2681; x_wconf 68' lang='lat' dir='ltr'><strong>Utantur</strong></span> <span class='ocrx_word' id='word_1_535' title='bbox 1157 2647 1239 2689; x_wconf 71' lang='lat' dir='ltr'><strong>sine]</strong></span> <span class='ocrx_word' id='word_1_536' title='bbox 1262 2648 1332 2679; x_wconf 80' lang='lat' dir='ltr'><strong>Aut</strong></span> <span class='ocrx_word' id='word_1_537' title='bbox 1345 2647 1436 2679; x_wconf 76' lang='lat' dir='ltr'><strong>deest</strong></span> <span class='ocrx_word' id='word_1_538' title='bbox 1449 2649 1507 2686; x_wconf 68' lang='lat' dir='ltr'><strong>luis,</strong></span> <span class='ocrx_word' id='word_1_539' title='bbox 1522 2655 1560 2680; x_wconf 80' lang='lat' dir='ltr'><strong>ut</strong></span> <span class='ocrx_word' id='word_1_540' title='bbox 1572 2648 1628 2688; x_wconf 69' lang='lat' dir='ltr'><strong>tit,</strong></span> 
     </span>
     <span class='ocr_line' id='line_1_88' title="bbox 892 2690 1629 2734; baseline 0 -10"><span class='ocrx_word' id='word_1_541' title='bbox 892 2695 941 2724; x_wconf 76' lang='lat' dir='ltr'><strong>his</strong></span> <span class='ocrx_word' id='word_1_542' title='bbox 970 2698 1117 2724; x_wconf 77' lang='lat' dir='ltr'><strong>utantur.-</strong></span> <span class='ocrx_word' id='word_1_543' title='bbox 1153 2698 1211 2723; x_wconf 77' lang='lat' dir='ltr'><strong>aut</strong></span> <span class='ocrx_word' id='word_1_544' title='bbox 1238 2702 1304 2722; x_wconf 75' lang='lat' dir='ltr'><strong>nea</strong></span> <span class='ocrx_word' id='word_1_545' title='bbox 1332 2696 1468 2730; x_wconf 67' lang='lat' dir='ltr'><strong>utantur,</strong></span> <span class='ocrx_word' id='word_1_546' title='bbox 1497 2690 1629 2734; x_wconf 73' lang='lat' dir='ltr'><strong>antique</strong></span> 
     </span>
     <span class='ocr_line' id='line_1_89' title="bbox 890 2735 1164 2768; baseline -0.007 0"><span class='ocrx_word' id='word_1_547' title='bbox 890 2737 1017 2768; x_wconf 85' lang='lat' dir='ltr'><strong>locutus</strong></span> <span class='ocrx_word' id='word_1_548' title='bbox 1032 2741 1090 2766; x_wconf 86' lang='lat' dir='ltr'><strong>est.</strong></span> <span class='ocrx_word' id='word_1_549' title='bbox 1123 2735 1164 2766; x_wconf 91' lang='lat' dir='ltr'><strong>D.</strong></span> 
     </span>
    </p>

    <p class='ocr_par' dir='ltr' id='par_1_16' title="bbox 892 2776 1628 2854">
     <span class='ocr_line' id='line_1_90' title="bbox 935 2776 1628 2819; baseline 0 -9"><span class='ocrx_word' id='word_1_550' title='bbox 935 2780 986 2810; x_wconf 86' lang='lat'><strong>30.</strong></span> <span class='ocrx_word' id='word_1_551' title='bbox 1009 2780 1057 2810; x_wconf 88' lang='lat' dir='ltr'><strong>De</strong></span> <span class='ocrx_word' id='word_1_552' title='bbox 1077 2789 1191 2809; x_wconf 66' lang='lat' dir='ltr'><strong>sunna</strong></span> <span class='ocrx_word' id='word_1_553' title='bbox 1212 2779 1291 2808; x_wconf 70' lang='lat' dir='ltr'><strong>nihil</strong></span> <span class='ocrx_word' id='word_1_554' title='bbox 1309 2776 1447 2819; x_wconf 74' lang='lat' dir='ltr'><strong>decedet]</strong></span> <span class='ocrx_word' id='word_1_555' title='bbox 1476 2777 1539 2810; x_wconf 77' lang='lat' dir='ltr'><strong>Rei</strong></span> <span class='ocrx_word' id='word_1_556' title='bbox 1563 2784 1628 2810; x_wconf 71' lang='grc' dir='ltr'><strong>ωε</strong></span> 
     </span>
     <span class='ocr_line' id='line_1_91' title="bbox 892 2821 1098 2854; baseline -0.015 0"><span class='ocrx_word' id='word_1_557' title='bbox 892 2821 1025 2854; x_wconf 80' lang='lat' dir='ltr'><strong>seilicet.</strong></span> <span class='ocrx_word' id='word_1_558' title='bbox 1057 2821 1098 2852; x_wconf 89' lang='lat' dir='ltr'><strong>D.</strong></span> 
     </span>
    </p>

    <p class='ocr_par' dir='ltr' id='par_1_17' title="bbox 937 2862 1452 2905">
     <span class='ocr_line' id='line_1_92' title="bbox 937 2862 1452 2905; baseline 0 -10"><span class='ocrx_word' id='word_1_559' title='bbox 937 2866 988 2895; x_wconf 80' lang='lat'><strong>33.</strong></span> <span class='ocrx_word' id='word_1_560' title='bbox 1005 2862 1175 2905; x_wconf 67' lang='lat' dir='ltr'><strong>Densa-is]</strong></span> <span class='ocrx_word' id='word_1_561' title='bbox 1192 2863 1257 2895; x_wconf 80' lang='lat' dir='ltr'><strong>Pro</strong></span> <span class='ocrx_word' id='word_1_562' title='bbox 1271 2865 1378 2895; x_wconf 68' lang='lat' dir='ltr'><strong>denes.</strong></span> <span class='ocrx_word' id='word_1_563' title='bbox 1409 2863 1452 2895; x_wconf 89' lang='lat' dir='ltr'><strong>D.</strong></span> 
     </span>
    </p>

    <p class='ocr_par' dir='ltr' id='par_1_18' title="bbox 891 2905 1627 2990">
     <span class='ocr_line' id='line_1_93' title="bbox 935 2905 1626 2948; baseline 0.003 -10"><span class='ocrx_word' id='word_1_564' title='bbox 935 2909 986 2938; x_wconf 80' lang='lat'><strong>34.</strong></span> <span class='ocrx_word' id='word_1_565' title='bbox 1003 2908 1098 2939; x_wconf 76' lang='lat' dir='ltr'><strong>Mitto</strong></span> <span class='ocrx_word' id='word_1_566' title='bbox 1111 2905 1191 2948; x_wconf 70' lang='lat' dir='ltr'><strong>ren]</strong></span> <span class='ocrx_word' id='word_1_567' title='bbox 1209 2906 1393 2938; x_wconf 78' lang='lat' dir='ltr'><strong>Pecuniam.</strong></span> <span class='ocrx_word' id='word_1_568' title='bbox 1430 2906 1476 2939; x_wconf 76' lang='lat' dir='ltr'><strong>Bt</strong></span> <span class='ocrx_word' id='word_1_569' title='bbox 1487 2907 1556 2939; x_wconf 76' lang='lat' dir='ltr'><strong>haec</strong></span> <span class='ocrx_word' id='word_1_570' title='bbox 1568 2918 1626 2940; x_wconf 85' lang='lat' dir='ltr'><strong>ex-</strong></span> 
     </span>
     <span class='ocr_line' id='line_1_94' title="bbox 891 2949 1627 2990; baseline 0 -8"><span class='ocrx_word' id='word_1_571' title='bbox 891 2950 1040 2982; x_wconf 82' lang='lat' dir='ltr'><strong>clamatio</strong></span> <span class='ocrx_word' id='word_1_572' title='bbox 1055 2957 1104 2982; x_wconf 82' lang='lat' dir='ltr'><strong>est</strong></span> <span class='ocrx_word' id='word_1_573' title='bbox 1118 2949 1249 2982; x_wconf 72' lang='lat' dir='ltr'><strong>moralis</strong></span> <span class='ocrx_word' id='word_1_574' title='bbox 1267 2949 1437 2982; x_wconf 68' lang='lat' dir='ltr'><strong>adversm</strong></span> <span class='ocrx_word' id='word_1_575' title='bbox 1448 2950 1549 2990; x_wconf 74' lang='lat' dir='ltr'><strong>nimis</strong></span> <span class='ocrx_word' id='word_1_576' title='bbox 1561 2957 1627 2982; x_wconf 73' lang='lat' dir='ltr'><strong>tar-</strong></span> 
     </span>
    </p>
   </div>
  </div>
 </body>
</html>
