1852 3216
120 167 260 195 semu
283 154 332 208 1.]

693 150 1112 193 EUNUCHUS.

1590 150 1670 193 135

207 242 258 283 In
280 256 423 283 amore
445 241 538 282 haec
561 241 701 282 omnia
720 241 867 282 insunt
887 241 1012 282 vitia:
1045 241 1226 296 injuriae,

152 316 190 345 15
208 307 501 361 Suspiciones,
524 306 766 355 inimicitiae,
789 305 989 355 induciae,

206 370 389 421 Bellum,
412 386 500 426 pax
519 385 715 412 rursum:
748 371 911 412 incerta
931 370 1026 412 haec
1047 370 1083 411 si
1103 377 1151 411 tu
1170 368 1364 424 postules

208 435 396 478 Ratione
418 443 536 478 certa
557 435 714 486 facere,
737 435 870 476 nihilo
891 433 988 489 plus
1010 450 1129 490 agas,

207 500 351 547 Quam
373 502 406 542 si
428 501 506 543 des
527 515 717 556 operam,
740 508 789 541 ut
810 514 907 542 cum
926 500 1092 541 ratione
1117 500 1319 542 insanias.

208 564 270 606 Et
290 566 407 620 quod
428 580 543 607 nunc
564 572 657 607 tute
680 572 822 606 tecum
842 565 976 606 iratus
999 565 1179 620 cogitas,

150 641 191 670 20
209 631 364 685 Egone
385 630 528 685 illam?
559 645 657 684 quae
676 628 824 671 illum?
856 644 954 684 quae
974 631 1072 671 me?
1103 644 1201 684 quae
1222 643 1306 670 non
1323 629 1339 669 ἲ
1373 628 1463 669 sine
1484 628 1628 677 modo,

209 695 327 737 Mori
347 710 414 737 me
435 694 599 736 malim:
634 695 789 736 sentiet
811 695 883 749 qui
906 695 969 735 vir
990 695 1108 735 siem.

208 760 319 801 Haec
341 761 488 807 verba,
508 775 594 801 una
613 759 828 802 mehercle
846 758 953 801 falsa
974 758 1219 814 lacrymula,

209 825 368 875 Quam,
393 824 539 866 oculos
561 825 757 874 terendo,
779 826 934 866 misera
954 825 1025 865 vix
1045 825 1086 865 vi
1106 824 1386 879 expresserit,

209 889 495 944 Restinguet:
528 896 573 931 et
593 896 635 930 te
656 889 770 931 ultro
793 889 1029 938 accusabit,
1051 895 1096 930 et
1118 889 1241 929 dabis
1264 889 1303 929 ei

152 964 191 993 25
211 954 338 995 Ultro
360 953 630 1008 supplicium.
684 953 769 995 ΡΗ.
793 953 836 995 Ο
859 953 1081 1007 indignum
1101 952 1290 993 facinus!
1324 966 1437 992 nunc
1458 966 1539 1005 ego

209 1018 270 1060 Et
291 1017 403 1059 illam
425 1017 650 1059 scelestam
670 1032 781 1068 esse,
803 1025 847 1059 et
867 1031 934 1058 me
954 1017 1157 1058 miserum
1179 1016 1341 1057 sentio:

120 1178 252 1209 amator,
278 1181 337 1202 nec
362 1181 474 1202 amans
505 1170 619 1210 (animo
648 1176 780 1212 aegrotus
804 1169 868 1210 Ζ.).

122 1215 167 1246 Ut
182 1214 269 1245 idem
293 1214 327 1245 in
344 1213 480 1251 Andria,
493 1213 593 1253 facile
609 1225 706 1244 omnes
728 1225 794 1244 cum
816 1224 870 1244 va-

121 1260 223 1292 lemus.
240 1262 323 1287 recta
346 1258 473 1288 consilia
492 1258 614 1297 oegrotis
637 1259 751 1287 damus.
785 1256 872 1287 D.—

122 1301 209 1341 Lege
224 1310 290 1330 eam
307 1308 383 1330 Rmt
400 1310 425 1330 e.
441 1309 467 1330 r.
482 1309 513 1329 n.
529 1310 560 1340 p.
576 1299 722 1330 Vetuste.
764 1299 816 1329 Ita
830 1309 872 1329 ex

120 1343 194 1374 laxo
216 1342 348 1373 densior
369 1342 407 1372 fit
422 1351 534 1372 versus
557 1347 590 1372 et
611 1341 753 1372 solidior.
788 1342 872 1372 B.—

122 1385 150 1416 E
175 1384 350 1415 Menandri
373 1383 602 1415 Consobrinis:
634 1401 678 1406 —
693 1382 789 1423 φύσει
809 1383 873 1423 ’γὰρ

122 1427 191 1459 ἐστ’
208 1426 282 1467 ἔρως
298 1427 361 1458 Τοῦ
383 1427 604 1458 νουθετοῦντος
626 1426 741 1467 κωφὸν,
759 1425 824 1465 ἅμα
845 1426 871 1456 δ’

122 1468 291 1551 οιΞὙράδιον
317 1469 464 1507 Nede-»rra
493 1469 583 1510 νικᾷν
611 1469 691 1506 ἐστι,
722 1468 774 1500 καὶ
802 1468 874 1500 θεὸν

122 1518 145 1543 λ
188 1525 221 1551 ῳ.
253 1512 305 1542 W.

167 1556 216 1585 14.
249 1556 287 1585 In
311 1565 410 1585 amore
434 1556 497 1585 haec
521 1556 620 1585 omnia
645 1555 750 1585 insunt
774 1553 869 1594 vitia]

122 1597 206 1628 Duae
220 1596 477 1638 praepositiones,
494 1599 526 1627 in
539 1607 639 1627 amore
654 1598 768 1627 imunt.
800 1596 843 1627 D.

166 1641 215 1670 15.
239 1638 393 1680 Inducioe]
407 1640 554 1677 Indue-iet,
566 1645 643 1670 sunt
657 1649 723 1680 pax
737 1638 772 1670 in
788 1649 868 1680 pau-

120 1692 175 1713 cos
196 1682 276 1718 dies,
304 1682 355 1713 vel
383 1682 470 1722 quod
494 1682 530 1713 in
556 1681 643 1712 diem
668 1682 796 1719 dentur,
819 1681 870 1713 vel

121 1725 207 1765 quod
222 1724 257 1755 in
272 1724 342 1755 dies
358 1724 460 1755 otium
485 1725 659 1765 praebeant.
677 1725 719 1755 D.

168 1767 217 1798 16.
241 1768 310 1798 Pax
320 1766 458 1807 rursum]
477 1767 576 1803 Bene,
587 1773 624 1798 ut
638 1766 869 1803 consolaretur,

120 1809 269 1841 ultimam
284 1815 411 1850 partem
431 1809 554 1849 (pacem
575 1809 718 1850 postulat
740 1809 870 1850 sensus)

120 1852 239 1894 posuit.
269 1853 347 1883 Haec
359 1854 387 1883 si
400 1857 433 1883 tu
446 1851 596 1892 postules]
614 1852 654 1883 Id
669 1858 727 1890 est,
740 1852 768 1883 si
780 1851 871 1889 velis,

121 1895 173 1926 vel
187 1895 323 1926 coneris.
357 1895 398 1925 D.

167 1938 216 1970 17.
241 1939 348 1968 Nihilo
359 1939 431 1977 plus
445 1936 539 1978 agas]
559 1937 598 1968 Id
615 1941 673 1973 est,
687 1936 768 1967 nihil
785 1947 870 1977 agas.

122 1981 305 2012 D.-—·Certa
327 1986 377 2011 est
392 1979 609 2010 Accusativus
630 1979 714 2020 plur.
739 1979 779 2011 cf.
798 1980 870 2010 Ho-

120 2023 223 2054 ratius
240 2023 385 2053 Sermon.
403 2022 435 2053 ii.
455 2024 484 2053 3.
502 2022 574 2055 270.
607 2022 645 2053 Β.

166 2066 216 2097 19.
241 2066 287 2096 Et
309 2067 389 2106 quod
409 2064 504 2105 nunc]
538 2066 612 2102 Pro,
635 2075 726 2105 quae:
765 2070 802 2095 ut
830 2064 874 2095 sit

119 2118 331 2149 consequens,
354 2110 418 2138 haec
446 2110 547 2139 verba.
601 2107 654 2138 Sic
684 2107 718 2138 in
735 2107 872 2144 Andria,

124 2153 212 2185 Quod
228 2153 366 2192 plerique
387 2162 486 2182 omnes
499 2149 626 2190 faciunt
647 2151 872 2187 adolescentuli,

121 2195 239 2225 Horum
254 2196 306 2224 ille
320 2195 400 2224 nihil
413 2195 542 2234 egregie.
575 2193 617 2224 D.

165 2237 216 2267 20.
240 2238 344 2277 Egone
362 2238 473 2267 illam?
496 2247 562 2277 quae
577 2237 663 2266 illum
676 2238 692 2266 Ρ
714 2246 781 2276 quae
795 2246 841 2266 me
855 2237 871 2265 ?

122 2278 306 2310 Familiaris
342 2278 484 2319 ἔλλειψις
519 2278 753 2313 irascentibus;
795 2288 871 2308 nam

121 2321 249 2363 sing-ula
269 2321 315 2352 sic
331 2321 544 2363 complentur,
560 2323 665 2361 Egone
687 2322 773 2351 illam
795 2329 869 2350 ΝοΝ

122 2365 322 2395 υιοιεοᾼιιῖ
347 2375 414 2405 qua
426 2366 511 2395 illum
524 2365 704 2395 Raceer'r?
729 2374 796 2404 quae
809 2372 872 2393 nx-

122 2415 251 2438 cnusn·
266 2409 338 2438 me?
368 2418 435 2448 quae
455 2418 514 2437 non
537 2407 713 2437 Amusrr?
739 2405 873 2436 Etenim

124 2449 271 2488 (excidit,
294 2460 357 2487 nec,
380 2455 437 2480 aut
458 2455 549 2480 muta
578 2449 612 2479 in
635 2459 689 2479 nec
714 2451 794 2479 enim
819 2447 872 2487 Z.)

123 2501 255 2522 necesse
269 2491 376 2529 habet,
393 2501 453 2522 nec
468 2497 577 2533 potest
595 2491 758 2532 complere
774 2490 872 2521 orati-

123 2543 229 2570 onem,
252 2533 307 2574 qui
329 2540 364 2565 et
384 2544 495 2565 secum
524 2533 677 2574 loquitur,
701 2539 734 2564 et
763 2533 874 2564 dolore

123 2581 270 2607 vexatur.
315 2576 401 2607 Nam
423 2581 510 2607 amat
531 2575 751 2614 ἀποσιώπησιν
772 2575 875 2607 nimia

123 2617 322 2659 indignatim
360 2624 407 2656 ut,
430 2618 520 2659 Virg.
547 2618 623 2650 AEn.
647 2618 668 2649 i.
696 2619 766 2649 135.
794 2620 875 2652 Quos

124 2671 178 2702 ego
191 2673 202 2691 .-
231 2662 286 2691 eed
304 2665 396 2691 motos
412 2666 543 2700 prostat
562 2671 732 2700 componere
746 2662 872 2700 fluetus.

126 2703 318 2743 D.—Egone
332 2704 417 2733 illam
429 2702 463 2743 ?]
480 2703 605 2734 Charis.
621 2703 676 2734 lib.
693 2703 727 2734 ii.
760 2703 797 2734 L.

169 2746 220 2776 22.
244 2746 322 2776 Hac
335 2743 444 2785 verba]
468 2746 566 2776 Verba
588 2746 764 2785 ἑμφατικῶς
779 2745 872 2783 dixit,

124 2797 197 2829 quae
211 2787 336 2819 scilicet
350 2786 433 2818 nihil
447 2786 600 2818 effectura
610 2787 686 2819 sint.
709 2789 762 2819 Me
774 2790 873 2819 hercle

124 2841 187 2862 una
198 2830 288 2871 salsa
309 2831 487 2870 lacrymula,
510 2840 600 2870 qnam
629 2831 727 2861 oculo·
752 2832 874 2862 terendo

123 2875 240 2910 misere,
253 2874 302 2903 vix
310 2874 341 2903 vi
349 2871 547 2912 expresserit]
561 2872 738 2913 Expressio
753 2873 794 2904 ad
803 2873 874 2913 αὔξ-

124 2926 199 2952 ησιν
206 2915 346 2950 ducens;
364 2921 397 2945 et
406 2924 471 2945 non
483 2925 565 2951 vera,
577 2914 634 2946 sed
640 2913 730 2953 salsa
739 2927 750 2945 .-
765 2921 798 2946 et
809 2925 875 2946 non

120 2959 271 2998 lacryma,
286 2956 345 2989 sed
357 2958 525 2997 lacrymula
537 2969 547 2987 :
572 2962 605 2988 et
619 2967 685 2988 non
697 2959 777 2988 ultro
784 2959 873 2996 flens,

914 1170 971 1201 sed
987 1171 1085 1201 oculos
1108 1171 1231 1200 terendo
1244 1182 1254 1200 .·
1285 1174 1319 1200 et
1341 1179 1406 1200 non
1419 1167 1526 1208 facile,
1543 1168 1600 1200 sed
1616 1171 1645 1200 vi
1655 1182 1665 1200 .-

915 1219 948 1243 et
975 1223 1051 1249 non,
1075 1214 1285 1249 exstillanerit,
1308 1212 1366 1242 sed
1388 1214 1590 1251 expresserit;
1620 1211 1667 1242 sic

915 1255 1006 1296 Virg.
1018 1255 1092 1286 AEn.
1101 1255 1134 1285 ii.
1146 1255 1215 1286 196.
1227 1257 1367 1295 captique
1380 1256 1457 1285 dolie
1468 1256 1667 1295 lacrymisque

915 1301 1036 1329 coactis.
1074 1298 1256 1328 D.—Fal3a
1272 1296 1456 1338 lacrymula]
1474 1297 1598 1328 Verum
1614 1297 1665 1327 ni-

915 1341 1044 1377 mirum,
1067 1340 1152 1380 quod
1176 1339 1222 1370 ait
1246 1340 1338 1370 Publ.
1358 1340 1458 1380 Syrus
1483 1339 1518 1370 in
1533 1339 1664 1370 Mimis:

915 1385 1050 1414 didicere
1066 1385 1142 1421 flere
1157 1382 1285 1423 seminae
1301 1385 1333 1412 in
1355 1384 1550 1412 mendacium.
1590 1382 1665 1413 vid.

916 1425 1011 1456 Ovid.
1032 1425 1162 1456 Petron.
1188 1430 1221 1455 et
1243 1424 1412 1456 Scholiast.
1429 1424 1579 1455 Juvenal.
1598 1424 1665 1455 Sat.

915 1468 985 1499 xiii.
1000 1469 1070 1499 133.
1089 1469 1307 1499 Vexareoeulos
1317 1470 1437 1498 humore
1446 1473 1556 1498 coacto.
1575 1467 1666 1498 Serv.

914 1511 991 1541 AEn.
1009 1510 1042 1541 ii.
1060 1520 1142 1541 vers.
1159 1510 1229 1541 196.
1248 1512 1439 1550 lacrimisque
1454 1512 1575 1540 coactis.
1602 1509 1668 1540 Ubi

913 1553 966 1584 hic
979 1553 1127 1584 Terentii
1143 1552 1233 1583 locus
1241 1552 1400 1583 laudatur.
1418 1552 1547 1583 L.—Et
1558 1552 1667 1583 versui

913 1601 947 1627 et
953 1595 1124 1626 sententiae
1128 1594 1372 1636 gratificaberis,
1380 1594 1408 1626 si
1415 1600 1490 1626 ante
1497 1606 1558 1626 una
1564 1595 1667 1626 inter-

913 1648 1002 1670 seras
1018 1650 1064 1675 ea,
1080 1638 1111 1668 h.
1129 1648 1156 1668 e.
1174 1637 1284 1669 Thais.
1316 1638 1354 1668 Β.

960 1682 1010 1712 23.
1037 1681 1134 1715 Quam
1156 1682 1254 1711 oculos
1281 1682 1405 1711 terendo
1426 1682 1542 1717 misere,
1565 1682 1617 1711 vix
1638 1682 1669 1711 vi

914 1723 1114 1764 expresserit]
1131 1723 1251 1754 Totum
1267 1733 1398 1754 sensum
1416 1722 1525 1754 verbis
1540 1722 1666 1763 signifi-

914 1766 1063 1797 cantibus
1084 1766 1240 1808 protulit:
1272 1771 1318 1802 ut,
1336 1765 1426 1806 Virg.
1451 1765 1521 1796 Ecl.
1544 1765 1591 1796 iii.
1615 1765 1666 1798 27.

916 1811 1066 1840 Stridenti
1079 1811 1219 1839 miserum
1227 1810 1342 1848 stipula
1348 1809 1522 1847 disperdere
1528 1819 1648 1838 carmen
1656 1821 1668 1843 ,·

916 1858 957 1888 et,
979 1852 1052 1882 AEn.
1070 1851 1111 1882 iv.
1130 1852 1181 1882 95.
1212 1852 1280 1881 Una
1303 1852 1369 1881 dolo
1390 1852 1492 1881 divum
1506 1852 1534 1881 si
1547 1849 1669 1890 femina

914 1896 996 1925 victa
1018 1896 1143 1925 duorum
1173 1898 1227 1924 est.
1271 1892 1435 1923 D.-Etsi
1465 1892 1598 1924 Servius
1627 1893 1669 1924 ad

917 1936 992 1968 AEn.
1017 1936 1050 1966 ii.
1077 1936 1147 1967 196.
1172 1942 1205 1966 et
1233 1935 1356 1966 Charis.
1384 1945 1416 1977 p.
1444 1936 1514 1966 184.
1546 1935 1669 1966 habent

915 1981 1032 2016 misere,
1048 1979 1080 2009 h.
1100 1989 1128 2009 e.
1152 1978 1257 2014 male;
1289 1977 1464 2019 legendum
1486 1984 1596 2009 tamen
1618 1984 1669 2009 est

916 2024 1036 2052 misera.
1070 2021 1108 2052 B.
1499 2035 1505 2041 ·

961 2066 1012 2095 24.
1045 2064 1110 2095 Pro
1132 2065 1289 2095 accusabis
1310 2062 1346 2094 in
1367 2062 1461 2094 libris
1493 2062 1612 2094 Faerni
1635 2069 1668 2094 et

916 2107 1038 2138 nostris
1057 2112 1145 2138 recte
1165 2105 1285 2147 legitur
1302 2108 1468 2137 accusabit.
1505 2106 1668 2137 caeterum

916 2153 946 2181 ei
961 2150 1148 2191 ponendum
1159 2155 1240 2190 puto
1251 2154 1327 2179 ante
1336 2150 1517 2188 supplicium
1528 2158 1666 2189 sequen-

915 2193 967 2224 tis.
998 2194 1086 2223 Ultro
1103 2192 1248 2223 Faernus
1258 2190 1398 2232 explicat
1407 2201 1466 2232 per
1477 2193 1610 2231 insuper.
1629 2191 1667 2221 B.

960 2236 1010 2266 25.
1028 2236 1120 2265 Nunc
1129 2245 1183 2275 ego
1195 2239 1226 2265 et
1232 2233 1334 2274 illam]
1346 2235 1446 2271 Nune,
1456 2233 1491 2264 id
1503 2239 1561 2270 est,
1576 2243 1648 2264 sero
1659 2246 1667 2268 ς

915 2283 952 2308 ut
967 2277 1058 2318 Virg.
1076 2277 1146 2308 Ecl.
1169 2276 1235 2308 viii.
1259 2277 1311 2306 43.
1335 2277 1428 2306 Nunc
1449 2277 1511 2306 scio
1532 2277 1608 2316 quid
1627 2278 1670 2307 eit

915 2331 1006 2351 amor.
1032 2320 1085 2357 Et,
1098 2320 1173 2350 AEn.
1182 2319 1225 2350 iv.
1236 2318 1434 2351 376.-nunc
1442 2329 1542 2359 augur
1550 2319 1668 2358 Apollo,

917 2364 1009 2394 Nunc
1024 2364 1130 2403 Lyciae
1144 2366 1250 2393 sortes.
1281 2361 1398 2392 D.-o
1417 2359 1668 2401 indignumsaci-

916 2417 972 2436 nus
982 2405 1011 2445 l]
1036 2405 1089 2436 Ex
1111 2404 1162 2435 his
1184 2414 1256 2445 quae
1278 2402 1380 2434 amori
1402 2402 1562 2439 accidunt,
1578 2409 1612 2434 et
1633 2413 1669 2434 se

918 2455 951 2479 et
966 2447 1055 2478 illam
1068 2457 1138 2478 esse
1154 2446 1249 2477 aliter
1262 2446 1375 2478 asserit
1389 2458 1396 2482 3
1419 2456 1452 2476 se
1466 2447 1616 2482 miserum,
1628 2447 1668 2476 il-

917 2493 977 2521 lam
992 2492 1146 2522 ecelestam
1161 2489 1282 2520 dicens.
1322 2488 1384 2519 Cui
1399 2498 1512 2519 servus
1534 2497 1667 2528 persua-

918 2533 982 2570 det,
999 2539 1036 2564 ut
1047 2544 1078 2564 se
1090 2534 1129 2563 ab
1142 2543 1179 2563 ea
1189 2534 1330 2568 redimat,
1344 2542 1432 2571 quam
1447 2532 1568 2561 minimo
1578 2536 1671 2571 queat

912 2578 1023 2616 pretio.
1070 2575 1176 2610 Quam
1201 2574 1299 2605 etiam
1324 2572 1519 2604 Bacchidem
1540 2571 1670 2613 long-ius

917 2628 1015 2660 supra
1032 2616 1242 2648 translatione
1258 2616 1374 2647 definit
1385 2614 1463 2656 quid
1478 2614 1530 2653 sit,
1546 2615 1671 2646 scilicet

917 2663 1077 2691 calamitas
1096 2661 1192 2690 nostri
1207 2657 1314 2699 fundi,
1330 2658 1364 2689 id
1379 2663 1438 2694 est,
1454 2657 1594 2695 miseria,
1610 2667 1671 2699 per

917 2702 1118 2741 ὑπαλλαγὴν,
1136 2701 1222 2742 quod
1241 2701 1376 2732 miseros
1399 2699 1486 2732 facit.
1524 2699 1570 2731 Et
1588 2710 1668 2740 quo-

917 2745 1005 2776 niam
1032 2744 1118 2775 servi
1148 2743 1314 2785 persuasio
1343 2752 1458 2785 parum
1487 2742 1669 2784 profecerat

916 2787 1003 2819 circa
1017 2786 1230 2818 adolescentis
1250 2785 1390 2817 dolentis
1411 2784 1565 2823 animum,
1581 2785 1669 2826 quod

917 2836 987 2861 erat
1000 2829 1168 2865 exclusus;
1192 2827 1314 2870 optima
1326 2827 1451 2860 ratione
1462 2827 1670 2869 subjungitur

919 2882 1026 2909 scena,
1049 2871 1085 2902 in
1113 2881 1177 2911 qua
1205 2870 1363 2903 meretrix
1388 2869 1462 2913 ipsa
1491 2876 1551 2907 est,
1574 2872 1667 2910 cujus

918 2914 1101 2956 praesentia,
1119 2920 1152 2945 et
1166 2913 1279 2950 oratio,
1295 2919 1329 2945 et
1343 2913 1452 2945 vultus
1472 2912 1668 2954 persuadere

919 2957 1053 2998 possint,
1070 2962 1105 2987 ut
1119 2961 1242 2988 amator
1257 2955 1408 2997 injuriam
1421 2955 1576 2996 ignoscat.
1610 2955 1648 2985 E.
