1852 3216
80 154 223 184 scam
239 140 321 196 rv.]

656 139 1016 184 PHORMIO.

1517 142 1603 185 625

251 229 421 285 Anguis
441 245 518 287 per
536 229 781 286 impluvium
799 231 960 274 decidit
978 231 1035 274 de
1054 229 1233 288 tegulis:

253 294 425 337 Gallina
443 297 617 339 cecinit:
647 296 868 339 interdixit
885 296 1097 340 hariolus:

82 393 316 434 κληδονίσματι.
370 394 422 425 Sic
453 394 564 426 Cassio
591 400 624 427 et
654 395 756 427 Bruto
784 394 819 427 in

81 438 183 469 aciem
193 438 424 479 prodeuntibus
433 438 545 469 obvius
552 438 712 481 AEffiiops,
723 438 820 470 nimis

78 488 190 523 aperte
217 481 313 512 ferale
343 481 476 522 signum.
501 481 570 512 suit.
611 482 647 513 L.
704 482 819 514 Florus

81 524 136 555 lib.
150 524 191 555 iv.
202 535 269 566 cap.
284 525 312 557 7.
342 524 422 555 Inde
434 524 664 566 Aristophanes
674 525 707 556 in
719 525 820 557 Ranis

82 578 114 609 p.
144 569 212 599 129.
237 568 318 606 οἴμοι
347 566 549 606 κακοδαίμων,
577 569 622 608 τῷ
644 567 819 608 συνέτυχον

83 611 178 650 ἐξιών.
225 611 372 653 Seipsum
396 611 482 642 enim
505 621 617 643 servus
634 611 818 653 interrogat,

82 654 135 685 cui
152 654 270 685 malum
286 655 380 685 domo
390 654 502 685 exiens
517 654 643 685 obviam
658 654 763 686 fuerit.
783 655 818 686 L.

127 698 176 728 26.
195 700 313 738 Anguis
334 709 389 738 per
405 697 592 738 impluvium]
620 698 722 729 Plaut.
742 699 819 729 Am-

81 740 244 782 pliitruon.
262 751 289 771 v.
310 742 335 771 l.
354 741 403 771 56.
433 743 580 772 Devolant
594 753 706 783 angues
713 741 820 782 jubati

80 786 216 814 deorsum
253 795 310 824 per
351 786 523 823 impluvium
559 787 625 815 duo.
669 785 820 816 Clemens

81 826 258 858 Alexandr.
283 827 430 858 Stromat.
453 827 507 858 lib.
524 827 577 858 vii.
602 827 667 867 εὖγ’
692 826 747 859 οὗν
767 827 820 859 καὶ

83 869 235 909 Διογένηι
259 870 334 911 πρὸς
354 870 411 901 τὸν
433 869 637 910 θαυμάζοντα,
661 870 709 902 ὅτι
733 869 820 912 ευρεν

82 913 140 944 τὸν
162 913 234 954 ὄφιν
257 915 290 944 ἐν
310 913 355 953 τῷ
378 912 476 954 ὑπέρῳ
502 911 744 954 περιειλημένον,
775 914 818 953 μὴ

82 955 227 996 θαύμαζε,
241 957 312 997 ἔφη·
327 955 367 993 ἦν
378 956 439 997 ’γὰρ
450 956 693 998 παραδοξότερον
709 958 817 994 ἐκεῖνο,

83 999 112 1030 εἶ
126 999 164 1030 τὸ
181 1000 292 1041 ὕπερον
305 1000 374 1040 περὶ
387 998 464 1040 ὀρθῷ
478 1002 523 1039 τῷ
538 999 608 1040 ὕφει
630 998 816 1039 κατειλημέ-

83 1054 137 1074 νον
153 1041 278 1075 desdam.
319 1043 558 1084 Theophrastus
571 1043 640 1084 περὶ
657 1044 816 1082 δεισιδαιμ.

83 1085 147 1116 Εὰν
164 1085 215 1128 ἴδῃ
242 1086 312 1126 ὄφιν
333 1087 367 1117 ἐν
388 1086 430 1127 τῇ
452 1085 559 1127 οἰκείᾳ,
583 1085 664 1127 ἱερὸν
688 1087 820 1118 ἐνταῦθα

82 1118 271 1170 ἱδρύσασθαι.
312 1129 375 1161 Ubi
391 1119 467 1170 q⁵uid
482 1129 524 1160 sit
544 1129 625 1170 ἱερὸν
640 1128 820 1170 ἱδρύσασθαι

82 1182 124 1203 ex
155 1173 298 1204 Cornuto
328 1172 525 1210 discendum,
550 1173 591 1204 ad
619 1141 686 1204 iuap
705 1172 818 1211 Persii,

77 1218 170 1256 pinge
186 1218 258 1247 duos
270 1227 391 1257 angues.
418 1216 531 1247 Isidor.
548 1216 637 1258 Orig.
653 1216 710 1247 xii.
727 1217 756 1248 4.
781 1217 818 1247 L.

81 1259 228 1290 —Recte
250 1260 396 1301 Guyetus
417 1259 561 1301 reposuit
581 1262 612 1290 in
635 1261 816 1300 impluvium.

85 1302 138 1333 Sic
155 1302 257 1334 Plaut.
275 1303 394 1344 Amph.
411 1313 440 1334 v.
461 1304 488 1333 l.
505 1303 556 1333 56.
594 1305 741 1334 Devolant
761 1314 817 1334 an-

78 1345 267 1386 guesjubati
279 1348 413 1378 deorsum
428 1348 461 1376 in
475 1348 649 1386 impluvium
665 1347 733 1378 duo.
768 1346 818 1378 Cf.

83 1399 142 1419 nos
158 1389 197 1419 ad
214 1389 297 1420 Eun.
314 1389 359 1420 iii.
374 1391 402 1419 5.
420 1390 470 1420 41.
503 1389 540 1420 B.

127 1433 176 1464 27.
197 1434 319 1463 Gallina
336 1431 461 1473 cecinit]
479 1433 692 1463 Observatum
708 1438 766 1470 est,
781 1431 817 1463 in

80 1485 143 1516 qua
158 1475 252 1506 domo
267 1475 386 1517 gallina
404 1482 506 1513 canat,
523 1476 720 1517 superiorem
738 1476 816 1516 (Ob-

81 1521 236 1549 stetricum
251 1524 305 1556 est,
321 1521 354 1550 in
378 1531 438 1560 qua
460 1521 543 1550 domo
563 1521 683 1561 gallina
704 1524 818 1556 cantat,

81 1565 279 1602 superstitem.
322 1562 393 1594 Lib.
432 1568 574 1603 uterque.
623 1564 819 1602 Superstitem

82 1615 207 1646 quoque
238 1612 327 1636 extat
351 1605 386 1636 in
418 1606 480 1637 Ms.
514 1606 550 1636 B.
582 1612 615 1637 et
644 1605 715 1636 edd.
746 1613 821 1636 ante

84 1647 212 1690 Steph.)
236 1648 352 1680 marito
377 1659 447 1680 esse
470 1659 613 1680 uxorem.
658 1651 823 1680 lnterdisit

82 1691 232 1733 hariolus]
259 1694 406 1724 Hau-inlus
421 1699 480 1730 est,
501 1692 556 1733 qui
579 1692 689 1723 divina
714 1699 822 1723 mente

82 1735 284 1766 vaticinatur.
330 1735 445 1766 Dictus
460 1737 601 1773 hariolus,
617 1735 707 1776 quasi
719 1735 821 1776 fario-

84 1780 140 1815 1us,
157 1789 175 1809 a
191 1778 264 1810 fatis
285 1785 317 1810 et
339 1789 358 1810 a
375 1779 488 1815 fand03
512 1789 610 1820 quum
624 1778 652 1820 f
666 1789 725 1820 pro
740 1780 769 1815 Ιι,
788 1785 820 1809 et

83 1821 160 1852 item
182 1824 202 1852 Ιι
224 1832 284 1863 pro
290 1821 320 1862 f,
338 1822 372 1853 in
396 1822 505 1853 multis
528 1822 742 1853 locutionibus
761 1832 820 1863 po-

84 1872 187 1896 natur.
227 1866 280 1896 An
305 1865 390 1906 quod
409 1865 576 1896 imitantur
594 1865 821 1908 aspirationem

82 1908 116 1938 in
139 1908 341 1939 exhalando?
365 1919 439 1939 nam
461 1909 563 1940 halitu
585 1909 690 1940 solent
710 1908 819 1940 exclu-

83 1951 160 1982 dere
177 1951 266 1983 velut
282 1951 447 1983 mortalem
463 1952 612 1988 animam,
629 1959 665 1983 ut
679 1951 821 1983 divinam

82 1994 260 2037 recipiant:
286 1995 370 2026 unde
396 2002 428 2026 et
451 2006 560 2027 vocem
585 1995 741 2036 ejusmodi
764 1996 820 2026 da-

83 2038 170 2075 bant,
187 2049 248 2079 que
264 2045 313 2070 est
327 2050 354 2070 σε
370 2037 445 2080 (pro
460 2050 493 2069 oe
514 2038 584 2070 edd.
602 2045 678 2070 vett.
701 2038 822 2069 habent

84 2083 120 2112 oh
136 2081 186 2112 vel
210 2084 256 2119 ho,
272 2089 329 2113 aut
343 2084 405 2113 hoc.
445 2082 569 2118 Malim,
585 2080 663 2124 ba):
686 2081 772 2123 quod
793 2093 821 2112 oe

83 2134 180 2156 sonus
193 2125 363 2156 exhalandi
380 2125 444 2156 vim
459 2131 598 2167 praestat.
635 2125 823 2157 D.-—-Inter-

82 2169 162 2199 dixit
176 2168 327 2210 hariolus]
353 2168 463 2210 Fingit
483 2179 604 2206 causas,
620 2169 736 2210 quibus
749 2178 823 2210 pro-

82 2211 239 2243 trahendo
254 2212 384 2254 nuptias
398 2212 521 2243 interea
536 2211 620 2243 votis
630 2211 822 2243 fruerentur.

86 2257 245 2295 Haruspex
265 2262 371 2287 autem
388 2261 420 2286 et
440 2257 573 2287 hariolus
587 2255 646 2286 hoc
662 2254 823 2293 differunt,

82 2297 167 2339 quod
181 2300 314 2330 hariolus
337 2299 460 2330 divinat
479 2298 519 2330 de
540 2298 697 2336 humanis,
712 2299 821 2329 harus-

79 2352 138 2381 pex
162 2341 203 2373 de
226 2341 352 2373 divinis.
394 2344 486 2373 Canis
507 2345 634 2379 intrans,
651 2348 684 2373 et
702 2343 823 2383 gallina

82 2390 208 2416 cantans
230 2385 349 2416 malum
367 2396 461 2416 omen
484 2385 676 2426 significant.
722 2385 820 2422 Ordo,

83 2429 232 2467 haruspex
247 2431 342 2460 vetuit
360 2431 427 2460 novi
442 2431 516 2470 quid
535 2431 647 2470 negotii
661 2433 732 2459 ante
748 2430 820 2459 bru-

83 2482 161 2502 mam
176 2473 316 2511 incipere.
348 2472 557 2503 E.—Gallina
581 2470 705 2512 cecinit]
732 2472 774 2503 Et
789 2471 823 2502 in

83 2513 224 2556 Apuleio
247 2524 305 2556 par
327 2522 512 2556 portentum
535 2521 693 2552 narratur,
716 2514 822 2546 Miles.

83 2556 138 2588 lib.
156 2556 200 2587 ix.
241 2559 308 2588 Una
321 2560 358 2589 de
370 2564 480 2589 coetera
494 2560 612 2589 cohorte
625 2560 754 2599 gallina,
767 2569 825 2598 per

86 2602 213 2631 mediam
233 2603 385 2632 cursitans
398 2613 508 2638 aream,
525 2604 663 2643 clangore
682 2603 822 2642 genuino,

84 2645 165 2674 velut
175 2654 256 2674 ovum
271 2655 378 2683 parere
387 2647 520 2685 gestiens
533 2646 723 2685 personabat.
747 2644 821 2675 Cle-

86 2697 178 2717 mens
199 2685 374 2717 Alexandr.
399 2687 548 2718 Stromat.
570 2688 624 2718 lib.
648 2687 701 2718 vii.
726 2687 821 2718 ἀλεκ-

83 2730 183 2770 τρυὼν
204 2728 403 2770 τρεφόμενος,
431 2729 484 2761 ἐὰν
506 2729 568 2761 ἀπὸ
593 2729 725 2771 ἑσπέρας
749 2730 822 2771 ἄσῃ,

85 2771 238 2811 τιθέμενοι
261 2773 355 2804 τοῦτο
380 2773 509 2811 σημεῖον
530 2771 623 2805 τινός.
668 2773 711 2804 Et
737 2783 823 2804 nuuc

84 2826 209 2857 quoque
245 2815 384 2847 anilibus
419 2815 638 2847 deliramentis
674 2815 823 2847 infatuati

83 2866 205 2895 rentur,
228 2858 257 2890 si
279 2858 382 2900 gallus
399 2858 522 2890 tristem
545 2869 658 2890 sonum
677 2858 824 2896 ediderit,

82 2902 134 2934 vel
148 2902 268 2943 gallina
282 2902 441 2938 mutarit:
465 2901 499 2934 id
519 2909 656 2933 mortem
671 2901 767 2933 alicui
783 2912 826 2933 ex

82 2945 213 2982 familia,
237 2951 294 2976 aut
320 2945 408 2977 rixas
437 2945 627 2995 significare.
671 2945 824 2982 Quando-

82 2988 212 3029 quidem
228 2995 336 3021 autem
359 2989 473 3021 harum
493 2988 688 3031 ineptiarum
703 2988 826 3021 mentio

860 394 984 434 incidit,
1007 406 1073 427 non
1094 396 1151 428 abs
1171 405 1208 427 re
1230 394 1375 434 arbitror,
1399 405 1471 437 quae
1492 394 1533 427 de
1560 394 1601 427 iis

862 439 948 480 apud
972 438 1053 470 duos
1078 438 1335 488 religiosissimos
1356 439 1503 471 doctores
1525 438 1589 480 legi

862 482 922 513 hoc
938 482 1007 513 loco
1021 482 1210 514 adscribere.
1236 482 1363 523 Sicitaq
1365 492 1405 514 ue
1417 482 1468 514 Jo.
1486 482 1599 524 Chrys.

865 525 986 556 Homil.
1013 525 1061 556 12.
1088 526 1121 556 in
1147 525 1235 556 Paul.
1259 526 1299 557 ad
1323 493 1441 580 Eqphes.
1464 535 1533 567 cap.
1556 525 1599 556 iv.

861 570 991 600 πολλῶν
1017 568 1168 608 δειμάτων
1193 569 1297 601 αὐτοῖς
1325 568 1346 607 ἡ
1372 568 1460 609 ψυχὴ
1485 567 1601 608 μεστή·

862 610 927 643 οἷον
954 613 971 643 ὑ
996 613 1081 643 δεινα
1103 624 1155 650 μοι
1175 613 1294 653 πρῶτος
1318 611 1468 652 ἐνέτυχεν
1490 610 1602 652 ἐξιόντι

861 656 919 692 τῆς
943 653 1059 687 viulas:
1084 653 1205 687 πάντως
1229 653 1321 696 μυρία
1347 655 1396 686 δεῖ
1418 654 1499 687 κακὰ
1520 667 1598 694 συμ-

862 699 983 730 πεσεῖν·
998 699 1052 729 νῦν
1072 700 1089 730 ὁ
1113 696 1235 736 οἰκέτης
1257 700 1274 729 ὁ
1295 697 1400 739 μιαρὸς
1420 698 1462 730 τὰ
1485 697 1598 736 ὑποδή-

862 753 947 780 ματα
961 740 1119 778 ἐπιδιδοὺς,
1135 743 1258 781 πρῶτον
1273 740 1357 782 ὄρεξε
1374 741 1412 773 τὸ
1428 739 1616 782 ἄριστερόν·’

863 785 1018 825 συμφοραὶ
1033 784 1126 815 δειναὶ
1136 784 1186 816 καὶ
1196 784 1309 825 ὕβρεις·
1334 785 1397 824 ἐγὼ
1407 783 1499 816 αὐτὸς
1515 785 1602 825 ἐξιὼν

862 828 907 867 τῷ
918 827 1068 869 ἀριστερῷ
1082 826 1220 868 προτέρῳ
1234 828 1374 867 προῦβην
1388 829 1433 868 τῷ
1445 826 1527 859 ποδί·
1549 827 1602 859 καὶ

861 872 956 902 τοῦτο
982 873 1148 912 συμφορῶν
1174 872 1314 909 σημεῖον·
1340 871 1391 902 καὶ
1418 872 1520 902 ταῦτα
1543 871 1602 910 μὲν

861 914 931 954 περὶ
946 914 1006 951 τὴν
1020 912 1119 945 οἰκίαν
1129 913 1169 945 τὰ
1182 912 1271 945 κακά,
1289 913 1345 954 ἔξω
1358 912 1391 945 δὲ
1409 912 1567 954 ἐξελθόντι
1583 915 1601 945 ὁ

862 955 1023 997 ὀφθαλμός
1045 969 1097 995 μοι
1123 958 1139 988 ὁ
1162 957 1259 996 δεξιὸς
1281 956 1419 988 κάτωθεν
1433 957 1597 998 ἆναπηδᾷε

862 999 1000 1041 δακρύων
1021 1001 1116 1031 τοῦτο
1128 1000 1305 1039 τεκμήριον·
1327 1000 1377 1031 καὶ
1400 1000 1433 1031 αἶ
1451 1002 1597 1039 ’γυναῖκες

861 1041 905 1079 δὲ,
922 1043 999 1074 ὅταν
1012 1043 1057 1082 τῷ
1073 1042 1215 1074 ιστόποδι
1228 1042 1517 1083 προσαρασσόμενοι
1529 1055 1600 1084 κρο-

860 1088 958 1118 τῶσιν
987 1086 1018 1117 οἱ
1045 1084 1190 1125 κάλαμοι,
1219 1085 1295 1118 ὅταν
1324 1086 1414 1117 αὗται
1441 1086 1483 1128 τῇ
1512 1086 1601 1118 κτενὶ

862 1131 1020 1161 σπαθῶσι·
1045 1130 1175 1168 σημεῖον
1195 1130 1290 1161 τοῦτο
1311 1141 1477 1160 ποιουνται.
1504 1127 1602 1160 πάλιν

862 1172 939 1204 ὅταν
959 1172 1020 1211 τὴν
1046 1171 1162 1213 κρόκην
1187 1173 1246 1204 τοῦ
1266 1172 1352 1204 κτενὶ
1374 1184 1476 1204 κατακ
1475 1171 1596 1213 ρούωσι,

863 1215 915 1247 καὶ
934 1215 1144 1257 σφοδρότερον
1157 1228 1251 1247 τουτο
1271 1214 1465 1257 ἐργάζονται·
1487 1214 1559 1247 εἶτα
1573 1215 1603 1247 οἱ

861 1259 976 1291 ἄνωθεν
998 1257 1133 1298 κάλαμοι
1160 1259 1218 1290 ὑπὸ
1241 1260 1299 1297 τῆς
1323 1257 1452 1290 ἐκτόνου
1473 1260 1602 1298 πληγῆς

861 1301 1292 1344 κροτῶσιπροσαρασσόμενοι
1305 1314 1350 1342 τφ
1365 1301 1523 1333 ιστόποδιι
1542 1313 1601 1340 ση-

859 1346 948 1386 μεῖον
962 1346 1056 1377 τοῦτο
1071 1346 1239 1377 ποιοῦνται.
1262 1345 1314 1376 καὶ
1328 1345 1421 1387 μυρία
1436 1357 1527 1387 ετερα
1543 1343 1600 1385 γε’-

861 1395 963 1421 λωτος
978 1388 1054 1428 ἄξια.
1077 1387 1168 1429 ndu*
1151 1400 1221 1420 υνος
1239 1387 1403 1429 ἂνακράξῃ,
1424 1387 1484 1430 κᾷν
1504 1388 1600 1420 ἄλεκ-

859 1432 967 1473 τρυὼν,
984 1431 1042 1473 κᾷν
1057 1420 1159 1486 πτάρῃ
1175 1444 1231 1468 τις,
1248 1430 1308 1472 κᾷν
1329 1432 1440 1469 ὁτιοῦν,
1463 1430 1602 1473 καθάπερ

859 1474 975 1515 μυρίοις
981 1463 1275 1514 δεδεμένοιδεσμοῖς,
1283 1474 1358 1515 ὅπερ
1365 1473 1454 1514 ἔφην,
1462 1472 1600 1515 καθάπερ

863 1519 896 1550 ἐν
911 1516 1017 1557 σκόπῳ
1032 1517 1247 1558 κατεχόμενοι,
1258 1515 1361 1548 πάντα
1380 1516 1597 1549 ὑποπτεύουσι.

863 1561 1034 1603 Augustin.
1051 1562 1091 1593 de
1107 1562 1190 1592 doct.
1206 1560 1324 1592 Christ.
1340 1560 1444 1592 lib.'1i.
1462 1571 1531 1602 cap.
1549 1562 1600 1592 20.

863 1616 935 1636 cum
945 1604 1046 1636 multa
1054 1604 1094 1635 de
1103 1615 1185 1636 vana
1192 1604 1363 1635 multorum
1374 1603 1602 1646 superstitione

863 1648 1006 1686 dixisset,
1022 1648 1068 1679 sic
1082 1647 1188 1679 addit:
1212 1649 1274 1679 His
1288 1648 1496 1689 adnguntur
1517 1649 1603 1679 milia

863 1693 1106 1722 inanissimarum
1120 1693 1355 1722 observationum
1367 1703 1378 1722 .·
1400 1693 1428 1722 si
1443 1692 1603 1722 membrum

865 1736 987 1776 aliquod
1013 1736 1140 1772 salierit,
1166 1736 1194 1765 si
1221 1734 1355 1775 junctim
1379 1735 1603 1766 ambulantibus

864 1781 969 1809 amicis
984 1780 1070 1818 lapis,
1086 1783 1141 1809 aut
1155 1780 1249 1815 canis,
1266 1782 1320 1808 aut
1332 1788 1411 1818 puer
1424 1779 1539 1808 medius
1553 1780 1603 1809 in-

864 1823 1034 1853 tervenerit.
1072 1823 1172 1861 Atque
1193 1822 1271 1852 illud
1291 1823 1371 1861 quod
1391 1822 1522 1860 lapidem
1537 1822 1602 1852 cal-

863 1870 942 1901 cant,
966 1870 1107 1904 tanquam
1129 1866 1317 1895 diremtorem
1337 1865 1486 1902 amicitie,
1505 1866 1604 1895 minus

863 1910 1014 1939 molestum
1029 1912 1083 1944 est,
1096 1918 1184 1948 quam
1195 1909 1273 1947 quod
1283 1909 1464 1938 innocentem
1476 1918 1603 1947 puerum

864 1953 986 1992 colapho
1003 1953 1187 1991 percutiunt,
1202 1952 1230 1981 si
1248 1952 1367 1990 pariter
1381 1951 1605 1982 ambulantibus

864 1996 1083 2025 intercurrerit.
1128 1995 1188 2024 Sed
1213 1995 1320 2024 bellum
1349 1998 1403 2029 est,
1434 1994 1513 2034 quod
1540 1995 1601 2024 ali-

864 2039 982 2079 quando
1001 2039 1090 2077 pueri
1110 2039 1302 2068 vindicantur
1322 2047 1343 2067 a
1363 2038 1511 2068 canibus.-
1533 2047 1604 2068 uam

859 2083 1035 2122 plerumque
1061 2085 1122 2111 tam
1146 2082 1347 2120 superstitiosi
1374 2084 1445 2111 sunt
1470 2081 1604 2120 quidam,

866 2130 902 2155 ut
926 2126 1016 2155 etiam
1046 2134 1157 2160 canem,
1182 2125 1234 2163 qui
1258 2125 1371 2154 medius
1399 2125 1604 2161 intervenerit,

856 2167 956 2208 serire
967 2168 1108 2204 audeant,
1118 2177 1175 2198 non
1186 2169 1321 2206 impume.
1351 2165 1396 2197 Et
1410 2171 1500 2207 post:
1517 2167 1603 2199 Hinc

865 2215 936 2242 sunt
958 2213 1049 2242 etiam
1074 2211 1131 2240 illa
1144 2222 1155 2240 .-
1185 2211 1274 2240 limen
1299 2210 1416 2240 calcare
1442 2219 1508 2240 eum
1532 2214 1604 2241 ante

866 2256 981 2285 domum
1001 2264 1086 2285 suam
1107 2255 1237 2284 transit.
1233 2265 1240 2272 ·
1263 2254 1363 2284 redire
1383 2253 1426 2284 ad
1444 2253 1560 2289 lectum,
1575 2254 1605 2285 n·

865 2300 932 2338 quis
953 2299 1023 2328 dum
1045 2307 1077 2327 se
1098 2298 1222 2334 calceat,
1243 2297 1478 2327 stemutaoenit:
1502 2297 1604 2328 redire

864 2343 979 2372 domum
1000 2341 1028 2370 si
1045 2340 1207 2380 procedens
1227 2339 1405 2379 offenderit:
1427 2349 1492 2370 cum
1513 2341 1605 2370 vestis

864 2395 883 2415 a
898 2385 1044 2415 soricibus
1058 2385 1186 2420 roditur,
1200 2384 1269 2422 plus
1284 2384 1389 2414 timere
1410 2383 1606 2422 suspicionem

854 2426 961 2467 suturi
982 2428 1063 2463 mali,
1079 2437 1167 2467 quam
1187 2436 1319 2465 praesens
1333 2427 1472 2456 damnum
1493 2426 1602 2457 dolere.

867 2471 940 2502 Vid.
964 2469 1155 2501 Theodoret.
1179 2469 1274 2510 Epm.
1299 2469 1474 2506 ἑλληνικῶν
1486 2470 1604 2508 παθημ.

866 2513 920 2545 lib.
936 2513 978 2544 vi.
1001 2523 1032 2555 p.
1051 2514 1101 2544 88.
1140 2511 1337 2552 Hujusmodi
1359 2521 1436 2553 ergo
1456 2518 1607 2562 portenta

866 2564 1008 2588 monstra
1029 2566 1103 2587 cum
1125 2555 1303 2593 evenirent,
1325 2554 1379 2596 qui
1401 2564 1439 2586 su
1482 2554 1606 2587 ratitiov

866 2600 967 2632 siores
994 2605 1095 2637 erant,
1126 2598 1233 2630 statim
1270 2598 1313 2629 ad
1347 2597 1486 2629 harioos
1515 2597 1604 2631 abire

865 2643 1019 2680 solebant,
1041 2649 1137 2683 atque
1164 2642 1205 2672 ab
1226 2640 1291 2672 illis
1312 2640 1482 2672 consilium

867 2693 942 2718 tere.
974 2685 1135 2739 Tbeophr.
1158 2684 1228 2725 περὶ
1251 2685 1413 2723 &icauna
1449 2683 1525 2716 Ἐὰν
1545 2685 1606 2724 piis

866 2728 1003 2761 θύλακον
1017 2727 1160 2768 ἀλφίτων
1171 2696 1319 2768 διαφάγῃ,
1328 2726 1405 2768 πρὸς
1417 2725 1475 2759 τὸν
1489 2728 1603 2768 ἐξηγη-

866 2772 926 2810 τὴν
948 2772 1048 2803 ἐλθὼν
1063 2771 1180 2812 ἐρωτᾷν
1192 2770 1224 2802 τὶ
1239 2770 1303 2812 χρὴ
1316 2770 1606 2812 ποιεῖν.1ᾱεοιιιιρ

866 2815 956 2847 addit
976 2813 1148 2846 Terentius
1168 2815 1330 2845 interdixit
1344 2815 1466 2846 motus.
1503 2813 1558 2850 Sic
1571 2821 1607 2847 et

866 2859 901 2890 in
918 2857 1025 2890 Plauti
1046 2857 1156 2889 Sticho
1175 2856 1221 2888 iii.
1239 2858 1268 2888 2.
1288 2858 1316 2888 1.
1340 2856 1605 2907 Gelasigmnpu-

866 2901 984 2933 rasitus
1007 2901 1042 2932 in
1064 2910 1101 2932 re
1121 2899 1218 2932 simili
1242 2900 1430 2954 aruspicum
1448 2899 1547 2938 libro·
1564 2911 1608 2935 ae

867 2944 1066 2976 consuluisse
1087 2943 1184 2976 dicit.
1207 2945 1301 2976 libra
1314 2945 1440 2986 ιἰυρειί,
1455 2948 1518 2977 εα-
1534 2955 1604 2978 σοι·

859 2990 934 3029 fido,
948 2998 1038 3030 quan
1044 2991 1158 3062 potest.
1188 2987 1226 3019 L.

1077 3039 1096 3061 ι.
