1852 3216
74 122 286 178 scaNAr]

672 121 988 165 HECYRA.

1513 122 1597 164 487

129 213 203 254 An
221 213 321 268 quia
340 212 429 254 ruri
449 213 601 255 erebro
620 227 716 254 esse
737 211 869 262 soleo,
890 211 1056 254 nescire
1076 211 1339 253 arbitramini

130 277 232 333 Quo
250 278 432 333 quisque
454 285 582 332 pacto
602 277 672 320 hic
693 278 821 320 vitam
840 284 1082 319 vostrorum
1103 277 1280 332 exigat?

73 352 115 385 20
130 343 277 386 Multo
297 343 446 385 melius
467 343 537 386 hic
558 358 654 399 quae
673 343 797 394 fiunt,
815 359 943 399 quam
962 342 1046 386 illic
1064 344 1138 385 ubi
1161 358 1253 385 sum
1272 342 1460 392 assidue,
1483 341 1597 384 scio:

129 409 236 451 Ideo
255 410 369 464 quia,
392 417 439 450 ut
459 424 533 451 vos
554 409 656 450 mihi
677 409 791 451 domi
811 410 944 459 eritis,
965 409 1146 464 proinde
1164 424 1245 464 ego
1263 424 1337 451 ero
1353 408 1464 450 fama
1479 408 1602 450 foris‚·

86 498 105 519 a
126 474 395 530 «Iampridem
415 475 613 530 equidem
633 476 775 517 audivi
794 475 960 530 cepisse
979 475 1125 516 odium
1145 475 1207 515 tui
1229 474 1550 516 Philumenam:

128 539 392 595 Minimeque
414 541 523 581 adeo
543 541 693 582 mirum
709 556 718 582 :
750 547 808 590 et,
826 540 869 581 ni
884 540 928 582 id
947 539 1134 590 fecisset,
1152 541 1287 594 magis
1303 540 1455 581 mirum
1471 539 1599 582 foret.

130 604 219 650 Sed
237 620 322 647 non
344 606 508 647 credidi
528 605 652 656 adeo,
670 613 718 647 ut
738 607 864 647 etiam
886 613 1018 647 totam
1038 605 1149 647 hanc
1172 606 1334 647 odisset
1355 606 1529 647 domum
1542 621 1556 646 ⁴.

73 678 114 708 25
133 669 265 718 Quod
287 671 322 711 si
344 671 532 720 scissem,
554 669 625 711 illa
643 670 713 713 hic
733 679 923 713 maneret
943 671 1102 726 potius,
1124 677 1171 712 tu
1192 670 1292 713 hinc
1311 671 1419 712 isses
1441 671 1571 713 foras.

130 734 193 777 At
224 736 337 786 vide,
365 751 492 791 quam
523 737 730 778 immerito
762 736 975 791 aegritudo
1006 735 1100 778 haec
1134 736 1270 778 oritur
1300 736 1403 778 mihi
1433 738 1511 779 abs
1541 744 1602 788 te,

220 801 416 843 Sostrata
432 818 442 843 :

77 890 122 921 Et
142 892 220 931 lupis
245 900 408 931 nunquam
429 890 528 927 utilis,
554 890 617 921 nisi
644 891 684 921 ad
706 890 815 928 telum,

75 944 171 974 quem
192 934 293 975 magis
316 934 356 964 ad
382 933 532 974 injuriam
556 933 684 974 delegit.
731 934 815 965 Nam

76 987 189 1007 saxum
205 977 328 1013 melius,
341 987 435 1017 quam
449 976 540 1017 lapis.
570 976 625 1013 Ut,
638 976 727 1017 Virg.
739 976 815 1007 AEn.

75 1020 120 1050 xi.
140 1022 208 1051 131.
244 1022 380 1060 Saxaque
396 1022 569 1050 subvectare
584 1021 723 1051 humeris.
758 1021 815 1057 Tu,

75 1064 206 1103 inquam,
230 1063 353 1104 mulier]
379 1062 431 1094 Sic
454 1062 636 1104 Euripides,
660 1063 815 1094 Androm.

77 1107 128 1137 85.
160 1106 290 1138 Πολλὰς
312 1105 352 1137 ἂν
372 1106 470 1146 εὕροις
490 1104 646 1145 μηχανάς·
660 1105 740 1145 ’γυνὴ
756 1105 818 1147 ’γὰρ

77 1148 123 1180 εἶτ
139 1156 174 1180 et
190 1150 279 1190 Virg.
298 1150 372 1180 AEn.
389 1149 430 1180 iv.
449 1149 520 1180 569.
538 1151 653 1180 varium
673 1155 703 1180 et
717 1155 817 1180 muta-

78 1194 136 1223 bile
142 1204 255 1233 semper
262 1195 394 1224 Femina.
402 1194 562 1232 >Lapidem,
570 1194 652 1223 haud
657 1192 817 1234 hominem]

78 1235 255 1273 Sufficeret,
279 1238 408 1276 lapidem
434 1241 527 1276 putas
538 1249 548 1266 .·
586 1236 642 1267 sed
673 1236 712 1267 de
748 1242 814 1267 sto-

76 1279 199 1316 macho,
216 1281 298 1310 haud
312 1282 465 1315 hominem,
479 1279 622 1310 additum
635 1285 693 1310 est.
720 1278 815 1310 Plau-

78 1328 139 1359 tus,
159 1322 231 1354 Mil.
253 1322 286 1353 ii.
304 1324 332 1353 2.
350 1325 400 1354 80.
439 1324 542 1353 Herus
563 1333 645 1353 meus
666 1324 818 1362 elephanti

78 1369 158 1396 corio
175 1368 384 1397 circumtectus
403 1371 458 1401 est,
477 1377 534 1396 non
549 1376 610 1396 suo.
655 1367 751 1396 Haud
766 1367 818 1396 ho·

78 1411 185 1440 minem
205 1408 312 1449 putas]
335 1408 389 1439 Ἐν
410 1409 486 1445 ἤθει.
519 1408 571 1439 Sic
594 1408 818 1450 Apollodorus,

80 1451 120 1483 σὺ
148 1451 188 1491 μὲ
217 1450 417 1483 παντάπασιν
446 1454 465 1473 ⁸
496 1452 624 1482 eHCA‘r
651 1450 819 1493 (ἡγήσαιο)

78 1493 177 1526 λίθον.
210 1495 355 1532 1).-Τιι,
371 1497 501 1535 inquam,
514 1494 637 1536 mulier]
653 1495 819 1535 Tanquam

79 1538 167 1569 solus
182 1548 282 1569 senex
297 1537 400 1579 (sexus
423 1537 477 1578 Z.)
494 1538 640 1569 sufficere
658 1539 760 1579 possit
779 1538 819 1569 ad

78 1581 210 1618 crimen,
227 1588 259 1612 et
280 1582 348 1612 haec
364 1588 441 1612 aetas
461 1591 524 1621 qua
545 1581 660 1612 mulier
675 1588 732 1612 est.
780 1581 819 1612 Id

80 1624 150 1665 (Sic
173 1624 227 1666 Z.)
243 1624 329 1656 enim
346 1624 437 1665 Virg.
455 1624 531 1655 AEn.
548 1624 590 1655 iv.
608 1625 680 1655 569.
703 1627 820 1656 varium

78 1673 111 1699 et
133 1670 276 1699 mutabile
303 1679 416 1708 semper
438 1670 572 1699 Femina.
605 1668 689 1699 E.—-
699 1669 753 1706 Tu,
770 1671 818 1699 in-

79 1722 178 1751 quam,
195 1710 318 1752 mulier]
335 1711 525 1742 Convicium
541 1710 695 1742 sollemne
710 1711 745 1742 in
768 1722 818 1742 se-

80 1754 226 1794 quiorem
248 1764 370 1792 sexum,
387 1756 502 1785 mulier.
541 1754 645 1785 Plaut.
662 1754 770 1785 Casin.
787 1754 820 1786 ii.

87 1799 118 1828 2.
147 1797 197 1828 36.
234 1799 255 1828 Ι
273 1795 372 1837 sorus,
402 1800 510 1828 mulier
536 1808 577 1828 es.
609 1797 755 1839 Euripid.
776 1796 823 1829 'n

83 1839 289 1879 παγκακίστη
301 1839 352 1871 καὶ
364 1839 455 1879 γυνή·
470 1841 502 1871 τί
512 1839 574 1881 ’γὰρ
588 1839 693 1879 λέγων
709 1839 825 1880 Μεῖζον

85 1882 124 1915 σὲ
138 1883 253 1915 ὄνειδος
269 1882 383 1923 ἐξείποι
397 1883 445 1915 τὶς
461 1883 521 1915 etv?
554 1883 710 1914 Carcinus
723 1884 822 1925 tragi-

83 1937 142 1958 cus
156 1927 242 1968 apud
258 1927 375 1957 Athen.
391 1926 526 1968 Dipnos.
542 1926 596 1957 lib.
609 1926 678 1958 xiii.
693 1925 739 1957 'n
755 1928 823 1964 Ζεῦ,

85 1969 118 2001 τί
131 1970 195 2011 χρὴ
214 1970 363 2009 ’γυναῖκας
379 1971 509 2009 ἐξειπεῖν
524 1969 621 2001 κακὸν
641 1969 772 2011 Ἀρκοῦν
786 1969 825 2001 ἂν

82 2012 145 2051 -εἵη,
174 2011 234 2054 κᾷν
262 2013 383 2052 ’γυναῖκ’
411 2013 499 2055 εἴπῃς
523 2011 639 2052 μόνονῖ
679 2013 825 2045 L.—Pro

83 2067 176 2097 egone
192 2057 217 2088 F
219 2056 318 2094 aex-ni,
336 2067 448 2088 versus
469 2056 610 2098 postulat
630 2057 724 2097 egon',
741 2057 825 2098 quod

83 2100 205 2141 passim
221 2100 369 2131 occurrit.
401 2100 438 2130 B.

133 2144 181 2174 18.
198 2145 258 2181 An,
274 2145 346 2184 quia
361 2145 428 2174 ruri
443 2154 504 2174 esse
520 2145 623 2174 crebro
637 2142 730 2183 soleo]
751 2143 824 2174 Me-

85 2196 158 2217 mor
187 2186 237 2217 sui
267 2192 324 2224 est,
348 2186 401 2227 qui
429 2186 565 2223 dixerat,
588 2197 642 2217 rus
668 2188 733 2217 abii
755 2185 825 2227 (rus

85 2231 207 2261 abdidit
219 2230 276 2269 se).
300 2229 439 2261 D.--ob
451 2240 579 2261 versum
593 2235 626 2260 et
637 2229 825 2261 auctoritate

86 2272 185 2304 trium
200 2273 290 2304 codd.
303 2283 433 2315 repone,
449 2275 499 2304 An
515 2275 586 2314 quia
601 2275 667 2304 ruri
682 2283 744 2304 esse
759 2284 823 2304 cre-

89 2318 141 2347 bro
155 2318 240 2347 soleo.
272 2317 310 2347 Β.

134 2360 182 2390 19.
209 2361 273 2393 Quo
293 2362 416 2401 quisque
435 2365 525 2400 pacto
544 2361 593 2390 hic
607 2361 699 2390 vitam
714 2364 825 2390 vestro-

86 2401 171 2443 rum]
193 2404 372 2440 Vestrorum,
384 2413 443 2444 pro
458 2408 586 2434 vestrum
596 2415 607 2432 .·
630 2402 675 2433 sic
691 2409 826 2434 veteres-

86 2445 244 2476 D.-Alii
267 2451 441 2477 vestrarum.
487 2446 549 2477 Sed
572 2445 676 2477 retine
695 2445 827 2486 vulgare

86 2493 259 2525 vestrorum,
266 2494 302 2519 ut
310 2495 479 2530 utrumque
485 2499 598 2520 sexum
604 2488 774 2530 intelligas.
790 2489 828 2520 Β.

133 2532 183 2561 20.
207 2532 306 2562 Multo
326 2534 430 2563 melius
451 2534 500 2563 hic
522 2543 588 2573 quae
601 2532 700 2573 fiunt]
717 2531 826 2572 ‘'rvi-ep-

89 2574 176 2615 βολῇ
197 2584 274 2605 usus
296 2581 365 2605 est:
397 2581 433 2606 ut
453 2575 488 2606 in
511 2575 678 2616 Adelphis,
699 2577 750 2606 An
772 2587 828 2606 non

86 2619 175 2657 prius
190 2619 260 2648 totis
273 2628 326 2648 sea·
345 2620 492 2649 mensibus
513 2617 674 2658 offecissem
687 2621 703 2649 ?
742 2618 828 2649 D.—

92 2660 156 2691 Pro
170 2662 236 2690 illic
249 2670 322 2691 cum
345 2660 475 2692 Mureto
494 2660 565 2702 lege
580 2663 638 2699 illi,
654 2661 739 2702 quod
754 2671 826 2692 ver-

85 2714 145 2735 sus
161 2703 314 2744 exposcit.
347 2703 384 2734 B.

134 2747 185 2777 21.
209 2748 281 2777 Ideo
302 2748 383 2787 quia,
399 2752 434 2778 ut
455 2758 504 2778 vos
525 2748 600 2777 mihi
620 2748 698 2778 domi
720 2745 824 2787 eritis]

88 2789 178 2821 Mire
191 2789 368 2826 confirmat,
382 2790 467 2820 unde
479 2788 575 2821 sciat:
601 2799 642 2820 ne
653 2789 829 2831 suspiciose

88 2833 213 2864 crimen
229 2832 366 2873 objicere
382 2832 553 2864 videretur.
579 2832 623 2863 Et
638 2832 719 2863 bene
734 2834 808 2863 mihi
818 2845 828 2864 .-

88 2876 166 2917 quia
179 2876 388 2907 commoditas
403 2875 532 2907 familiae
547 2875 588 2906 ad
603 2875 689 2907 hunc
709 2875 829 2907 redun-

87 2919 205 2951 datura
226 2925 284 2951 est.
330 2919 411 2951 D.-
420 2919 509 2957 Quia,
532 2924 568 2950 ut
587 2929 637 2950 vos
657 2920 732 2950 mihi
752 2920 831 2950 domi

91 2964 188 3001 eritis,
208 2964 305 3003 proin'
323 2974 377 3004 ego
402 2974 452 2995 ero
469 2961 560 3003 sama
579 2961 678 3003 foris]
704 2961 830 2994 Idcirco

860 890 1032 932 diligenter
1047 896 1080 921 et
1095 896 1188 922 caute
1202 896 1342 922 vestram
1358 891 1457 923 vitam
1473 892 1507 923 in
1522 893 1603 924 urbe

860 933 1126 965 commorantium
1142 944 1220 974 rogo
1234 939 1329 974 atque
1342 941 1503 976 pertracto
1517 936 1601 976 (per-

859 982 976 1007 scrutor
1000 975 1054 1017 Z.)
1073 976 1148 1017 quia
1162 976 1297 1017 proinde
1314 984 1350 1008 ut
1365 989 1421 1009 vos
1437 978 1523 1010 domi
1539 978 1603 1010 eri-

860 1020 912 1057 tis,
929 1019 974 1050 ita
990 1030 1041 1050 me
1057 1020 1167 1060 opinio
1183 1026 1216 1050 et
1231 1019 1315 1050 fama
1328 1021 1439 1062 populi
1455 1032 1604 1053 sermone

860 1063 1042 1094 celebrabit.
1069 1062 1355 1104 E.——-Famasoris]
1375 1065 1413 1095 V.
1432 1064 1467 1095 C.
1482 1076 1539 1105 pro
1544 1064 1605 1105 ,fa-¹

860 1118 909 1137 ma
929 1105 1020 1146 foris.
1049 1106 1225 1137 L.-Unus
1238 1106 1307 1137 cod.
1322 1109 1400 1138 do'mi
1413 1110 1487 1138 mihi
1496 1110 1603 1143 eritis,-

860 1155 947 1180 recte
960 1161 967 1180 z
992 1149 1111 1191 quippe
1127 1151 1206 1180 domi
1220 1149 1255 1180 in
1270 1149 1336 1180 ictu
1352 1160 1421 1181 esse
1437 1151 1540 1182 debet.
1566 1152 1602 1183 B.

906 1194 956 1223 22.
976 1192 1096 1224 Pridem
1108 1194 1243 1233 equidem
1254 1195 1358 1224 audivi
1369 1196 1492 1234 coepisse
1504 1196 1604 1226 odium

861 1238 906 1267 tui
936 1235 1161 1276 Philumenam]
1198 1235 1306 1267 Primo
1342 1237 1521 1278 objurgatio
1555 1243 1606 1269 est

861 1279 1022 1316 Sostratae,
1035 1289 1093 1310 cur
1106 1289 1171 1310 non
1184 1285 1271 1310 amet
1282 1289 1410 1311 nurum.
1446 1281 1604 1319 Secundo,

861 1332 918 1353 cur
940 1332 1005 1352 non
1029 1328 1154 1353 ametur
1169 1332 1188 1352 a
1203 1332 1297 1353 nuru.
1335 1323 1457 1360 Tertio,
1474 1334 1532 1355 cur
1548 1335 1603 1356 us-

861 1375 922 1406 que
945 1365 1024 1396 adeo
1048 1365 1155 1404 (adde,
1171 1363 1223 1406 ut)
1238 1365 1345 1406 puella
1361 1372 1463 1408 nupta
1478 1368 1606 1399 deserat

863 1408 1003 1439 domum.
1035 1408 1076 1439 D.

907 1453 957 1482 23.
974 1453 1157 1492 Minimeque
1169 1453 1243 1482 adeo
1253 1451 1378 1493 mirum]
1392 1452 1476 1484 Satis
1487 1463 1606 1492 amare,

863 1505 921 1536 pro
943 1494 1059 1526 merito
1081 1494 1160 1525 dicit
1181 1494 1302 1532 odium,
1320 1502 1432 1527 contra
1453 1496 1605 1529 meritum

862 1547 1086 1578 amoremque:
1123 1537 1220 1569 simul
1242 1545 1374 1569 excusat
1392 1549 1519 1577 nurum,
1535 1550 1607 1581 quae

863 1581 966 1612 oderit
986 1581 1083 1612 talem
1103 1591 1250 1612 socrum:
1278 1588 1311 1612 et
1325 1581 1422 1613 simul
1436 1583 1606 1624 praevenit,

865 1624 947 1659 Quid
961 1626 988 1655 si
1000 1635 1057 1655 non
1069 1626 1141 1655 laesa
1152 1630 1206 1662 est,
1220 1627 1274 1656 sed
1284 1627 1350 1656 odio
1361 1636 1406 1656 me
1418 1628 1508 1657 habet
1519 1629 1536 1657 Ρ
1560 1627 1602 1657 D.

862 1669 959 1704 -ΕΙ,
981 1669 1014 1698 ni
1035 1669 1070 1698 id
1084 1666 1221 1708 fecisset,
1247 1670 1345 1709 magis
1374 1671 1481 1700 mirum
1501 1668 1605 1711 soret]

864 1711 956 1742 Adeo
998 1710 1046 1742 tui
1086 1721 1192 1742 mores
1237 1712 1306 1742 noti
1347 1711 1506 1751 omnibus,
1546 1713 1606 1751 uti,

865 1754 950 1795 quod
971 1753 1080 1796 puella
1098 1754 1208 1795 jurgio
1234 1754 1391 1792 discessit,
1413 1755 1531 1787 mirum
1553 1756 1607 1794 sit,

867 1797 984 1828 mirum
1007 1797 1110 1838 magis
1132 1803 1190 1834 est,
1213 1803 1245 1828 et
1272 1796 1469 1839 (discesserit,
1499 1801 1608 1830 mirum

865 1851 923 1871 non
944 1843 985 1871 sit
997 1853 1009 1875 ‚·
1038 1842 1146 1871 mirum
1167 1843 1264 1881 magis
1285 1846 1370 1878 esset,
1393 1840 1450 1882 Z.)
1472 1841 1500 1873 si
1521 1841 1608 1874 inter

867 1893 924 1915 vos
939 1882 1081 1914 amicitia
1095 1889 1325 1924 perseveraret.
1357 1884 1396 1914 E.
1606 1907 1609 1909 .

858 1968 886 2010 f
911 1927 961 1957 24.
979 1928 1040 1957 Sed
1058 1937 1115 1957 non
1127 1928 1243 1958 credidi
1258 1926 1349 1968 adeo]
1365 1927 1474 1966 Deest,
1489 1938 1608 1960 oeuram

881 1971 968 2000 uisse.
1001 1969 1042 2000 D.
1605 1973 1607 1975 '

912 2013 962 2043 26.
978 2014 1022 2043 At
1036 2013 1112 2049 vide,
1125 2023 1214 2053 quam
1228 2014 1375 2044 immerito
1385 2015 1534 2054 agritudo
1544 2017 1609 2046 haee

868 2058 941 2086 mihi
963 2058 1060 2086 oritur
1081 2057 1135 2086 abs
1158 2061 1196 2093 te,
1217 2055 1373 2097 Sostrata]
1392 2057 1523 2089 Ἢθικῶς
1535 2065 1610 2100 post

867 2109 972 2130 acrem
988 2098 1203 2130 invectionem
1219 2099 1361 2140 seipsum
1376 2100 1556 2139 miseratur,
1572 2107 1610 2133 ut

867 2141 1022 2173 invidiam
1055 2142 1143 2173 durae
1175 2141 1411 2174 inclamationis
1440 2143 1476 2175 in
1505 2143 1610 2186 ipsam

867 2191 1042 2216 convertat.
1075 2185 1128 2216 Sic
1143 2185 1178 2215 in
1194 2185 1328 2223 Andria,
1341 2188 1408 2226 Age
1423 2198 1501 2218 nunc
1513 2199 1524 2218 .·
1537 2187 1609 2228 jam

868 2240 921 2270 ego
932 2229 985 2268 pol
999 2230 1094 2265 hodie,
1109 2231 1136 2259 si
1151 2230 1224 2266 vivo,
1240 2230 1298 2259 tibi
1320 2231 1490 2267 Ostendam,
1505 2232 1610 2262 herum

869 2273 943 2312 quid
956 2273 997 2302 sit
1008 2273 1117 2311 pericli
1124 2270 1248 2312 fallere.
1274 2272 1318 2303 Et
1332 2272 1495 2311 continuo,
1514 2275 1608 2306 Chre-

869 2326 924 2352 me,
940 2316 1090 2346 Pietatem
1102 2317 1216 2356 gnati!
1238 2326 1331 2346 nonne
1347 2321 1375 2346 te
1388 2318 1508 2347 miseret
1522 2319 1580 2348 mei
1592 2320 1609 2349 ?

873 2359 1003 2389 Tantum
1026 2360 1155 2389 laborem
1180 2369 1287 2398 capere
1312 2360 1348 2389 ob
1372 2361 1461 2390 talem
1478 2361 1579 2399 filium
1593 2364 1610 2392 ?

873 2401 970 2436 Quam
991 2404 1137 2433 immerito
1158 2404 1307 2442 aegritudo
1325 2403 1388 2433 haec
1413 2404 1511 2433 oritur
1535 2406 1611 2436 mihi

870 2446 926 2476 abs
941 2450 979 2483 te,
994 2443 1148 2485 Sostrata]
1164 2444 1336 2485 Postquam
1352 2445 1392 2476 de
1406 2444 1524 2486 injuria
1538 2446 1611 2479 dix-

871 2487 907 2526 it,
930 2488 971 2518 de
993 2498 1131 2529 persona
1150 2489 1219 2528 ejus
1234 2489 1325 2528 cujus
1340 2488 1424 2519 fama
1439 2494 1497 2527 est,
1513 2489 1547 2520 id
1562 2495 1612 2522 est

872 2533 891 2553 ὓ
915 2541 988 2562 cum
1012 2531 1135 2571 (Forte,
1151 2531 1238 2572 cujus
1250 2530 1340 2571 sama
1358 2533 1562 2571 periclitatur,
1577 2536 1614 2566 id

871 2579 925 2612 est,
938 2585 1002 2611 sua,
1019 2585 1098 2605 nune
1111 2573 1255 2614 injuriam
1270 2576 1400 2605 ostendit
1414 2574 1477 2616 Z.).
1501 2577 1610 2618 AEgri-

871 2620 942 2648 tudo
957 2619 1020 2648 haee
1035 2617 1150 2658 oritur]
1177 2619 1293 2655 Oritur,
1309 2623 1342 2648 et
1356 2618 1612 2658 magnitudinem

870 2660 918 2691 rei
930 2660 1100 2701 significat,
1113 2667 1145 2691 et
1157 2660 1363 2701 repentinum
1375 2660 1550 2703 impetum:
1573 2666 1612 2696 ut

870 2713 977 2744 supra,
997 2705 1042 2734 Tu
1056 2705 1119 2734 sola
1134 2714 1262 2734 exorere.
1287 2703 1418 2735 D.-—Et
1432 2706 1509 2742 vide,
1522 2715 1612 2747 quan

870 2748 1016 2778 immerito
1030 2757 1056 2777 ιε
1099 2748 1179 2777 ‘tudo
1193 2748 1256 2777 haec
1267 2749 1384 2777 oriatur
1394 2749 1476 2786 mihi,
1489 2749 1609 2782 Sostra»

873 2795 914 2827 ta,
938 2791 992 2820 abs
1014 2794 1042 2820 te
1085 2789 1200 2820 Omnis
1226 2789 1387 2822 accusatio
1409 2791 1612 2827 concluditur

872 2831 1034 2873 qualitate,
1051 2831 1136 2872 quod
1150 2842 1216 2863 non
1235 2832 1350 2864 merito
1371 2839 1493 2866 tantam
1514 2836 1608 2878 aegri-

872 2875 1018 2906 tudinem
1040 2875 1111 2906 seni
1136 2874 1257 2912 fecerit,
1279 2886 1353 2907 cum
1378 2877 1498 2917 junxit,
1525 2880 1611 2920 quod

873 2929 928 2950 rus
950 2917 1141 2956 discesserit,
1158 2924 1195 2950 ut
1215 2918 1281 2950 illic
1303 2918 1471 2959 habitaret,
1485 2923 1611 2963 asserit,

873 2968 910 2993 ut
931 2967 964 2993 et
985 2961 1203 3004 voluptatibus
1231 2972 1350 3002 earum,
1375 2973 1447 3005 quae
1470 2963 1506 2997 in
1531 2967 1612 2999 urbe
