1852 3216
88 164 227 202 scmtu
251 160 301 215 1.]

703 158 1009 202 ANDRIA.

1571 165 1629 204 23

201 249 318 291 Hinc
338 247 422 290 illae
441 247 665 299 lacrumae3
697 247 794 290 haec
812 247 938 290 illa’st
958 249 1264 291 misericordia.

120 322 181 352 100
206 313 282 355 So.
315 312 459 360 Quam
479 314 624 363 timeo,
645 327 851 367 quorsum
869 313 1045 354 evadas.
1097 313 1162 354 St.
1194 313 1345 355 Funus
1365 315 1533 356 interim

202 377 431 419 Procedit:
464 377 705 432 sequimur:
736 377 1094 433 adsepulchrum
1114 378 1330 419 venimus:

200 442 251 484 In
272 442 414 497 ignem
434 441 653 497 posita'st:
684 440 827 483 fletur.

879 441 1052 484 Interea
1072 441 1167 484 haec
1188 456 1326 492 soror,

200 507 345 554 Quam
367 506 473 556 dixi,
493 506 551 547 ad
572 505 782 547 flammam
804 507 986 548 accessit
1004 506 1337 562 imprudentiuS,

202 570 318 612 Satis
339 585 436 612 cum
456 569 632 625 periclo.
684 569 752 611 Ibi
772 577 862 612 tum
882 571 1152 613 exanimatus
1173 570 1427 625 Pamphilus

118 644 177 673 105
204 636 325 678 Bene
346 634 659 682 dissimulatum
679 649 866 677 amorem
885 643 929 678 et
948 635 1132 678 celatum
1151 635 1326 677 indicat.

199 699 430 742 Accurrit:
461 699 646 740 mediam
669 699 888 741 mulierem
910 699 1236 755 complectitur:

201 764 307 806 Mea
328 762 595 818 Glycerium,
616 764 771 818 inquit,
792 764 898 818 quid
918 765 1043 819 agis?
1074 778 1153 806 cur
1173 771 1217 806 te
1237 764 1274 805 is
1291 764 1540 819 perditum?

86 874 211 910 tricem,
227 873 312 914 quod
333 879 398 904 tam
421 872 622 904 familiariter
637 873 678 904 ad
700 873 833 914 Chrysi-

85 917 161 947 dem
183 927 219 947 se
241 916 428 958 applicant,
450 916 536 956 quod
559 916 629 955 ejus
651 922 717 946 tam
740 916 832 946 fami-

86 959 211 990 liariter
232 958 325 990 fleret
346 958 525 989 interitum.
572 958 646 988 Hoc
671 964 721 988 est
746 958 834 989 enim

86 1002 172 1042 quod
187 1001 281 1038 dixit,
298 1002 381 1032 Hinc
398 1003 461 1031 illae
477 1003 628 1031 lacrunae.
667 1001 732 1031 Sed
754 1011 833 1041 quo-

86 1044 174 1075 niam
189 1043 294 1075 adhuc
309 1053 408 1085 parva
423 1042 566 1084 suspicio
579 1051 637 1079 est,
650 1043 768 1083 adjecit
781 1053 834 1074 ar-

85 1093 250 1127 gumenta.
283 1086 525 1117 E.—Pereioesit
540 1085 636 1126 illico]
656 1086 708 1116 lta
722 1086 834 1117 Dona-

86 1135 140 1160 tus
155 1135 188 1159 et
202 1134 280 1160 vett.
297 1138 419 1160 omnes.
436 1128 533 1169 Vulg.
551 1130 713 1159 Pereia-tit.
746 1129 784 1159 L.

129 1172 183 1203 99.
213 1173 299 1203 Hine
320 1173 384 1202 illae
407 1170 566 1211 laerumae]
592 1173 686 1208 Hine,
709 1181 752 1202 ex
773 1172 834 1202 hac

85 1224 193 1245 causa.
235 1213 389 1245 D.—Pro
414 1216 485 1244 hine
513 1213 585 1255 lege
621 1216 694 1245 haee.
748 1214 836 1245 Nam

87 1262 301 1298 praeterquam
328 1256 414 1297 quod
440 1262 507 1287 tres
528 1256 620 1287 codd.
643 1256 691 1287 ita
711 1256 834 1297 legunt,

87 1299 182 1330 aliter
203 1309 316 1330 versus
334 1298 510 1330 sustentari
533 1299 657 1339 nequit,
679 1299 743 1330 nisi
766 1309 834 1330 am-

87 1342 239 1383 plectaris
252 1341 468 1372 archaismuru
483 1344 547 1372 haee
562 1352 622 1383 pro
636 1344 693 1372 lue.
726 1342 764 1372 B.

134 1386 204 1415 100.
231 1386 328 1417 Quam
350 1383 456 1424 tineo]
481 1383 557 1414 Non
580 1383 709 1414 videtur
730 1384 835 1415 adhuc

89 1426 190 1457 Sosiae
203 1426 337 1468 plenum
352 1426 472 1457 amoris
486 1433 711 1467 argumentum
723 1439 731 1462 ;
755 1426 836 1457 adeo

88 1469 211 1510 pendet
236 1469 277 1499 ad
307 1478 346 1499 ea
375 1478 447 1509 quat·
475 1468 621 1499 dicturus
650 1475 701 1499 est
736 1469 835 1499 Simo.

88 1510 229 1552 Endos]
246 1511 284 1542 1d
296 1517 356 1548 est,
373 1521 480 1548 exeas,
492 1511 545 1542 vel
557 1511 738 1552 pervenias.
769 1513 835 1542 Fu-

88 1565 145 1584 nus
165 1552 321 1593 procedit]
348 1555 454 1584 Funus
481 1563 501 1584 a
526 1553 688 1584 funalibus
713 1553 836 1584 dictum

89 1602 149 1633 est,
174 1603 211 1627 ut
236 1605 335 1637 supra
357 1595 561 1630 notavimus3
596 1602 630 1626 et
655 1602 706 1626 est
727 1596 835 1633 funus,

89 1648 209 1679 pompa
224 1637 443 1678 exequiarum.
483 1638 528 1669 Et
545 1638 637 1675 bene,
643 1637 745 1678 finus
761 1650 835 1678 pro-

88 1683 180 1718 cedit,
194 1692 247 1712 nos
259 1683 422 1721 sequimur,
434 1680 527 1717 dixit,
539 1681 629 1721 quasi
642 1686 718 1722 post
731 1681 836 1722 ipsam

88 1723 255 1754 morituri:
279 1723 367 1754 unde
381 1726 515 1764 exequie
531 1723 693 1754 dicuntur.
730 1726 837 1755 Funus

89 1768 211 1796 interim
225 1765 380 1806 procedit]
398 1765 598 1797 Ἀσύνδετον.
630 1766 673 1796 D.

136 1809 207 1839 101.
238 1810 293 1838 Ad
311 1807 517 1848 sepulchrum]
543 1810 736 1848 Sepulchrum
767 1809 838 1840 κατ’

87 1849 277 1890 ἂντίφρασιν
290 1850 427 1881 dicimus
429 1851 539 1891 ,quod
554 1850 625 1881 sine
644 1861 680 1881 re
701 1851 838 1891 pulchra

89 1893 149 1925 sit:
179 1903 221 1924 un
241 1893 327 1934 quod
346 1892 392 1923 ibi
415 1893 487 1923 sine
507 1893 604 1934 pulsu
625 1893 701 1929 sint,
723 1893 758 1924 id
778 1900 838 1931 est,

87 1935 231 1966 mortui’
254 1945 296 1966 an
312 1935 398 1976 quod
419 1935 485 1966 illic
508 1935 626 1966 animae
646 1945 666 1966 a
680 1935 765 1966 vivis
786 1946 837 1966 se-

89 1977 263 2019 peliantur,
279 1946 332 2008 idq
338 1984 397 2014 est,
413 1979 627 2019 separentur?
659 1978 704 2009 Et
728 1978 837 2019 sepul-

88 2021 203 2052 chrum
224 2020 309 2051 dixit
329 2020 485 2058 futurum,
505 2031 570 2052 non
592 2021 677 2061 quod
695 2022 764 2060 jam
787 2031 838 2052 es-

87 2070 149 2095 set.
190 2065 386 2103 Sepulchrum
408 2064 495 2094 enim
518 2074 537 2094 a
558 2063 747 2104 sepeliendo
769 2063 837 2094 dic-

89 2112 169 2137 tum.
227 2105 385 2146 Virgilius
413 2106 555 2148 proprie,
587 2105 663 2136 AEn.
693 2105 734 2136 vi.
765 2107 839 2137 232.

90 2151 136 2180 At
157 2151 231 2189 pius
256 2150 373 2180 AEneas
401 2151 520 2190 ingenti
548 2150 623 2179 mole
651 2150 840 2188 sepulchrum

209 2194 245 2222 il.

92 2202 213 2265 Ἥ
237 2236 495 2275 Inignenposita
496 2233 554 2275 ἐι]
562 2233 746 2274 Ἐλλιειψις
773 2244 839 2265 non

90 2276 180 2308 enim
191 2284 241 2308 est
252 2288 328 2318 quae.
363 2277 408 2308 Et
418 2278 519 2313 mire3
542 2287 617 2308 cum
632 2277 730 2308 funus
742 2287 841 2318 supra

91 2319 220 2351 dixerit.
253 2319 377 2360 Fletur]
393 2320 459 2351 Hic
467 2330 561 2361 paene
570 2320 840 2361 impersonaliter,

91 2361 187 2393 fletur
197 2363 238 2394 ab
249 2363 408 2394 omnibus.
441 2363 599 2393 Extrema
607 2362 693 2393 enim
706 2372 842 2403 quaeque

91 2405 839 2454 mormorurnomnescommoventadlacrymas.

94 2447 260 2479 D.-Haee
285 2459 369 2479 soror
414 2449 454 2479 Id
477 2453 536 2485 est,
559 2458 656 2488 quam
678 2447 748 2479 dixi
770 2458 841 2479 esse

90 2499 235 2521 sororem
246 2491 362 2532 Chrysi
386 2490 423 2522 is.
447 2491 489 2522 D.
491 2492 659 2521 —Intereu
671 2493 736 2521 hee
746 2501 840 2528 soror,

92 2544 182 2573 quaa
190 2533 274 2574 disi]
288 2533 423 2564 Nullum
434 2535 538 2573 maJ'us
548 2539 656 2574 potest
666 2543 839 2574 argumen-

92 2582 163 2606 tum
178 2575 325 2617 reperiri,
339 2586 435 2624 quam
451 2576 536 2616 quod
552 2576 729 2617 subjungit,
743 2576 839 2607 Pam-

93 2628 116 2659 p
116 2617 219 2648 hilum
253 2618 446 2649 necessitate
481 2618 683 2659 compulsum
721 2619 841 2650 amoris

92 2660 145 2690 sui
155 2660 316 2691 flammam
329 2670 393 2691 non
405 2661 550 2702 potuisse
560 2661 676 2698 celare,
687 2661 840 2701 quoniam

93 2702 129 2733 in
145 2702 282 2733 materia
294 2704 496 2743 conjectura,
508 2684 689 2735 accusantis
703 2704 773 2735 haec
788 2714 840 2735 ar·

94 2751 251 2786 gumenta
286 2752 363 2778 sunt
508 2756 536 2783 r,
566 2756 587 2777 a
614 2746 791 2783 voluntate,
821 2757 842 2778 a

95 2798 223 2818 summo
237 2787 303 2818 ad'
293 2797 405 2818 imum.
444 2788 510 2819 His
530 2788 618 2819 enim
640 2789 744 2820 tribus
765 2799 840 2831 par-

94 2830 183 2861 tibus
202 2830 319 2861 nititur
341 2837 517 2862 accusator.
561 2830 628 2862 Hie
651 2838 760 2863 autem
784 2842 841 2863 vo-

96 2871 231 2903 luntatis
246 2879 296 2904 est
311 2873 455 2913 quaestio.
494 2873 583 2914 Ergo
597 2874 804 2915 probationes
823 2885 844 2906 a

96 2924 223 2946 summo
240 2915 282 2946 ad
304 2915 405 2946 imum
427 2915 656 2957 suscipientur,
671 2927 744 2957 quae
764 2927 842 2948 con·

87 2957 204 2990 tinent
214 2958 300 2989 dicta
313 2964 346 2989 et
358 2958 460 2995 facta,
484 2964 517 2989 et
527 2958 613 2999 quod
628 2969 648 2990 a
659 2959 845 2991 doctoribus

879 873 1076 915 adjungitur,
1099 874 1225 915 pathos.
1272 873 1421 914 Namque
1443 874 1559 915 pathos
1581 879 1631 905 est

878 916 1246 999 ἔὲἷῖἒηὲἕὲηῗεξὶῖᾱ
1256 916 1468 999 Etzffissf‘q
1469 917 1537 990 ζῗξέ
1558 926 1630 990 {3²0ae

878 1001 966 1032 diam
1003 1001 1172 1032 mulierem
1210 1002 1446 1043 complectitur.
1500 1001 1631 1032 Deinde

878 1043 965 1075 dicta
979 1049 1065 1080 sunt,
1082 1043 1167 1084 quod
1183 1042 1277 1074 dixit.
1308 1044 1347 1074 E.
1350 1046 1432 1074 —In
1455 1046 1554 1084 ignem
1573 1055 1629 1083 po-

877 1086 957 1127 sita]
990 1087 1072 1127 Reg.
1099 1086 1169 1116 cod.
1202 1088 1352 1125 imposita.
1399 1087 1437 1117 L.
1439 1088 1630 1126 —Imposita

878 1135 933 1166 est,
952 1129 1045 1160 codd.
1068 1128 1171 1159 nostri
1193 1128 1341 1170 plerique
1363 1139 1477 1159 omnes
1498 1129 1628 1159 habent.

879 1171 982 1203 Recte
997 1177 1031 1202 et
1046 1181 1087 1202 ex
1102 1180 1194 1202 more
1208 1177 1324 1212 poetae,
1340 1171 1396 1212 qui
1411 1171 1493 1202 solet
1509 1171 1630 1202 elidere

878 1214 1025 1246 ultimam
1038 1213 1204 1255 syllabam,
1218 1220 1254 1244 ut
1267 1214 1433 1254 liquescat,
1448 1220 1481 1245 et
1494 1214 1629 1245 miscea-

879 1263 933 1288 tur
947 1256 1105 1297 sequenti.
1146 1256 1185 1286 B.

925 1300 997 1330 103.
1019 1298 1251 1339 Adflammam]
1270 1299 1384 1330 Innuit
1404 1299 1554 1330 affectum
1577 1309 1629 1330 so-

878 1342 972 1379 roris,
987 1342 1075 1372 unde
1093 1351 1206 1372 omnes
1222 1342 1385 1372 vinceret:
1410 1342 1519 1372 caeteri
1542 1342 1630 1372 enim

879 1384 968 1420 flent,
983 1385 1053 1415 haec
1073 1383 1211 1414 flammae
1233 1394 1268 1415 se
1290 1384 1420 1425 ingerit.
1449 1384 1542 1424 Virg.
1560 1385 1629 1415 Ecl.

879 1437 909 1458 v.
926 1428 978 1457 20.
990 1438 996 1441 ’
1016 1428 1194 1457 Extinctum
1215 1428 1366 1467 Nympha
1388 1429 1506 1457 erudeli
1517 1427 1631 1467 sunere

879 1470 1193 1509 Daplmim‚—Atque
1215 1471 1295 1507 deor,
1316 1474 1407 1510 atque
1433 1474 1520 1500 astra
1545 1474 1631 1500 vocat

879 1514 1016 1543 crudelia
1031 1516 1137 1542 mater.
1170 1511 1212 1542 D.

926 1555 997 1584 104.
1021 1555 1072 1584 Ibi
1094 1558 1158 1584 tun
1178 1553 1387 1594 exanimatus]
1403 1554 1433 1585 A
1452 1554 1629 1591 voluntate,

880 1607 898 1628 a
916 1597 1080 1633 facultate,
1095 1605 1115 1626 a
1136 1606 1263 1627 summo
1284 1597 1327 1627 ad
1347 1596 1459 1633 imum,
1476 1596 1533 1627 ubi
1555 1604 1632 1627 sunt

880 1639 967 1670 dicta
976 1645 1010 1669 et
1018 1638 1111 1675 facta,
1121 1637 1168 1669 ibi
1180 1645 1230 1670 est
1237 1637 1350 1670 πόθοςε
1372 1645 1406 1669 et
1415 1639 1497 1669 mire
1509 1641 1563 1669 ibi.
1587 1640 1630 1670 D.

927 1683 998 1712 105.
1020 1683 1106 1712 Bene
1114 1681 1355 1722 dissimulatum]
1370 1683 1464 1719 Bene,
1474 1681 1629 1716 multum:

879 1735 921 1755 an
948 1724 1040 1764 quasi
1069 1723 1192 1761 dolens,
1216 1724 1302 1765 quod
1328 1724 1427 1755 etiam
1454 1730 1631 1765 negaturus

879 1767 923 1798 sit
936 1765 1114 1802 Chremeti,
1129 1767 1214 1798 dixit
1228 1769 1326 1797 bene?
1349 1766 1491 1807 Iudicat]
1511 1767 1632 1798 Omnia

880 1809 1118 1883 ῗὲἷῇἶὲῗ“
1141 1809 1631 1883 ffiffiffissssssffi‘ssssdvlss

977 1863 985 1881 :
1088 1863 1144 1884 acc
1213 1874 1223 1888 ,
1447 1864 1456 1882 ι

882 1900 948 1925 tem
971 1901 1028 1925 aut
1048 1904 1174 1931 manus,
1195 1894 1254 1925 sed
1277 1894 1418 1924 mediam
1441 1894 1630 1925 mulierem:

881 1946 947 1967 non
964 1942 1064 1974 tenet,
1081 1937 1139 1969 sed
1160 1936 1402 1977 complectinm
1426 1943 1459 1968 et
1482 1937 1559 1978 quia
1579 1937 1631 1968 his

882 1979 986 2010 tribus
1011 1979 1110 2011 rebus
1143 1979 1310 2010 inducitur
1338 1978 1373 2009 in
1410 1980 1547 2020 alicujus
1582 1980 1632 2011 rei

881 2021 1061 2062 gestionem
1082 2032 1232 2064 persona,
1258 2021 1386 2061 affectu,
1411 2022 1506 2060 facto,
1534 2022 1631 2053 dicto.

882 2064 1028 2095 Affectus
1044 2071 1094 2096 est
1109 2065 1194 2105 quod
1214 2065 1269 2102 ait,
1286 2066 1337 2095 Ibi
1359 2070 1422 2096 tun
1443 2067 1634 2097 exanimatus

883 2108 1072 2147 Pamphilus.
1121 2107 1267 2144 Factum,
1293 2108 1380 2147 quod
1404 2107 1460 2145 ait,
1486 2110 1632 2145 accurrit,

882 2151 1012 2180 medium
1037 2153 1191 2181 mulierem
1220 2152 1437 2190 complectitur.
1486 2150 1631 2188 Dictum,

883 2192 969 2233 quod
979 2193 1036 2229 ait,
1050 2195 1123 2224 Mea
1137 2195 1321 2233 Glycerium,
1331 2194 1441 2234 inquit,
1454 2195 1530 2233 quid
1540 2195 1633 2234 agis?

883 2246 939 2266 cur
969 2241 997 2266 te
1027 2238 1055 2266 is
1085 2237 1267 2276 perditum-²
1303 2235 1443 2276 Iudicat]
1480 2237 1632 2266 Indicium

883 2278 1016 2319 proprie
1029 2284 1080 2309 est
1092 2278 1158 2309 oris
1171 2284 1204 2308 et
1218 2277 1356 2318 linguae:
1379 2277 1473 2309 factis
1488 2288 1566 2319 ergo
1579 2278 1631 2310 in-

884 2320 988 2356 dicat3
1012 2331 1078 2352 non
1094 2321 1181 2352 enim
1196 2320 1384 2357 dixin-ano.
1417 2321 1459 2352 D.

930 2364 1001 2394 106.
1024 2363 1189 2404 Accurrit]
1205 2362 1375 2404 Virgilius,
1398 2363 1475 2394 AEn.
1498 2363 1541 2395 iv.
1558 2364 1633 2395 645.

884 2407 1038 2437 Interiora
1060 2408 1164 2437 domus
1189 2408 1334 2445 irrumpit
1359 2408 1475 2443 limt'na,
1499 2412 1531 2437 et
1555 2409 1634 2438 auor

887 2449 1248 2490 Conscenditfuribunda
1262 2460 1360 2490 rogor.
1394 2449 1436 2480 D.

930 2492 1002 2524 107.
1025 2494 1099 2523 Mea
1116 2491 1307 2532 Glycerium]
1331 2493 1414 2528 Mea,
1430 2491 1523 2532 quasi
1543 2502 1633 2524 ama-

885 2539 945 2571 tor,
985 2536 1169 2575 Glycerium,
1207 2535 1300 2574 quasi
1336 2534 1504 2565 familiaris
1539 2534 1634 2566 dixit.

888 2579 972 2610 Quid
985 2577 1071 2618 agis]
1089 2576 1190 2612 Quasi
1214 2577 1430 2618 perturbatus.
1469 2578 1534 2608 eur
1554 2583 1586 2609 te
1606 2580 1635 2608 is

880 2619 1054 2660 perditum]
1078 2619 1182 2655 Quasi
1207 2619 1440 2651 consolaturus.
1471 2619 1634 2652 D.—Mea

887 2664 1070 2703 Glycerium,
1086 2664 1196 2702 inquit,
1212 2663 1288 2702 quid
1298 2664 1390 2703 agis?
1411 2673 1467 2694 eur
1477 2667 1508 2693 te
1520 2664 1548 2693 is
1557 2674 1632 2702 per-

883 2707 980 2736 ditum
991 2704 1026 2746 ἒ]
1060 2705 1112 2735 Ita
1135 2704 1245 2735 omnia
1270 2710 1379 2736 orator
1404 2705 1635 2745 conjectat-alia

884 2753 1074 2788 argumenta
1088 2747 1278 2788 complexus
1292 2753 1352 2785 est,
1367 2757 1561 2788 quamquam
1579 2758 1634 2779 ac-

885 2790 972 2821 cedit
995 2796 1029 2820 et
1051 2789 1108 2820 illa
1130 2799 1216 2830 pars,
1242 2789 1328 2830 quod
1352 2789 1425 2832 ipsa
1446 2790 1634 2831 Glycerium

885 2833 992 2872 rejecit
1015 2843 1047 2863 se
1070 2834 1102 2862 in
1123 2843 1191 2862 eum
1203 2833 1285 2871 flens
1309 2843 1400 2872 quan
1416 2831 1634 2873 familiariter.

887 2875 981 2916 Saepe
997 2874 1118 2905 etenim
1133 2884 1200 2906 nou
1213 2874 1318 2906 solum
1332 2875 1462 2912 nostris,
1477 2875 1535 2906 sed
1557 2886 1632 2907 nos-

888 2924 1011 2949 trorum
1026 2917 1120 2948 factis
1133 2926 1306 2958 possmus
1320 2918 1482 2954 accusari3
1503 2924 1541 2949 ut
1559 2928 1635 2949 cum

887 2960 929 2991 de
944 2959 1058 2991 Verris
1079 2959 1189 2991 animo
1209 2967 1415 3001 quereretur,
1438 2971 1480 2992 an
1503 2960 1634 2991 Cicero-
