1852 3216
98 131 237 160 sczNA
260 117 323 172 V.]
399 114 1335 158 HEAUTONTIMORUMENOS.
1538 115 1618 156 351

97 217 138 247 20
154 207 233 250 C1..
264 206 384 255 Quid
414 205 507 247 istic
519 206 536 246 ’ἒ
567 205 916 261 quandoquidem
945 205 1143 248 (lucenda
1172 213 1255 256 est,
1282 211 1454 260 egomet
1483 203 1624 246 habeo

237 273 548 330 propemodum

155 341 298 390 Quam
319 338 429 382 volo.
484 339 557 380 So.
580 337 711 380 Nunc
736 337 881 388 laudo,
906 344 1050 394 gnate.
1112 338 1191 380 CL.
1223 336 1465 380 Archonidi
1494 335 1625 392 hujus

239 406 382 448 filiam.

153 473 229 514 So.
265 470 507 527 Perplacet.
570 470 648 512 CL.
683 469 830 520 Pater,
863 468 947 511 hoc
987 484 1100 511 nunc
1134 476 1282 511 restat.
1349 468 1434 511 Cn.
1471 467 1625 516 Quid?

239 536 317 579 CL.
342 537 453 592 Syro
472 537 670 591 ignoscas
690 534 801 586 volo,

154 603 267 652 Quae
287 618 381 645 mea
401 617 531 645 causa
553 601 667 644 fecit.
719 600 804 643 Cn.
828 600 938 642 Fiat.
989 601 1047 642 Ω.
1070 600 1163 643 Vos
1184 599 1337 651 valete,
1354 607 1399 642 et
1417 598 1624 656 plaudite.

598 727 651 755 CA
658 725 857 754 LLIOPIUS
886 725 1088 753 RECENSU
1094 725 1126 753 1.

95 830 235 860 Animum
258 830 302 859 ι’ὁὶ
323 827 403 869 ene]
428 827 536 858 Verba
550 833 625 868 apta
642 825 683 862 ei,
699 825 754 866 qui
776 824 838 855 sibi
884 823 1033 855 Bembini
1050 825 1151 855 Imm.
1186 824 1222 854 B.

94 872 231 903 multum
251 871 372 903 tribuit.
411 871 541 902 c.-Ut
556 871 677 910 elegans
690 874 737 899 est
748 867 779 909 .']
798 867 838 898 ld
926 866 1168 898 21.'Ar01«0n1d1·
1191 866 1299 908 hujus]
1324 866 1479 898 Priscian.
1502 866 1558 899 lib.
1581 866 1626 898 vi.

94 922 152 951 est,
170 915 311 957 prudens
324 914 358 945 in
373 912 593 945 discernendis
608 911 742 953 puellis:
762 910 839 951 quia
883 910 1151 941 L—-Priscianus
1173 921 1204 952 p.
1229 911 1301 943 706.
1328 910 1439 941 laudat
1459 912 1628 942 Archonidi

94 960 147 995 ibi,
179 958 213 989 id
239 965 297 995 est,
327 957 361 988 in
392 957 451 988 hac
480 956 637 987 electione
665 960 751 985 totus
777 960 836 984 est.
872 955 973 992 filiam
983 966 994 988 ,·
1017 953 1074 984 sed
1084 963 1148 984 non
1158 953 1255 984 habet
1263 953 1373 994 hujus.-
1395 953 1456 984 hoc
1468 953 1627 985 Bembino

93 1002 189 1037 Quod
203 1011 279 1032 vero
291 1000 458 1041 subjunxit
468 1001 631 1030 Areom’dis
638 999 758 1037 filfmun
781 1003 838 1028 aut
880 996 1044 1027 debemus.
1084 996 1195 1027 Nostri
1211 998 1374 1028 Arc-onidis
1381 998 1491 1036 filiam.
1522 997 1562 1028 B.

95 1044 288 1076 Bacchidem
304 1043 393 1080 dicit,
408 1050 464 1074 aut
483 1042 579 1073 aliam
595 1040 779 1082 quamlibet,
796 1040 837 1071 ad
924 1040 974 1070 22.
992 1041 1069 1080 Syro
1080 1045 1115 1070 ut
1126 1038 1279 1081 ignoscas]
1292 1039 1378 1070 Petit
1387 1039 1515 1071 veniam
1528 1040 1627 1071 etiam

94 1098 189 1129 quam
201 1087 387 1118 adolescens
399 1085 604 1118 contumeliis
619 1083 720 1126 pam's
732 1094 836 1126 appu·
881 1082 971 1124 Syro,
982 1082 1039 1113 sed
1049 1093 1113 1113 nou
1124 1082 1267 1114 omnium
1279 1082 1447 1120 factorum,
1458 1093 1499 1113 ne
1514 1083 1626 1114 infini-

94 1131 176 1162 lerat
190 1130 343 1162 animum.
376 1129 415 1161 E.
880 1132 949 1157 tum
966 1133 1051 1157 esset
1067 1126 1152 1166 quod
1167 1132 1278 1168 petere
1290 1126 1426 1157 videtur.
1466 1126 1509 1157 Et
1519 1132 1624 1157 trans-

136 1175 187 1205 20.
204 1175 287 1205 Cum
312 1173 395 1208 Quid
410 1174 489 1210 istic,
505 1171 591 1213 quod
605 1169 837 1202 consentientis
880 1169 943 1200 fert
962 1168 996 1200 in
1017 1179 1051 1200 se
1067 1169 1190 1200 crimen
1212 1169 1307 1208 servi,
1324 1169 1456 1201 dicens:
1479 1171 1560 1211 quod
1570 1168 1624 1209 fe-

93 1224 151 1255 est,
168 1217 220 1248 hic
242 1216 349 1248 locum
364 1227 430 1248 non
452 1215 588 1250 habeat;
612 1213 838 1255 amplectimur
880 1215 932 1250 cit,
949 1224 1014 1244 mea
1029 1223 1121 1243 caum
1128 1211 1217 1254 feeit.
1250 1213 1290 1244 E.

93 1336 353 1375 EXPLICIT
385 1332 690 1373 CALPURNII
722 1330 1036 1369 BRIXIENSIS
1070 1330 1528 1372 COMMENTARIUS
1563 1332 1624 1372 IN

492 1405 1221 1448 HEAUTONTIMORUMENON.
