1852 3216
75 148 214 178 scr-:NA
236 135 306 191 n.]

666 133 1015 179 ADELPHI.

1521 138 1608 180 367

136 233 175 264 ιο
190 225 399 268 Mulcavit
416 239 556 281 usque
573 225 630 267 ad
650 232 854 268 mortem:
885 227 1045 282 eripuit
1063 226 1284 270 mulierem

189 291 333 339 Quam
351 291 544 333 amabat:
576 290 759 333 clamant
778 306 940 342 omnes,
960 292 1269 348 indignissume

188 356 367 398 Factum
385 371 505 399 esse:
537 356 621 399 hoc
640 357 883 399 advenienti
898 365 1005 413 quot
1024 358 1142 409 mihi,
1165 358 1317 410 Micio,

191 421 388 464 Dixere?
419 422 460 463 in
482 422 613 464 ore’st
634 422 748 464 omni
764 422 949 478 populo:
981 423 1167 479 denique

188 486 236 528 Si
255 487 562 530 conferendum
581 487 822 544 exemplum
843 496 926 539 est,
947 504 1034 531 non
1054 489 1230 532 fratrem
1250 490 1368 533 videt

134 562 172 591 15
192 553 278 595 Rei
298 554 403 596 dare
423 569 612 610 operam,
635 555 723 596 ruri
745 569 840 596 esse
857 569 1035 610 parcum
1054 570 1105 597 ac
1126 556 1345 598 sobrium?

191 618 371 661 Nullum
392 619 522 675 hujus
545 618 679 661 simile
699 619 882 662 factum:
913 619 1007 662 haec
1027 635 1159 676 quum
1178 620 1252 672 illi,
1274 621 1423 673 Micio,

189 684 317 735 Dico,
340 686 418 727 tibi
439 685 560 727 dico:
592 692 639 727 tu
659 684 777 727 illum
798 686 1015 741 corrumpi
1035 687 1152 728 sinis.

187 750 272 792 Μι.
296 750 483 793 Homine
503 751 701 806 imperito
721 767 939 807 nunquam
958 752 1187 807 quicquam
1206 752 1423 809 injustius,

187 816 292 867 Qui,
313 817 395 858 nisi
414 818 531 873 quod
551 818 643 872 ipse
664 817 780 868 fecit,
802 817 861 859 nil
880 823 1044 859 rectum
1063 825 1203 873 putat.

129 890 171 920 20
188 881 277 924 ΒΕ.
289 882 508 930 Quorsum
523 883 634 924 istuc
647 884 664 925 2
696 882 781 924 Μι.
795 882 912 931 Quia
923 890 986 933 tu,
997 882 1177 933 Demea,
1187 882 1282 925 haec
1297 883 1406 926 male
1415 885 1603 940 judicas.

70 993 137 1024 vita
152 993 255 1042 possit
268 992 466 1035 deprehendi
481 1002 522 1024 ex
538 993 608 1031 hoc,
624 993 700 1035 quia
715 993 815 1025 frater

70 1038 140 1077 ejus
161 1036 229 1068 ruri
250 1047 381 1086 operam
402 1036 467 1074 det,
491 1037 638 1068 nesciens
658 1038 744 1078 quod
758 1048 812 1068 ea-

70 1080 145 1111 dem
167 1080 322 1111 meretrix
343 1079 406 1122 ipsi
427 1060 624 1111 adolescenti
638 1088 739 1130 rapta
760 1080 812 1112 sit.

70 1123 135 1154 Sed
149 1122 255 1154 omnis
268 1123 432 1154 conclusio
451 1123 665 1155 accusationis
686 1124 720 1155 in
746 1124 812 1155 Mi-

67 1166 204 1203 cionem,
220 1166 274 1207 qui
290 1168 359 1207 ejus
374 1173 467 1208 pater
481 1173 539 1202 εει.
555 1174 761 1208 retorquetur
780 1174 813 1199 et

69 1210 269 1246 transfertur,
295 1209 381 1251 quod
408 1209 479 1251 ipoe
506 1209 609 1241 filium
631 1211 813 1253 corruperit

67 1252 210 1284 lenitate.
243 1253 280 1284 E.

113 1297 162 1327 10.
176 1295 339 1337 Mutavit]
354 1296 532 1332 Laceravit,
545 1296 717 1334 mutilavit,
729 1297 811 1328 mol-

66 1338 149 1376 livit.
174 1346 270 1380 atque
296 1340 453 1370 dissolvit.
498 1339 593 1370 Unde
622 1342 768 1371 mulciber
792 1351 812 1371 a

66 1382 243 1419 multando,
260 1383 350 1424 quasi
366 1384 515 1414 mulciber.
558 1384 657 1423 Usque
674 1385 716 1414 ad
731 1395 811 1414 mor-

67 1425 144 1475 ten]
163 1425 285 1467 Μεειιε
297 1425 420 1456 invidia
433 1426 530 1457 caedis
545 1433 578 1456 et
592 1426 706 1457 mortis
717 1437 809 1458 ιιιειι-

67 1469 166 1506 ιιοιιε,
186 1479 258 1510 quae
280 1475 388 1500 tamen
410 1467 490 1500 nulli
513 1468 639 1500 accidit.
683 1471 812 1509 Eripuit

66 1514 219 1543 mulierem
234 1524 323 1553 qm
337 1511 477 1553 enabat]
494 1512 614 1544 Omnia
626 1523 756 1554 magno
754 1524 808 1544 co-

67 1555 136 1586 lore
151 1562 184 1586 et
198 1555 395 1587 accusatorie
414 1555 502 1586 dicta
522 1562 609 1593 sunt,
631 1562 665 1587 et
685 1566 727 1587 ex
748 1557 810 1588 hoc

67 1598 217 1636 maxime,
248 1598 334 1640 quod
364 1598 514 1629 lenonem
544 1606 579 1630 et
607 1599 809 1630 meretricem

66 1651 131 1673 non
147 1621 240 1679 dixit,
254 1648 427 1673 contentus
443 1642 520 1673 facti
541 1642 719 1679 atrocitate,
734 1653 809 1684 per-

66 1694 282 1737 conatumque
302 1684 460 1716 vilitatem
478 1685 626 1717 reticens.
649 1687 811 1718 Mul-‘eren

65 1727 197 1769 erepant]
221 1728 306 1766 Non,
324 1730 462 1764 abda-rit,
483 1729 540 1760 sed
560 1732 682 1769 mpmsst
722 1730 811 1760 D.—

68 1771 133 1802 Pro
149 1773 297 1803 Mauwit
321 1779 409 1803 recte
435 1771 511 1803 libb.
538 1772 663 1813 antiqui
688 1772 810 1804 habent

66 1816 227 1846 Mulcavit.
260 1815 298 1846 B.

114 1859 164 1889 11.
189 1856 346 1898 Clamant]
369 1858 399 1888 Α
415 1858 634 1899 praejudicato,
650 1864 684 1889 et
700 1865 810 1890 aucto-

65 1900 162 1932 ritate
178 1901 316 1933 rumoris
333 1901 483 1941 (uterque
503 1901 595 1939 liber,
611 1902 811 1943 Adjudicatio

65 1955 103 1975 ex
116 1947 298 1976 auctoritate
312 1944 466 1984 rumoris).
499 1945 540 1975 D.

111 1988 161 2019 12.
178 1989 246 2019 Hoc
257 1990 430 2019 advenienti
444 1993 514 2028 quot
525 1990 608 2026 nihi,
620 1989 725 2026 fisa-io,
738 1990 809 2019 dia·-

66 2030 160 2072 ml]
183 2031 283 2067 Quasi
307 2031 403 2068 dicat,
422 2030 582 2072 Displicet
603 2031 762 2069 omnibus,
778 2038 812 2063 et

67 2074 162 2105 multi
183 2085 257 2106 eum
272 2080 434 2106 accusant.
475 2074 545 2105 Nec
561 2081 669 2106 tamen
684 2074 812 2106 lenonis

65 2117 205 2158 queoelae
219 2118 342 2149 mentio
358 2118 412 2148 fit:
436 2116 510 2148 vide
526 2125 695 2149 oratorem.
732 2120 810 2156 Hoc,

66 2167 173 2193 autem
198 2161 249 2192 vel
274 2161 439 2198 articulus,
462 2161 512 2192 vel
539 2162 727 2193 adverbium
748 2161 812 2193 Ιοει

66 2210 125 2235 eet.
157 2204 198 2236 D.

112 2248 162 2278 13.
184 2249 223 2279 In
244 2259 294 2279 ore
314 2252 361 2279 est
381 2248 460 2278 omni
486 2247 612 2289 populo]
638 2247 810 2280 Sallustius

67 2289 118 2329 (ιιι
141 2290 353 2332 Ρηειιιειιιιε.
399 2290 451 2321 De
478 2291 634 2332 Pompeio
656 2292 810 2343 intelligit

68 2332 261 2372 Doun),1·
275 2345 326 2366 ore
336 2336 479 2375 gentibus
489 2346 593 2376 agens,
600 2337 720 2376 populo,
732 2337 807 2366 civi-

114 2419 163 2450 14.
185 2421 221 2451 S
238 2419 445 2460 condere-dunt
459 2423 623 2462 ese-plan
637 2421 701 2462 est]
717 2421 806 2453 Tan-

68 2470 165 2502 quam
178 2472 245 2493 ιιοιι
258 2463 302 2494 ιιι
315 2463 555 2496 conferendum.
594 2466 664 2496 Non
670 2463 807 2506 fratrem

66 2506 149 2535 videt
172 2508 219 2537 rei
243 2507 316 2537 dare
337 2508 473 2549 φησι]
496 2508 582 2540 Satis
602 2509 725 2540 comice
746 2508 807 2539 hoc

67 2547 205 2580 infel-un·
234 2547 416 2589 tegentibus
444 2559 694 2593 argumentum.
733 2562 810 2583 nam

67 2590 172 2632 mag-is
190 2590 225 2622 ιιι
240 2591 335 2633 culpa
348 2592 428 2623 ille·
417 2603 489 2636 ipse
503 2602 563 2633 est,
578 2604 674 2636 quem
688 2594 808 2626 laudat.

67 2634 245 2708 1)15.1ἰει”
263 2679 712 2721 dmopern]Nonam01-i.
750 2683 810 2713 Rea·

66 2721 141 2752 dare
153 2719 289 2761 operam]
305 2720 410 2756 Quam
426 2722 529 2754 facete
543 2730 640 2764 poeta
652 2723 722 2755 hac
736 2735 807 2755 om·

66 2763 123 2794 nia
147 2763 227 2795 salsa
253 2770 287 2794 et
316 2774 335 2795 e
356 2766 518 2797 contrario
542 2765 621 2797 facit
650 2767 809 2798 Demeam

65 2807 216 2838 credere!
238 2807 404 2849 Rariesoe]
416 2808 634 2840 Noninmbe.
649 2809 808 2858 Pare-n]

67 2849 144 2881 Non
155 2850 336 2892 prodigum.
364 2851 545 2892 Sobria-affl
560 2851 808 2884 Noninsauum.

63 2893 196 2925 Peren
218 2905 255 2925 ac
274 2894 451 2936 sobriat]
473 2895 597 2927 Contra
614 2894 704 2927 illud.
742 2898 808 2927 Cur

63 2939 172 2968 nnat?
193 2948 250 2968 eur
264 2940 378 2977 potat?
402 2938 442 2969 D.
444 2937 691 2971 —Vetutiores
705 2938 807 2971 nostri

64 2978 157 3011 milti
171 2979 291 3016 habeut
304 2982 362 3012 Rei
376 2993 493 3022 operam
508 2983 593 3016 dhe.
626 2982 663 3014 B.

904 994 953 1025 16.
971 995 1098 1025 Nullum
1122 994 1213 1035 hujus
1242 998 1339 1028 simile
1356 995 1496 1039 sactum]
1530 999 1604 1031 Hoc

856 1047 930 1068 cum
960 1037 1173 1069 admiratione
1198 1038 1300 1070 Micio
1327 1040 1480 1081 tangitur,
1511 1043 1604 1082 quasi

856 1079 960 1122 ipsius
987 1082 1084 1122 culpa
1107 1081 1149 1112 sit
1175 1081 1284 1113 fratris
1310 1090 1434 1114 natura.
1474 1086 1603 1116 Nullan

856 1123 947 1163 hujus
959 1124 1201 1166 similesne-tum]
1224 1125 1294 1157 Hoc
1302 1136 1376 1157 cum
1388 1127 1603 1160 admiratione

854 1166 1054 1208 indignantis
1066 1168 1346 1209 pronunciandum
1363 1176 1421 1207 est,
1437 1177 1471 1202 et
1484 1171 1602 1203 arden-

856 1210 966 1242 tibus
957 1221 991 1242 ιιι
1009 1211 1187 1242 Micionem
1203 1212 1315 1244 oculis.
1347 1213 1392 1244 Et
1406 1215 1601 1246 subaudien-

855 1253 933 1284 dum
956 1260 1006 1285 est
1029 1266 1102 1291 esse,
1124 1262 1182 1286 aut
1204 1257 1337 1287 invenire
1352 1255 1500 1296 (invenit-⁸
1536 1259 1601 1295 Ζ.).

857 1297 1057 1328 D.—Nostri
1082 1308 1194 1329 omnes
1217 1309 1291 1330 cum
1317 1299 1389 1330 edd.
1418 1307 1496 1332 vett.
1518 1303 1602 1332 Nul-

855 1341 916 1371 lum
937 1340 1028 1380 majus
1037 1340 1159 1381 sactum
1179 1344 1285 1373 simile.
1322 1342 1516 1375 Melioribus
1539 1355 1601 1376 nu·

854 1383 961 1414 meris.
995 1384 1032 1414 B.

900 1427 949 1459 17.
965 1428 1144 1468 Haeequum
1158 1429 1217 1464 illi,
1233 1429 1337 1465 Micio,
1352 1430 1429 1466 dico,
1445 1430 1503 1461 tibi
1516 1431 1601 1472 dico]

854 1471 917 1506 Illi,
942 1480 1002 1511 pro
1025 1473 1058 1501 in
1077 1472 1185 1502 illum.-
1208 1477 1242 1501 et
1262 1473 1329 1508 eibi,
1351 1482 1411 1514 pro
1426 1475 1458 1504 in
1481 1476 1602 1506 ιε.1ἰι

853 1514 938 1543 illam
952 1516 1103 1553 corrumpi
1117 1513 1210 1554 sinis]
1236 1514 1340 1546 Deest
1352 1527 1443 1547 nan.-
1466 1517 1523 1548 sed
1536 1517 1600 1549 fer-

852 1556 982 1587 ventius
997 1555 1172 1588 ἀσυνδέτους
1186 1556 1314 1589 dicitur.
1346 1558 1392 1590 Et
1412 1559 1473 1590 hoc
1488 1562 1548 1592 tibi
1568 1567 1603 1592 et

853 1604 887 1630 tu
908 1599 1189 1649 pronunciandum
1211 1607 1261 1631 est
1283 1600 1410 1632 intento
1430 1602 1543 1644 digito,
1568 1610 1603 1636 et

852 1642 1002 1674 infestis
992 1653 1027 1674 ιιι
1045 1643 1223 1674 Micionem
1239 1644 1350 1676 oculis.
1374 1645 1460 1676 Nam
1475 1646 1536 1678 hoc
1548 1647 1602 1689 agi

852 1686 1018 1717 stomacho
1039 1686 1210 1718 adversum
1232 1687 1487 1721 dissimulatores
1507 1690 1600 1722 solet.

856 1731 902 1760 Tu
932 1731 1017 1761 illum
1046 1733 1198 1770 corrumpi
1224 1730 1318 1772 sinis]
1358 1731 1476 1764 Mitius
1505 1734 1601 1765 modo

852 1772 945 1810 dixit,
970 1775 1046 1804 sinis
1074 1776 1246 1814 eorrumpt':
1276 1785 1354 1806 mox
1376 1775 1601 1808 vehementius

852 1815 948 1853 dicet,
970 1818 1022 1847 An
1046 1817 1132 1847 laada·
1151 1822 1245 1857 putat
1265 1816 1347 1858 sore,
1373 1820 1403 1849 si
1429 1821 1602 1859 perdiderit

850 1864 998 1900 gnatam.
992 1862 1006 1881 ⁷
1030 1859 1072 1890 D.

900 1903 949 1933 18.
965 1903 1095 1933 Hamae
1116 1904 1256 1942 imperito
1268 1914 1421 1944 nunquan·
1432 1906 1600 1952 quicqua·

852 1944 1018 1986 injustius]
1046 1945 1135 1976 Miro
1149 1946 1314 1977 stomacho
1329 1946 1440 1988 apud
1430 1957 1539 1988 ipsum
1556 1949 1600 1980 de

853 1988 925 2030 ipso
940 1995 1092 2029 tanquam
1107 1988 1193 2029 apud
1215 1988 1353 2021 alterum
1375 1989 1526 2031 loquitur.
1555 1992 1599 2024 D.

852 2033 1027 2064 —Hom'ne
1041 2031 1197 2072 murita]
1222 2032 1456 2064 Defensionem
1470 2044 1599 2076 parans,

854 2075 895 2106 ab
917 2085 956 2106 ea
976 2074 1099 2116 incepit
1123 2081 1225 2117 parte,
1248 2085 1320 2116 qnae
1343 2077 1600 2129 objurgationem

854 2124 961 2149 tenet:
985 2118 1061 2159 quia
1075 2118 1246 2160 imperitus
1260 2129 1390 2161 semper
1404 2120 1483 2152 satis
1494 2120 1599 2162 injus-

854 2168 907 2193 tus
930 2167 989 2193 est.
1027 2161 1125 2192 Parat
1147 2168 1256 2193 autem
1278 2162 1499 2195 defensionem
1521 2164 1599 2195 ado-

852 2204 1024 2242 lescentiae,
1036 2204 1143 2236 sciens
1157 2205 1360 2237 meretricem
1372 2213 1508 2248 raptam.
1528 2209 1601 2239 Non

852 2254 898 2279 eet
912 2250 1077 2289 flagitium,
1092 2253 1149 2279 ete.
1186 2248 1262 2279 Non
1285 2248 1357 2280 laus
1380 2256 1439 2287 est,
1461 2249 1509 2281 ibi
1528 2260 1600 2282 mc

851 2291 1025 2332 integrum,
1055 2291 1112 2322 ubi
1137 2301 1202 2323 non
1230 2291 1428 2334 possibilitas
1453 2303 1599 2325 corrum-

851 2334 960 2376 pendi.
992 2335 1031 2365 E.
1032 2336 1206 2366 -Homine
1218 2334 1374 2376 inperito]
1398 2335 1598 2369 Menander.

851 2378 919 2410 Οὔκ
932 2378 999 2409 ἐστ)
1015 2377 1121 2410 ἀνοίας
1135 2376 1226 2409 οὐδὲν
1238 2378 1487 2420 τολμηρότερον.
1503 2379 1598 2415 ῥαιο-

850 2433 940 2462 φιιιιι
955 2420 1117 2462 injustius]
1142 2421 1206 2452 Ms.
1223 2421 1265 2453 R.
1280 2424 1440 2463 quicqua-
1454 2422 1600 2464 injusu’ne

849 2470 905 2496 εει.
928 2465 965 2496 L.
967 2464 1113 2496 —Codtt
1129 2474 1241 2496 omnes
1255 2465 1401 2506 qiu-ttius
1414 2471 1479 2497 est.-
1493 2466 1599 2499 scribe

850 2507 950 2549 igitur
964 2508 1144 2548 injueiu’se.
1176 2508 1214 2539 B.

899 2552 948 2583 19.
962 2552 1037 2582 Nisi
1051 2549 1312 2592 quodipsesect't]
1335 2550 1499 2584 Αῧθάδεισ.
1522 2552 1598 2586 11oe

853 2594 940 2626 enim
955 2594 1123 2636 proprium
1139 2594 1332 2626 rusticorum
1347 2602 1407 2632 est,
1422 2602 1520 2637 atque
1533 2595 1597 2628 im-

852 2637 1040 2680 peritorum
1075 2639 1168 2668 Nihil
1193 2643 1307 2668 rectu
1326 2637 1436 2680 μασι]
1462 2639 1598 2682 Proprie

941 2681 1061 2712 ,Nam
1076 2680 1137 2712 hoc
1149 2681 1283 2712 verbum
1298 2680 1521 2722 imperitorum
1535 2689 1596 2715 est.

851 2724 942 2756 Ordo
965 2730 1023 2761 est,
1046 2723 1113 2759 Qui
1139 2723 1223 2755 nihil
1250 2731 1375 2756 rectum
1400 2731 1505 2767 putat,
1529 2726 1596 2759 nisi

850 2767 961 2809 qnod
952 2777 1023 2809 ipse
1038 2766 1123 2798 feeit.
1151 2767 1193 2798 D.

895 2811 947 2841 20.
966 2808 1542 2894 Quorsus-istuqueemperttaet,
1538 2819 1597 2846 aut

851 2855 938 2885 dieis.
972 2855 1052 2887 Quia
1067 2858 1111 2890 ts,
1124 2854 1239 2885 Dea-oa
1279 2853 1320 2885 Id
1343 2861 1403 2892 ειι,
1417 2854 1542 2888 homo
1530 2867 1594 2888 ιιιι-

848 2896 1004 2970 {girus-
1011 2897 1090 2927 Ποι-
1107 2898 1186 2928 nale
1207 2896 1347 2939 indias]
1372 2897 1449 2930 Pari
1473 2898 1595 2932 virtute

940 2938 1058 2970 leniter
1070 2938 1157 2972 dien
1171 2947 1257 2979 sunt,
1272 2951 1336 2983 qua
1351 2941 1518 2984 superiora
1537 2953 1593 2976 ve·

849 2982 1028 3014 hementer.
1059 2982 1101 3014 D.
