1852 3216
110 183 249 212 scam
272 169 343 224 11.]

666 168 1081 212 EUNUCHUS.

1562 173 1648 215 229

165 257 462 313 Aufugistin'?
514 258 600 300 Cn.
623 258 762 309 Hera,
785 259 958 301 factum.
1011 258 1103 301 ΤΗ.
1130 257 1264 301 Satin'
1282 259 1327 301 id
1349 259 1426 301 tibi
1446 259 1618 315 placet?

165 322 250 364 Cu.
273 322 392 364 Non.
457 322 550 365 ΤΗ.
574 322 748 365 Credin’
782 330 826 365 te
858 324 1032 379 impune
1064 323 1343 366 habiturum?
1393 323 1479 367 Cn.
1503 324 1646 367 Unam

248 386 360 429 hanc
386 387 556 428 noxiam

166 452 354 494 Omitte:
388 453 424 493 si
445 451 570 494 aliam
588 451 802 494 admisero
822 468 1026 509 unquam,
1049 455 1247 497 occidito.

110 525 148 556 15
165 516 255 559 ΤΗ.
271 516 392 559 Num
403 532 541 559 meam
558 517 765 559 saevitiam
775 518 966 561 veritus?
998 519 1084 561 Cn.
1100 519 1218 563 Non.
1251 519 1343 562 ΤΗ.
1354 519 1475 568 Quid
1491 519 1648 575 igitur?

163 581 249 624 CH.
272 582 401 624 Hanc
421 584 568 634 metui,
588 598 642 625 ne
663 598 729 625 me
751 583 1048 626 criminaretur
1068 585 1160 626 tibi.

164 646 255 688 ΤΗ.
281 647 403 695 Quid
423 647 618 699 feceras?
670 647 755 689 Cu.
780 647 1010 690 Paululum
1030 648 1250 704 quiddam.
1300 648 1392 691 ΤΗ.
1417 647 1520 691 Eho
1542 663 1653 705 pau-

249 712 397 763 lulum,
419 713 677 767 impudens?

165 776 239 818 An
259 776 434 832 paulum
454 777 537 819 hoc
558 791 654 818 esse
675 777 753 818 tibi
773 777 959 828 videtur,
981 778 1188 834 virginem

166 841 334 884 Vitiare
354 842 517 884 civem?

565 841 650 883 Cn.
674 840 938 883 Conservam
958 857 1055 885 esse
1076 843 1256 885 credidi.

109 914 151 944 20
168 905 251 948 ΡΥ.
276 906 567 948 Conservam?
597 906 670 947 vix
688 920 756 947 me
777 907 992 956 contineo,
1013 907 1118 961 quin
1137 906 1319 948 involem
1341 907 1384 948 in

166 970 403 1026 Capillum:
434 977 697 1021 monstrum3
729 970 857 1012 etiam
877 970 991 1012 ultro
1012 970 1202 1012 derisum
1221 971 1410 1012 advenit.

166 1035 257 1078 ΤΗ.
279 1034 410 1078 Abin’
429 1035 544 1086 hinc,
565 1036 748 1077 insana?
802 1035 886 1077 ΡΥ.
913 1034 1033 1082 Quid
1055 1035 1116 1076 ita
1134 1049 1237 1077 vero
1257 1036 1438 1076 abeam?

165 1100 309 1143 Credo
328 1100 399 1142 isti
419 1101 650 1156 quicquam
669 1099 890 1149 furcifero,
913 1099 949 1141 si
969 1099 1014 1141 id
1035 1098 1232 1142 fecerim:

106 1227 202 1258 chum
224 1237 311 1259 esse:
336 1227 384 1259 uti
411 1227 461 1267 (ut
483 1229 516 1258 in
543 1227 597 1268 Z.)
620 1227 667 1259 sic
683 1227 857 1259 salutatum

106 1269 232 1301 facilius
243 1276 396 1311 tanquam
408 1271 588 1310 subjectum
598 1276 632 1301 et
640 1270 702 1302 sibi
712 1270 858 1301 deditum

107 1312 218 1344 invehi
233 1313 344 1354 possit.
377 1313 415 1343 E.

152 1356 200 1386 12.
217 1357 315 1392 Hero,
330 1354 470 1395 fuctum]
494 1355 571 1386 Non
586 1354 694 1397 potuit
708 1354 858 1386 subtilius

106 1397 303 1439 respondere
324 1398 469 1434 Chaerea,
493 1408 590 1438 quam
615 1397 857 1428 accommodare

108 1450 143 1471 se
170 1440 393 1481 interroganti.
433 1442 531 1471 Satin'
558 1442 593 1470 id
624 1442 681 1470 tibi
708 1442 811 1480 placet
820 1439 854 1480 ?]

110 1482 183 1514 Hoc
198 1489 307 1524 potest
318 1489 351 1514 et
367 1493 433 1514 non
446 1482 582 1523 figurate
597 1482 671 1520 dici,
688 1482 745 1514 sed
760 1492 854 1523 aper-

108 1532 149 1556 te.
183 1525 225 1556 D.

153 1569 201 1599 13.
232 1569 329 1598 Unam
353 1570 430 1598 hanc
453 1569 572 1598 noriam
595 1566 697 1607 mitte]
730 1566 853 1608 Trisyl-

107 1610 179 1641 labo
201 1610 333 1642 nomine
356 1612 476 1641 nariam
498 1610 592 1646 dixit,
607 1609 697 1650 quasi
725 1619 852 1640 noxam.

107 1652 197 1684 Alibi
230 1652 334 1690 aliter,
359 1653 480 1684 Heaut.
507 1652 541 1683 ii.
567 1654 596 1683 3.
628 1653 680 1685 57.
704 1654 855 1683 dominum

106 1695 191 1726 dixit
219 1701 306 1727 extra
333 1707 450 1726 noa-am.
492 1694 703 1732 D.-—-Lectio‚
734 1697 855 1734 impune

106 1740 270 1811 ‹1351qu
291 1748 311 1769 a
329 1738 516 1770 melioribus
537 1737 629 1769 libris
652 1737 852 1779 repudiatur.

153 1824 202 1854 14.
227 1825 261 1854 Si
275 1824 369 1854 aliam
385 1825 534 1853 admisero
554 1834 694 1863 unquam,
710 1821 853 1863 occidito]

107 1866 216 1897 Verba
245 1875 422 1902 servorum,
444 1865 560 1906 quibus
590 1864 671 1895 nihil
701 1865 856 1896 horribile

107 1915 157 1940 est
170 1915 246 1950 post
259 1915 436 1949 praesentes
446 1907 567 1949 plagas.
592 1907 636 1938 Et
656 1917 719 1938 non
735 1909 854 1944 caedito,

105 1951 163 1982 sed
186 1953 333 1982 occidito.-
356 1956 390 1981 et
411 1960 477 1981 non
499 1952 579 1981 alias
601 1949 685 1981 dixit
708 1949 855 1990 (excidit,

105 1996 160 2025 sed
179 1993 300 2033 alium),
323 1993 415 2034 quasi
437 1992 492 2023 illa
507 1993 651 2023 Chaereae
675 1992 803 2029 dixerit,
823 1997 857 2023 at

106 2039 156 2068 hic
169 2039 276 2067 irrisor
291 2042 337 2068 est
352 2042 386 2067 ut
392 2035 548 2076 fugitivus
565 2035 691 2075 (Adhuc
703 2037 812 2066 irrisor
826 2046 858 2066 es

109 2079 173 2110 Ms-
200 2079 245 2110 Η.
263 2085 296 2110 et
316 2079 432 2109 venet.
480 2078 545 2109 Sed
573 2078 726 2119 Wieling.
753 2083 856 2119 putat,

106 2122 204 2153 verba
217 2120 513 2162 Quasi—fugitivus,
524 2120 699 2160 rejicienda
709 2121 748 2152 ad
760 2121 858 2151 finem

106 2175 220 2196 versus
246 2165 326 2203 21.).
359 2164 482 2195 D.—-St'
497 2165 591 2194 aliam
611 2163 776 2204 admisero]
801 2163 857 2194 Ci-

106 2217 181 2239 cero
207 2217 268 2249 pro
287 2207 327 2243 Q.
346 2206 478 2248 Ligario
498 2217 529 2237 x.
547 2208 707 2247 Ignoscite,
721 2206 858 2246 judices,

106 2253 231 2287 erravit,
252 2252 356 2291 lapsu-t
369 2255 424 2287 est,
442 2261 498 2280 non
509 2251 632 2289 putavit
642 2262 654 2285 ,·
677 2251 705 2280 εἰ
722 2260 855 2289 unquam

103 2295 230 2333 posthac
240 2306 251 2324 .·
274 2295 317 2324 ad
333 2297 491 2333 parentem
507 2295 552 2323 sic
565 2294 618 2332 agi
633 2293 717 2328 solet,
734 2297 789 2323 etc.
816 2292 853 2322 L.

107 2335 225 2372 —Pro,
241 2337 362 2371 Omitte,
378 2335 414 2366 in
429 2334 593 2376 plerisque
609 2335 728 2366 nostris
742 2341 775 2365 et
792 2335 855 2365 Fa·

108 2378 179 2410 erni
194 2378 285 2410 libris
300 2385 359 2415 est,
375 2380 501 2409 Amitte.
530 2378 643 2408 Recte.
674 2378 711 2408 B.

154 2421 203 2452 15.
227 2423 311 2452 Num
337 2432 431 2452 meam
458 2422 606 2452 eaevitiam
634 2423 749 2451 veritus
778 2432 810 2451 es
819 2420 854 2461 ἲ]

111 2462 158 2493 Ut
178 2463 314 2504 fugeres.
347 2463 560 2495 D.-—Versus
582 2473 678 2494 causa
693 2463 755 2504 leg.
772 2465 857 2494 Num

109 2508 204 2536 meda
229 2508 375 2537 :avitiam
398 2507 549 2537 veritu's?
598 2507 652 2537 Ch.
670 2507 750 2537 Non.
799 2508 855 2537 Th.

111 2549 207 2578 Non?
228 2550 302 2588 quid
315 2551 438 2589 igitur?
461 2549 536 2579 Hoc
550 2554 646 2590 pacto
663 2559 856 2590 responsum

111 2590 255 2621 Chaereae
268 2590 303 2621 in
318 2590 385 2622 ictu
400 2591 580 2622 exauditur.
614 2591 652 2622 B.

156 2633 204 2663 16.
220 2634 313 2663 Hanc
326 2635 428 2669 metui,
438 2644 475 2664 ne
489 2644 534 2664 me
550 2636 765 2665 criminaretur
779 2633 855 2675 tibi]

112 2675 258 2706 Perfecte
281 2674 425 2706 imitatus
445 2682 495 2706 est
517 2677 616 2707 verba
635 2676 856 2717 fugitivorum,

109 2728 182 2758 quae
203 2718 290 2759 apud
311 2717 459 2748 dominos
480 2717 604 2749 faciunt
621 2719 856 2760 comprehensi.

112 2761 294 2791 D.—Hanc
319 2762 421 2797 metui,
446 2759 501 2800 nc]
526 2760 633 2797 Hanc,
653 2760 769 2801 inquit,
796 2762 860 2803 Py-

112 2803 213 2834 thiam
236 2802 340 2840 timui,
362 2812 404 2833 ne
426 2812 478 2833 me
497 2812 590 2833 reum
612 2803 699 2844 apud
721 2809 754 2834 te
776 2803 861 2835 face-

111 2852 171 2877 ret.
204 2846 243 2876 E.

120 2900 123 2901 ⁷
158 2888 207 2921 17.
224 2890 311 2920 Eho!
324 2889 491 2928 paululum,
502 2889 657 2928 impudem
666 2887 699 2928 ?]
715 2890 767 2919 An
780 2899 858 2928 pou-

111 2933 204 2962 lulum
219 2933 274 2962 hoc
287 2942 350 2962 esse
366 2932 425 2961 tibi
439 2932 568 2967 vidctur,
590 2932 736 2971 virginem
750 2933 861 2962 vitiare

111 2976 228 3006 civem?
253 2973 319 3005 Hic
340 2975 408 3014 jam
435 2972 659 3014 intelligimus,
684 2973 769 3013 quod
795 2983 859 3005 non

902 1227 1085 1258 eunuchum
1101 1226 1212 1258 credat
1234 1236 1314 1263 esse,
1331 1236 1405 1257 cum
1428 1236 1492 1267 quo
1507 1225 1653 1267 loquitur

901 1269 1065 1300 meretrix.
1100 1269 1224 1300 Verum
1249 1269 1354 1300 adhuc
1378 1269 1466 1305 latet,
1490 1269 1563 1310 quis
1587 1269 1650 1300 iste

901 1311 953 1343 sit.
994 1312 1046 1342 Ita
1066 1311 1214 1352 quamvis
1228 1311 1284 1342 ille
1299 1311 1466 1343 convictus
1481 1318 1532 1343 est
1543 1311 1584 1342 de
1599 1311 1649 1342 vi-

901 1354 982 1385 tiata
996 1354 1133 1395 virgine,
1149 1354 1254 1384 adhuc
1269 1359 1421 1394 tanquam
1437 1364 1550 1385 servus
1572 1364 1649 1394 pro-

899 1397 994 1438 ponit
1014 1403 1052 1427 ut
1073 1396 1170 1433 dicat,
1185 1407 1355 1427 commum
1370 1407 1433 1427 esee
1448 1398 1575 1427 credidi.
1608 1396 1648 1427 E.

898 1439 997 1470 —Ex
1009 1439 1120 1470 Bemb.
1134 1448 1200 1469 uno
1216 1444 1372 1476 nostrum,
1385 1446 1419 1470 et
1432 1438 1560 1470 ratione
1575 1448 1650 1470 ver-

899 1492 954 1512 sus
983 1491 1043 1522 pro
1070 1483 1228 1521 paululum
1257 1481 1319 1522 leg.
1345 1483 1482 1521 paulum.
1521 1481 1566 1512 Et
1588 1491 1653 1522 pro

898 1526 1041 1564 quiddam
1066 1523 1202 1564 corrige,
1225 1526 1322 1564 quid,-
1354 1530 1390 1554 ut
1405 1526 1532 1563 paulum
1555 1530 1650 1555 acuat

898 1566 1063 1602 ultimam;
1088 1566 1190 1597 veluti
1205 1567 1262 1597 Gr.
1279 1565 1389 1605 μικρόν
1402 1578 1443 1597 τι.
1474 1567 1511 1597 Β.

944 1610 992 1640 19.
1023 1611 1141 1639 Victore
1166 1608 1302 1649 civem?]
1341 1609 1432 1640 Bene
1462 1608 1575 1640 intulit
1603 1611 1648 1640 ct·-

896 1662 979 1683 vem:
1002 1651 1087 1692 quod
1111 1651 1185 1692 plus
1215 1657 1274 1688 est,
1300 1661 1396 1692 quam
1426 1654 1574 1692 virginem
1603 1655 1650 1683 vi-

898 1696 976 1725 tiare
987 1707 998 1725 .·
1021 1694 1149 1734 αὔξησις
1162 1693 1322 1734 gradatim
1338 1694 1430 1725 facta.
1471 1696 1651 1726 Conservam

897 1748 960 1768 esse
984 1736 1119 1777 credidi]
1153 1737 1260 1768 Locus
1284 1743 1354 1768 erat
1372 1743 1409 1768 ut
1428 1736 1560 1775 diceret,
1583 1748 1648 1769 ser-

896 1791 964 1810 vam
978 1791 1041 1811 esse
1056 1781 1183 1817 credidi,
1199 1780 1257 1811 sed
1276 1779 1510 1811 admirabiliter
1530 1791 1651 1811 conser-

897 1833 964 1853 vam
991 1822 1083 1853 dixit.
1130 1822 1175 1853 Et
1203 1822 1264 1853 hoc
1290 1822 1398 1864 ipsum
1423 1822 1653 1854 miserabiliter

898 1864 1178 1906 pronunciandum
1193 1871 1243 1895 est
1255 1876 1262 1895 :
1287 1871 1440 1905 tanquam
1455 1864 1650 1895 miserabili-

898 1914 949 1938 ter
972 1907 1147 1938 crediderit
1166 1917 1357 1938 conservam
1379 1917 1460 1945 esse,
1476 1917 1548 1947 quae
1568 1907 1651 1938 civis

900 1955 979 1986 erat,
995 1955 1092 1990 atque
1117 1959 1188 1980 eam
1209 1949 1301 1989 quasi
1322 1959 1511 1981 conservam
1535 1949 1651 1981 vitiare

900 1992 1058 2023 debuerit.
1089 1992 1242 2029 D.—Ne,
1268 2002 1448 2029 conservam,
1468 1991 1504 2023 in
1526 1991 1649 2034 repeti-

901 2035 990 2065 tione
1014 2034 1118 2065 variet
1140 2040 1328 2070 accentum3
1351 2034 1468 2072 deleto,
1487 2045 1559 2073 esse,
1575 2045 1649 2066 cor-

901 2077 980 2119 rige,
996 2081 1091 2108 meam
1106 2088 1275 2108 conservam
1290 2079 1416 2108 credidi.
1449 2078 1488 2109 B.

946 2121 998 2151 20.
1023 2122 1200 2151 Conservam
1210 2119 1244 2160 ἵ]
1274 2120 1445 2161 Oportune
1467 2121 1650 2152 stomacha-

902 2163 996 2194 batur
1011 2162 1155 2204 Pythias,
1179 2161 1263 2193 facta
1285 2162 1451 2194 mentione
1473 2173 1650 2196 conservae.

907 2207 966 2236 Vix
981 2217 1026 2236 me
1041 2208 1184 2242 contineo,
1200 2207 1274 2246 quin
1288 2207 1413 2236 involem
1435 2208 1469 2236 in
1488 2206 1651 2248 capillum]

901 2248 1003 2279 Minae
1016 2248 1087 2279 istae
1101 2248 1233 2289 proprie
1248 2247 1441 2279 feminarum
1456 2254 1543 2286 sunt,
1559 2254 1593 2280 et
1613 2249 1650 2281 in

899 2301 944 2328 se,
960 2297 993 2322 et
1014 2291 1050 2322 in
1072 2290 1153 2322 alios
1174 2290 1339 2331 unguibus
1357 2290 1580 2322 saevientiunn
1602 2298 1650 2330 ut,

899 2334 976 2364 AEn.
993 2333 1035 2364 iv.
1056 2334 1129 2366 673.
1161 2335 1320 2374 Unguibus
1340 2344 1393 2364 ora
1412 2344 1496 2364 soror
1512 2333 1650 2373 foedons,

898 2382 929 2407 et
950 2382 1074 2416 pectora
1092 2378 1217 2417 pugnis.
1252 2375 1317 2407 Sed
1332 2377 1465 2414 involem,
1481 2377 1522 2407 ab
1537 2376 1651 2409 avibus

899 2426 1039 2450 tractum
1061 2426 1130 2450 est:
1154 2425 1191 2450 ut
1206 2419 1293 2461 apud
1308 2418 1492 2460 Virgilium,
1510 2418 1586 2450 AEn.
1602 2419 1650 2452 iii.

900 2463 973 2493 233.
1002 2464 1139 2502 praedam
1172 2463 1303 2502 pedibus
1332 2463 1528 2492 circumvolat
1554 2465 1650 2495 uncis.

900 2505 989 2546 Ergo
999 2505 1061 2536 hoc
1076 2510 1182 2546 gestu,
1194 2511 1226 2535 et
1237 2504 1334 2542 dicto,
1349 2511 1381 2535 et
1392 2503 1537 2545 corporis
1549 2512 1650 2545 motu,

901 2554 950 2580 est
964 2547 1191 2588 adjuvandum.
1224 2547 1267 2578 D.

944 2591 996 2621 21.
1019 2592 1151 2621 Involem
1165 2592 1198 2620 in
1213 2589 1373 2630 capillum]
1397 2589 1545 2631 Apparet
1560 2601 1651 2624 more

900 2639 1046 2665 veterum
1063 2633 1228 2664 intonsum
1246 2642 1326 2663 esse.
1350 2634 1456 2663 Elium
1471 2634 1552 2664 ultro
1565 2635 1651 2666 dert-

899 2687 965 2707 eum
985 2674 1123 2715 advenit]
1150 2674 1236 2706 Mire
1259 2685 1346 2705 nunc
1372 2674 1497 2706 addidit
1519 2686 1653 2710 acema-

901 2718 1033 2755 tionem,
1051 2717 1136 2758 quod
1152 2727 1218 2748 non
1233 2717 1348 2748 saltem
1364 2717 1502 2758 fugeret.
1540 2719 1583 2751 D.

950 2762 1001 2792 22.
1027 2760 1133 2792 Bentl.
1149 2770 1223 2791 cum
1241 2760 1368 2790 Faerno
1381 2759 1463 2801 legit
1481 2766 1516 2793 et
1532 2761 1651 2794 distin-

904 2803 996 2845 guit:
1024 2804 1107 2836 Quid
1121 2805 1192 2833 ita?
1213 2813 1283 2833 vero
1296 2803 1428 2834 debean.
1460 2803 1498 2834 Z.

950 2847 1001 2877 23.
1025 2847 1169 2881 Debeom,
1185 2846 1284 2882 credo,
1296 2846 1352 2876 tm·
1371 2847 1530 2886 quicquam
1543 2846 1650 2888 surci-

896 2888 986 2929 sero]
1004 2887 1203 2919 Subauditur
1223 2898 1301 2925 vero,
1323 2894 1381 2919 aut
1395 2887 1555 2929 εἰρωνικῶς
1573 2901 1651 2932 pro·

904 2930 1124 2962 nunciandum
1149 2936 1198 2961 est
1225 2930 1320 2971 (Leg.
1337 2939 1428 2962 outo
1449 2939 1508 2962 ιτΑ
1531 2935 1648 2963 vano?

903 2974 1039 3010 Abeam,
1049 2972 1255 3009 subauditur-3
1271 2981 1365 3004 vano
1377 2979 1485 3005 autem
1497 2974 1551 3014 εῖρ.
1560 2975 1649 3015 αα).
