1852 3216
88 144 229 174 semu
251 130 331 186 1v.]

143 221 269 263 Sensi
287 219 398 263 illico
417 220 463 262 id
482 219 575 262 illas
595 219 830 276 suspicari3

658 129 1025 172 ›ADELPHL

1524 132 1610 174 425

862 220 940 262 sed
958 235 1025 262 me
1047 219 1306 275 reprehendi
1323 227 1480 271 tamen,

87 296 125 326 15
142 287 214 330 Ne
234 287 337 343 quid
358 286 413 328 de
434 286 566 329 fratre
586 285 771 342 garrulae
790 285 850 328 illi
870 287 1070 336 dicerem,
1091 301 1141 328 ac
1161 286 1286 329 fieret
1305 285 1461 342 palam.

141 353 272 395 Nunc
303 353 407 408 quid
436 352 616 395 faciam?
655 353 793 395 dicam
821 352 965 394 fratris
995 354 1124 394 esse?
1162 352 1208 393 id
1235 351 1410 408 quidem
1437 352 1605 395 minime

226 426 294 460 est
314 434 423 474 opus

140 484 337 540 Usquam
356 483 526 526 efferri:
558 499 607 526 ac
627 484 772 526 mitto:
802 483 898 526 fieri
916 483 1030 539 potis
1052 491 1133 534 est,
1155 491 1203 525 ut
1224 498 1277 526 ne
1297 499 1384 540 qua
1401 491 1543 527 exeat.

139 550 289 606 Ipsum
308 550 353 591 id
373 558 517 591 metuo
537 558 585 592 ut
605 550 782 592 credant
798 566 808 591 :
840 557 905 591 tot
924 557 1186 591 concurrunt
1203 549 1467 592 verisimilia:

141 615 329 671 Egomet
362 617 513 671 rapui:
544 618 637 672 ipse
658 623 827 672 egomet
852 614 957 657 solvi
976 622 1225 670 argentum:
1257 616 1314 657 ad
1332 630 1400 658 me
1419 616 1608 659 abducta

224 690 292 723 est
312 682 483 723 domum
500 698 510 723 :

82 754 125 784 20
139 747 250 789 Haec
268 748 379 789 adeo
399 763 494 789 mea
514 747 640 803 culpa
660 747 797 790 fateor
815 747 935 789 fieri:
966 763 1052 789 non
1071 763 1139 790 me
1158 748 1271 790 hanc
1291 763 1382 790 rem
1402 749 1530 804 patri,

140 812 255 854 Utut
273 820 365 854 erat
386 820 523 868 gesta,
544 814 786 855 indicasse?
817 828 1062 855 exorassem
1084 822 1132 856 ut
1151 829 1245 856 eam
1265 814 1482 856 ducerem.

140 877 365 920 Cessatum
374 893 510 933 usque
519 877 662 920 adhuc
670 886 754 920 est:
774 893 887 921 nunc
894 894 1039 935 porro,
1050 879 1277 930 AEschine,
1286 881 1606 936 expergiscere:

138 943 269 986 Nunc
288 943 371 986 hoc
392 944 650 999 primum’st:
681 945 737 986 ad
763 944 866 987 alias
891 946 979 996 ibo,
1001 952 1050 987 ut
1074 960 1254 1001 purgem
1281 960 1376 988 me:
1406 946 1607 988 accedam

224 1009 280 1051 ad
299 1009 429 1051 fores.

137 1073 277 1116 Perii!
309 1074 515 1117 horresco
535 1090 718 1131 semper,
739 1076 814 1117 ubi
832 1076 1002 1132 pultare
1021 1076 1152 1118 hasce
1173 1077 1337 1131 occipio
1356 1077 1499 1119 miser.

79 1148 120 1178 25
139 1139 278 1191 Heus,
313 1139 448 1182 heus:
487 1140 726 1183 AEschinus
759 1156 842 1196 ego
879 1157 995 1195 sum;
1035 1143 1198 1199 aperite
1228 1142 1380 1198 aliquis
1415 1149 1606 1186 actutum

220 1205 389 1247 ostium.

135 1270 289 1313 Prodit
307 1271 452 1313 nescio
470 1272 566 1327 quis
583 1288 593 1313 ε
626 1272 859 1314 concedam
877 1271 977 1314 huc.

122 1385 171 1415 14.
189 1386 242 1415 Me
261 1383 456 1425 reprehendi]
477 1384 517 1415 V.
536 1385 572 1415 C.
594 1396 640 1416 me
654 1386 751 1425 pallio
768 1396 817 1416 re-

73 1429 231 1468 prehendi.
263 1428 411 1458 L—Pro
434 1429 612 1467 reprehendi
636 1434 702 1459 tres
726 1428 817 1459 codd.

77 1481 151 1501 cum
171 1470 242 1501 edd.
265 1477 343 1501 vett.
366 1470 487 1501 habent
508 1474 667 1511 mppr-essi.
712 1471 822 1502 Etiam

76 1514 187 1555 probe.
225 1514 369 1545 Heaut.
360 1524 381 1545 ι.
400 1515 428 1544 2.
446 1515 498 1544 25.
515 1522 548 1544 et
566 1514 649 1545 Hec.
670 1515 819 1546 v.1.39.

77 1557 357 1641 B15.Garru1ae]
380 1600 502 1642 Utpote
522 1610 603 1632 anus
620 1600 735 1641 (anui).
772 1603 821 1632 Ac

67 1645 159 1682 fieret
176 1643 296 1684 polam]
315 1644 447 1675 Demeae
467 1643 599 1679 scilicet,
616 1644 668 1675 cui
684 1643 818 1675 minime

75 1696 157 1728 opus
171 1686 241 1718 fuit.
273 1687 315 1718 D.
316 1688 411 1718 —Ne
425 1689 501 1728 quid
514 1689 551 1718 de
564 1686 669 1728 fratre
680 1689 818 1728 garrulae

74 1731 124 1760 illi
146 1729 295 1771 dicerem]
323 1730 485 1761 Convenit
509 1730 606 1768 enim,
631 1741 673 1762 ne
696 1730 815 1771 aliquid

75 1773 217 1804 dicerem
246 1773 287 1804 de
317 1773 415 1804 fratre
438 1773 486 1804 illi
511 1773 640 1804 mulieri
669 1773 817 1815 garrulae,

74 1816 106 1847 h.
124 1827 152 1847 e.
169 1817 312 1847 verbm
326 1823 360 1847 et
373 1816 508 1857 loquaci.
541 1816 580 1847 E.

122 1860 170 1890 16.
188 1861 279 1891 Nunc
294 1861 369 1900 quid
378 1858 514 1900 faciam]
533 1859 652 1901 Figura
671 1858 816 1900 διεκόρη-

75 1914 133 1934 σις.
162 1902 358 1943 D.—Nunc]
384 1902 583 1934 Deliberatio
604 1902 675 1944 ipsa
696 1913 815 1945 suppo-

73 1946 164 1977 nitur
189 1948 348 1987 Numquid
370 1948 479 1983 diem,
506 1952 560 1977 ane
581 1958 679 1987 agam,
699 1945 817 1986 fratris

73 2000 136 2020 esse
162 1992 264 2020 hanc?
300 1990 381 2020 Haec
405 2000 471 2020 non
494 1996 645 2030 oportent
668 1989 815 2027 indicari,

73 2042 116 2063 ne
139 2032 220 2064 fiant
242 2032 358 2075 palam.
404 2035 481 2074 Age,
506 2033 603 2064 celari
627 2033 731 2075 possit
750 2033 814 2064 for-

74 2081 167 2107 tasse.
202 2076 287 2107 Illud
302 2082 421 2113 metuo,
437 2086 479 2107 an
492 2076 635 2113 credant,
651 2076 735 2117 quod
750 2075 814 2107 fra-

73 2118 116 2150 tri
136 2119 240 2161 rapui,
259 2119 380 2161 quippe
400 2130 474 2150 curn
495 2126 621 2160 egomet
640 2119 814 2161 rapuerim,

73 2171 134 2204 ego
154 2170 322 2204 argentum
350 2162 510 2200 solverim,
534 2163 574 2193 ad
598 2173 651 2193 me
677 2163 815 2194 adducta

72 2205 204 2237 domum
231 2206 282 2237 sit.
336 2206 472 2248 Reperit
498 2205 678 2244 consilium,
706 2213 744 2237 ut
774 2206 815 2236 ad

71 2247 144 2280 illas
158 2255 316 2291 pergeret,
333 2256 367 2281 et
381 2260 416 2280 se
430 2257 593 2291 purgaret.
626 2249 663 2280 E.
667 2250 812 2280 —Bent-

72 2290 155 2323 leius
171 2303 247 2324 cum
265 2292 338 2323 aliis
357 2292 468 2330 edidit,
488 2295 598 2324 Dicam
611 2291 729 2333 fratris
750 2303 813 2324 esse

72 2336 149 2366 hane
158 2338 174 2366 2
195 2337 275 2376 qnod
287 2338 407 2367 minime
409 2337 448 2367 ’st
460 2347 541 2376 opus.
574 2335 612 2366 Z.

118 2378 167 2411 17.
204 2381 246 2410 Ut
272 2390 309 2410 ne
337 2391 397 2420 quo
425 2378 529 2420 exeat]
562 2379 738 2430 Erumpat·
765 2385 811 2415 ut,

74 2420 177 2452 AEm'
168 2421 202 2452 li.
218 2422 426 2463 filii—quum
441 2433 579 2463 spumeus
598 2425 695 2453 amnis
713 2423 812 2459 Exiit,

72 2466 615 2507 oppositaequeevieilgnrgitemoles.
642 2465 811 2497 D.--Vul

71 2517 114 2547 go
136 2518 194 2548 age
216 2510 322 2539 nino.-
345 2508 521 2540 victoriam.
548 2511 672 2540 omitto.-
698 2509 809 2539 Bemb.

72 2561 110 2580 oc
135 2552 231 2588 utillo,
250 2557 289 2581 ut
311 2551 347 2581 in
370 2551 500 2583 Pborm.
523 2563 560 2583 ae
580 2555 667 2584 mitto
686 2554 810 2593 imperi-

70 2604 129 2623 um.
165 2593 202 2623 B.

118 2637 167 2666 18.
186 2637 289 2676 [ρει.
302 2638 337 2667 id
356 2642 462 2674 metuo,
478 2643 513 2668 nt
532 2637 675 2678 eredat]
699 2639 811 2678 Ipsum,

70 2679 156 2720 quod
165 2678 257 2710 fratri
268 2679 377 2721 rapui:
401 2687 434 2711 et
442 2685 485 2717 ut,
500 2690 561 2721 pro
571 2691 608 2711 ne
619 2692 677 2711 non
690 2682 808 2723 posuit.

73 2723 131 2753 Tot
152 2728 332 2753 concurrunt
353 2703 546 2764 verisimilia]
578 2723 624 2754 Ut
645 2733 718 2755 mea
739 2734 810 2756 esse

70 2765 229 2797 credatur.
263 2766 304 2796 D.

118 2809 166 2840 19.
183 2810 237 2840 Ad
250 2820 295 2840 me
310 2810 441 2840 abducta
456 2814 502 2840 est
514 2807 646 2850 domna]
664 2809 809 2851 Proprie,

72 2861 137 2883 non
153 2851 238 2883 dixit
251 2854 393 2889 adducta,
409 2852 468 2883 sed
479 2853 631 2883 abdncta:
649 2854 813 2883 obducitu-

73 2895 159 2926 enim
168 2895 325 2931 alienum;
342 2902 377 2926 ut
387 2895 420 2926 in
433 2894 811 2933 Heautontimorumeno,

72 2939 248 2970 nummus
259 2944 340 2970 tuam
356 2940 547 2970 Bacchidem.
578 2940 631 2969 Aa
643 2949 689 2970 me
703 2945 811 2970 autem

74 2982 199 3019 δοιιιιι,
227 2982 392 3014 moraliter
418 2981 510 3020 dixit,
540 2991 601 3023 pro
630 2984 674 3014 ad
695 2983 811 3014 ἆοιιιιηιι

861 1395 957 1415 meam
967 1398 977 1415 :
994 1394 1035 1415 an
1051 1383 1175 1415 ideood
1184 1395 1240 1421 me,
1250 1383 1324 1425 quia
1337 1389 1370 1415 et
1384 1384 1451 1415 illic
1466 1384 1605 1417 lucoetm

862 1427 937 1459 leno
959 1435 1009 1458 est
1029 1427 1065 1458 in
1086 1427 1257 1459 retinenda
1277 1434 1390 1458 contra
1412 1427 1604 1460 AEschinmn

864 1471 998 1512 puella?
1023 1471 1237 1512 D.—Egomet
1250 1470 1358 1511 rapui]
1375 1470 1531 1502 Priscian.
1547 1471 1603 1503 lib.

863 1514 933 1545 xiii.
965 1514 1003 1545 L.

907 1559 958 1588 21.
980 1559 1056 1589 Utut
1070 1563 1138 1589 erat
1153 1562 1252 1598 gesta,
1268 1558 1417 1588 indicasse
1429 1556 1463 1598 .⁷]
1488 1557 1528 1589 Id
1543 1564 1603 1597 eet,

863 1600 931 1632 sive
947 1600 1040 1638 male,
1056 1600 1125 1631 sive
1139 1601 1222 1632 bene
1238 1607 1330 1641 gesta
1345 1606 1431 1631 erat:
1455 1606 1490 1631 ut
1504 1601 1602 1640 enim,

861 1651 982 1675 certam
1003 1643 1189 1685 qualitatem
1212 1643 1391 1684 significat:
1413 1649 1483 1675 utut
1495 1643 1602 1676 incer-

861 1693 945 1723 tam;
981 1687 1072 1728 quasi
1095 1686 1190 1724 dicat,
1215 1687 1352 1727 Quoquo
1378 1687 1483 1724 modo,
1507 1688 1602 1726 male,

861 1731 952 1761 bene.
997 1732 1176 1762 Exorassem
1206 1735 1242 1761 nt
1267 1741 1333 1761 eam
1362 1730 1515 1772 ducerem]
1547 1731 1602 1763 Sic

861 1773 949 1804 enim
964 1773 1155 1848 {brouuserat
1170 1773 1323 1805 Sostratae
1334 1783 1370 1804 se
1385 1773 1484 1805 fuisse
1498 1774 1601 1806 factu-

861 1826 943 1847 rum.
1006 1840 1014 1847 .

904 1861 955 1890 22.
972 1861 1064 1891 Nunc
1083 1870 1183 1900 porro,
1204 1861 1358 1897 AEschs‘ue,
1376 1860 1600 1902 aspergisoere]

861 1902 916 1934 Sic
930 1909 964 1934 et
983 1902 1070 1940 alibi,
1085 1905 1254 1940 Enimvero,
1271 1904 1367 1939 Dave,
1382 1905 1461 1933 nihil
1479 1904 1537 1934 loci
1554 1909 1602 1936 est

859 1949 1006 1986 segnitie,
1022 1956 1115 1986 neque
1129 1947 1281 1976 socordia.
1319 1945 1455 1986 Legitur
1470 1946 1579 1986 etjam
1589 1958 1600 1977 .-

860 1989 945 2030 quod
961 1995 1010 2020 est
1023 1988 1241 2030 con-eptivum
1255 1988 1428 2019 interdum.
1460 1989 1503 2020 D.

902 2034 953 2063 23.
976 2033 1068 2063 Nune
1089 2034 1143 2063 hoc
1159 2031 1308 2073 primum]
1328 2033 1476 2070 Ρνὶπιαιιι,
1499 2033 1541 2064 ab
1559 2043 1600 2065 eo

858 2076 943 2116 quod
966 2074 1127 2116 rogandus
1153 2081 1203 2106 est
1225 2082 1327 2116 pater.
1380 2077 1531 2107 Accedam
1556 2079 1601 2108 ad

849 2117 953 2160 sores]
971 2119 1123 2150 Sostratae
1138 2118 1270 2149 scilicet.
1303 2118 1345 2150 D.

901 2164 952 2193 24.
978 2163 1128 2193 Horresco
1151 2160 1282 2202 semper]
1308 2161 1394 2193 Satis
1422 2161 1596 2194 amatorie:

859 2215 933 2236 nam
956 2205 1091 2236 nimium
1114 2214 1243 2246 semper
1261 2210 1311 2236 est
1331 2204 1428 2242 calor,
1443 2211 1478 2236 et
1494 2204 1597 2247 frigus

856 2248 979 2280 recedit
1007 2248 1101 2290 (Leg.
1128 2247 1190 2285 vel,
1221 2259 1290 2279 nam
1316 2250 1349 2279 in
1377 2250 1470 2279 nitrio
1497 2259 1598 2281 amore

848 2290 956 2333 frigus
977 2297 1031 2329 est,
1054 2297 1085 2322 et
1106 2293 1189 2322 calor
1208 2293 1344 2322 recedit:
1374 2291 1437 2329 vel,
1465 2302 1535 2323 nam
1562 2294 1597 2324 in

857 2346 956 2366 amore
977 2337 1101 2366 nimium
1121 2345 1237 2374 semper
1256 2339 1302 2365 est
1320 2333 1437 2376 frigus,
1459 2339 1491 2366 et
1512 2337 1598 2367 calor

856 2380 979 2410 recedit.
1010 2378 1060 2409 Cf.
1079 2378 1165 2409 Eun.
1184 2377 1206 2408 i.
1225 2378 1255 2408 2.
1271 2377 1318 2417 4.)
1339 2387 1359 2408 a
1372 2387 1524 2420 corpore:
1546 2385 1595 2416 ut,

859 2423 961 2458 Totus,
977 2423 1133 2458 Parmeno,
1150 2426 1243 2452 tremo
1255 2422 1425 2462 horreoque,
1437 2426 1596 2463 postqua-

855 2468 960 2505 aspesi
974 2467 1060 2495 hanc.
1090 2465 1132 2495 D.

898 2509 949 2539 25.
966 2510 1093 2548 Aperite
1106 2509 1218 2549 aliquis
1231 2512 1366 2538 actutum
1375 2506 1500 2549 mm]
1517 2507 1594 2540 vim

854 2551 1011 2594 pluralem
1041 2551 1138 2582 babet
1166 2553 1287 2592 aliquis,
1312 2550 1458 2591 quamvis
1480 2550 1592 2602 singu-

856 2595 967 2626 lariter
980 2594 1122 2625 dicatur:
1145 2604 1210 2625 non
1227 2601 1277 2625 est
1290 2594 1377 2625 enim
1391 2595 1594 2647 aliquia-nm

855 2638 896 2669 de
922 2637 1051 2669 multis:
1074 2643 1161 2668 recte
1184 2647 1261 2678 ergo
1361 2640 1369 2646 ’
1558 2643 1595 2670 et

853 2691 947 2712 nove.
994 2681 1079 2712 Nam
1097 2680 1257 2720 (Uterque
1271 2679 1353 2712 liber
1366 2679 1466 2718 addit,
1480 2684 1591 2714 veten-

854 2724 925 2764 bus)
952 2734 1017 2755 non
1041 2723 1147 2765 placet
1172 2722 1262 2760 illud,
1287 2723 1343 2755 ubi
1368 2723 1592 2757 distinetione·

853 2775 946 2798 sunt:
968 2778 1012 2798 un
1014 2766 1248 2807 deoperiteest
1266 2766 1589 2813 maternal-’qais-

852 2812 998 2841 Actutum
1027 2807 1151 2850 otim]
1180 2808 1227 2840 Ut
1259 2816 1441 2842 mutuatur
1466 2820 1589 2850 rursus,

984 2852 1148 2904 :proprie
1162 2852 1250 2884 enim
1270 2859 1395 2886 vetere·
1411 2859 1447 2886 et
1462 2856 1539 2895 quis,
1555 2861 1591 2887 et

854 2898 975 2937 aliquis,
991 2902 1025 2927 et
1038 2897 1204 2937 quisquan,
1220 2905 1287 2927 non
1301 2896 1513 2929 observabant
1525 2909 1590 2940 quo

853 2949 982 2980 genere,
997 2946 1053 2970 aut
1064 2949 1128 2980 quo
1142 2949 1278 2971 numero
1289 2939 1498 2973 declinarent.
1530 2941 1591 2973 Est

854 2993 931 3024 0¹8⁰
946 2982 1049 3024 figura
1060 2980 1307 3056 ὄέκαῖσιώ-Ι)
