<?xml version="1.0" encoding="UTF-8"?>
<!DOCTYPE html PUBLIC "-//W3C//DTD XHTML 1.0 Transitional//EN"
    "http://www.w3.org/TR/xhtml1/DTD/xhtml1-transitional.dtd">
<html xmlns="http://www.w3.org/1999/xhtml" xml:lang="en" lang="en">
 <head>
  <title>
</title>
<meta http-equiv="Content-Type" content="text/html;charset=utf-8" />
  <meta name='ocr-system' content='tesseract 3.04.00' />
  <meta name='ocr-capabilities' content='ocr_page ocr_carea ocr_par ocr_line ocrx_word'/>
</head>
<body>
  <div class='ocr_page' id='page_1' title='image "./comoediaesex00tereuoft_0040.png"; bbox 0 0 1852 3216; ppageno 0'>
   <div class='ocr_carea' id='block_1_1' title="bbox 193 92 1230 138">
    <p class='ocr_par' dir='ltr' id='par_1_1' title="bbox 193 92 1230 138">
     <span class='ocr_line' id='line_1_1' title="bbox 193 92 1230 138; baseline -0.004 -1"><span class='ocrx_word' id='word_1_1' title='bbox 193 98 264 138; x_wconf 82' lang='lat' dir='ltr'>xiv</span> <span class='ocrx_word' id='word_1_2' title='bbox 703 92 1021 135; x_wconf 82' lang='lat' dir='ltr'>TERENTII</span> <span class='ocrx_word' id='word_1_3' title='bbox 1060 92 1230 134; x_wconf 83' lang='lat' dir='ltr'>VITA.</span> 
     </span>
    </p>
   </div>
   <div class='ocr_carea' id='block_1_2' title="bbox 190 179 1744 1709">
    <p class='ocr_par' dir='ltr' id='par_1_2' title="bbox 194 179 1733 397">
     <span class='ocr_line' id='line_1_2' title="bbox 194 179 1733 233; baseline -0.003 -10"><span class='ocrx_word' id='word_1_4' title='bbox 194 183 457 228; x_wconf 84' lang='lat' dir='ltr'>accumberet,</span> <span class='ocrx_word' id='word_1_5' title='bbox 478 193 652 222; x_wconf 82' lang='lat' dir='ltr'>coenasse</span> <span class='ocrx_word' id='word_1_6' title='bbox 671 193 771 229; x_wconf 77' lang='lat' dir='ltr'>una3</span> <span class='ocrx_word' id='word_1_7' title='bbox 800 180 941 220; x_wconf 89' lang='lat' dir='ltr'>deinde</span> <span class='ocrx_word' id='word_1_8' title='bbox 958 189 1103 221; x_wconf 84' lang='lat' dir='ltr'>caetera</span> <span class='ocrx_word' id='word_1_9' title='bbox 1120 179 1373 233; x_wconf 76' lang='lat' dir='ltr'>percurrisse,</span> <span class='ocrx_word' id='word_1_10' title='bbox 1392 193 1472 219; x_wconf 89' lang='lat' dir='ltr'>non</span> <span class='ocrx_word' id='word_1_11' title='bbox 1490 179 1573 219; x_wconf 88' lang='lat' dir='ltr'>sine</span> <span class='ocrx_word' id='word_1_12' title='bbox 1590 191 1733 231; x_wconf 83' lang='lat' dir='ltr'>magna</span> 
     </span>
     <span class='ocr_line' id='line_1_3' title="bbox 195 233 1732 287; baseline -0.004 -9"><span class='ocrx_word' id='word_1_13' title='bbox 195 236 316 278; x_wconf 75' lang='lat' dir='ltr'>Coerii</span> <span class='ocrx_word' id='word_1_14' title='bbox 334 236 602 277; x_wconf 75' lang='lat' dir='ltr'><strong>admiratione.</strong></span> <span class='ocrx_word' id='word_1_15' title='bbox 645 234 698 275; x_wconf 90' lang='lat' dir='ltr'>Et</span> <span class='ocrx_word' id='word_1_16' title='bbox 716 235 816 275; x_wconf 85' lang='lat' dir='ltr'>hanc</span> <span class='ocrx_word' id='word_1_17' title='bbox 834 244 978 281; x_wconf 83' lang='lat' dir='ltr'>autem,</span> <span class='ocrx_word' id='word_1_18' title='bbox 997 244 1038 274; x_wconf 91' lang='lat' dir='ltr'>et</span> <span class='ocrx_word' id='word_1_19' title='bbox 1056 235 1228 287; x_wconf 88' lang='lat' dir='ltr'>quinque</span> <span class='ocrx_word' id='word_1_20' title='bbox 1248 234 1418 286; x_wconf 89' lang='lat' dir='ltr'>reliquas</span> <span class='ocrx_word' id='word_1_21' title='bbox 1437 233 1640 286; x_wconf 81' lang='lat' dir='ltr'>aequaliter</span> <span class='ocrx_word' id='word_1_22' title='bbox 1659 247 1732 285; x_wconf 81' lang='lat' dir='ltr'>po·-</span> 
     </span>
     <span class='ocr_line' id='line_1_4' title="bbox 194 288 1731 345; baseline -0.003 -14"><span class='ocrx_word' id='word_1_23' title='bbox 194 291 291 345; x_wconf 85' lang='lat' dir='ltr'>pulo</span> <span class='ocrx_word' id='word_1_24' title='bbox 305 291 487 344; x_wconf 90' lang='lat' dir='ltr'>probavit</span> <span class='ocrx_word' id='word_1_25' title='bbox 499 305 509 336; x_wconf 76' lang='grc' dir='ltr'><strong>ς</strong></span> <span class='ocrx_word' id='word_1_26' title='bbox 538 289 716 342; x_wconf 86' lang='lat' dir='ltr'>quamvis</span> <span class='ocrx_word' id='word_1_27' title='bbox 732 288 936 329; x_wconf 76' lang='lat' dir='ltr'>Volcatius</span> <span class='ocrx_word' id='word_1_28' title='bbox 950 288 999 328; x_wconf 91' lang='lat' dir='ltr'>de</span> <span class='ocrx_word' id='word_1_29' title='bbox 1014 289 1304 328; x_wconf 77' lang='lat' dir='ltr'>enumeratione</span> <span class='ocrx_word' id='word_1_30' title='bbox 1318 289 1491 327; x_wconf 89' lang='lat' dir='ltr'>omnium</span> <span class='ocrx_word' id='word_1_31' title='bbox 1506 289 1560 327; x_wconf 88' lang='lat' dir='ltr'>ita</span> <span class='ocrx_word' id='word_1_32' title='bbox 1573 288 1731 333; x_wconf 85' lang='lat' dir='ltr'>scribat,</span> 
     </span>
     <span class='ocr_line' id='line_1_5' title="bbox 197 342 981 397; baseline -0.005 -12"><span class='ocrx_word' id='word_1_33' title='bbox 197 345 371 386; x_wconf 77' lang='lat' dir='ltr'>Sumetur</span> <span class='ocrx_word' id='word_1_34' title='bbox 388 345 544 397; x_wconf 82' lang='lat' dir='ltr'><strong><em>Hecyra</em></strong></span> <span class='ocrx_word' id='word_1_35' title='bbox 562 350 668 383; x_wconf 75' lang='lat' dir='ltr'>sexta</span> <span class='ocrx_word' id='word_1_36' title='bbox 687 357 734 382; x_wconf 74' lang='lat' dir='ltr'>ex</span> <span class='ocrx_word' id='word_1_37' title='bbox 752 343 812 382; x_wconf 78' lang='lat' dir='ltr'>liis</span> <span class='ocrx_word' id='word_1_38' title='bbox 822 342 981 394; x_wconf 81' lang='lat' dir='ltr'>sabula.</span> 
     </span>
    </p>

    <p class='ocr_par' dir='ltr' id='par_1_3' title="bbox 190 397 1737 775">
     <span class='ocr_line' id='line_1_6' title="bbox 252 397 1733 449; baseline -0.003 -10"><span class='ocrx_word' id='word_1_39' title='bbox 252 400 467 439; x_wconf 82' lang='lat' dir='ltr'>Eunuchus</span> <span class='ocrx_word' id='word_1_40' title='bbox 495 397 651 449; x_wconf 82' lang='lat' dir='ltr'>quidem</span> <span class='ocrx_word' id='word_1_41' title='bbox 681 398 741 436; x_wconf 88' lang='lat' dir='ltr'>bis</span> <span class='ocrx_word' id='word_1_42' title='bbox 769 397 831 436; x_wconf 92' lang='lat' dir='ltr'>die</span> <span class='ocrx_word' id='word_1_43' title='bbox 860 407 946 435; x_wconf 83' lang='lat' dir='ltr'>acta</span> <span class='ocrx_word' id='word_1_44' title='bbox 970 405 1056 443; x_wconf 84' lang='lat' dir='ltr'>est;</span> <span class='ocrx_word' id='word_1_45' title='bbox 1096 397 1316 448; x_wconf 89' lang='lat' dir='ltr'>meruitque</span> <span class='ocrx_word' id='word_1_46' title='bbox 1340 397 1522 449; x_wconf 87' lang='lat' dir='ltr'>pretium,</span> <span class='ocrx_word' id='word_1_47' title='bbox 1545 405 1733 448; x_wconf 89' lang='lat' dir='ltr'>quantum</span> 
     </span>
     <span class='ocr_line' id='line_1_7' title="bbox 197 450 1734 504; baseline -0.005 -10"><span class='ocrx_word' id='word_1_48' title='bbox 197 453 304 494; x_wconf 78' lang='lat' dir='ltr'>nulla</span> <span class='ocrx_word' id='word_1_49' title='bbox 319 464 434 493; x_wconf 86' lang='lat' dir='ltr'>antea</span> <span class='ocrx_word' id='word_1_50' title='bbox 448 452 676 504; x_wconf 87' lang='lat' dir='ltr'>cujusquam</span> <span class='ocrx_word' id='word_1_51' title='bbox 692 450 896 495; x_wconf 88' lang='lat' dir='ltr'>comoedia,</span> <span class='ocrx_word' id='word_1_52' title='bbox 911 450 949 489; x_wconf 91' lang='lat' dir='ltr'>id</span> <span class='ocrx_word' id='word_1_53' title='bbox 962 460 1033 494; x_wconf 84' lang='lat' dir='ltr'>est,</span> <span class='ocrx_word' id='word_1_54' title='bbox 1049 460 1138 490; x_wconf 91' lang='lat' dir='ltr'>octo</span> <span class='ocrx_word' id='word_1_55' title='bbox 1154 450 1273 489; x_wconf 88' lang='lat' dir='ltr'>millia</span> <span class='ocrx_word' id='word_1_56' title='bbox 1285 465 1503 496; x_wconf 78' lang='lat' dir='ltr'>nummum3</span> <span class='ocrx_word' id='word_1_57' title='bbox 1524 459 1734 502; x_wconf 88' lang='lat' dir='ltr'>propterea</span> 
     </span>
     <span class='ocr_line' id='line_1_8' title="bbox 198 503 1735 559; baseline -0.004 -12"><span class='ocrx_word' id='word_1_58' title='bbox 198 522 350 547; x_wconf 89' lang='lat' dir='ltr'>summa</span> <span class='ocrx_word' id='word_1_59' title='bbox 363 520 519 559; x_wconf 89' lang='lat' dir='ltr'>quoque</span> <span class='ocrx_word' id='word_1_60' title='bbox 535 505 547 527; x_wconf 96' lang='lat'>⁷</span> <span class='ocrx_word' id='word_1_61' title='bbox 557 505 672 545; x_wconf 89' lang='lat' dir='ltr'>titulo</span> <span class='ocrx_word' id='word_1_62' title='bbox 687 506 933 545; x_wconf 73' lang='lat' dir='ltr'>adscribitur.</span> <span class='ocrx_word' id='word_1_63' title='bbox 965 505 1066 543; x_wconf 87' lang='lat' dir='ltr'>Nam</span> <span class='ocrx_word' id='word_1_64' title='bbox 1081 505 1349 556; x_wconf 79' lang='lat' dir='ltr'>Adelphorum</span> <span class='ocrx_word' id='word_1_65' title='bbox 1363 505 1595 557; x_wconf 87' lang='lat' dir='ltr'>principium</span> <span class='ocrx_word' id='word_1_66' title='bbox 1608 503 1735 542; x_wconf 87' lang='lat' dir='ltr'>Varro</span> 
     </span>
     <span class='ocr_line' id='line_1_9' title="bbox 190 557 1734 614; baseline -0.003 -13"><span class='ocrx_word' id='word_1_67' title='bbox 190 562 316 601; x_wconf 61' lang='lat' dir='ltr'>‘etiam</span> <span class='ocrx_word' id='word_1_68' title='bbox 345 561 506 614; x_wconf 69' lang='lat' dir='ltr'>praefert</span> <span class='ocrx_word' id='word_1_69' title='bbox 532 560 725 612; x_wconf 79' lang='lat' dir='ltr'>principio</span> <span class='ocrx_word' id='word_1_70' title='bbox 754 557 974 597; x_wconf 83' lang='lat' dir='ltr'>Menandri.</span> <span class='ocrx_word' id='word_1_71' title='bbox 1032 557 1121 597; x_wconf 91' lang='lat' dir='ltr'>Non</span> <span class='ocrx_word' id='word_1_72' title='bbox 1148 561 1315 597; x_wconf 85' lang='lat' dir='ltr'>obscura</span> <span class='ocrx_word' id='word_1_73' title='bbox 1338 558 1443 597; x_wconf 80' lang='lat' dir='ltr'>fama</span> <span class='ocrx_word' id='word_1_74' title='bbox 1460 569 1534 604; x_wconf 86' lang='lat' dir='ltr'>est,</span> <span class='ocrx_word' id='word_1_75' title='bbox 1555 557 1734 609; x_wconf 83' lang='lat' dir='ltr'>adjutum</span> 
     </span>
     <span class='ocr_line' id='line_1_10' title="bbox 199 612 1736 666; baseline -0.004 -10"><span class='ocrx_word' id='word_1_76' title='bbox 199 616 427 655; x_wconf 90' lang='lat' dir='ltr'>Terentium</span> <span class='ocrx_word' id='word_1_77' title='bbox 457 615 496 654; x_wconf 90' lang='lat' dir='ltr'>in</span> <span class='ocrx_word' id='word_1_78' title='bbox 525 614 679 666; x_wconf 86' lang='lat' dir='ltr'>scriptis</span> <span class='ocrx_word' id='word_1_79' title='bbox 712 627 735 652; x_wconf 90' lang='lat' dir='ltr'>a</span> <span class='ocrx_word' id='word_1_80' title='bbox 767 612 889 651; x_wconf 86' lang='lat' dir='ltr'>Laelio</span> <span class='ocrx_word' id='word_1_81' title='bbox 924 622 964 650; x_wconf 89' lang='lat' dir='ltr'>et</span> <span class='ocrx_word' id='word_1_82' title='bbox 1001 612 1194 664; x_wconf 84' lang='lat' dir='ltr'>Scipione,</span> <span class='ocrx_word' id='word_1_83' title='bbox 1229 612 1462 663; x_wconf 76' lang='lat' dir='ltr'>quibuscum</span> <span class='ocrx_word' id='word_1_84' title='bbox 1497 612 1736 651; x_wconf 77' lang='lat' dir='ltr'>familiariter</span> 
     </span>
     <span class='ocr_line' id='line_1_11' title="bbox 199 666 1737 720; baseline -0.004 -10"><span class='ocrx_word' id='word_1_85' title='bbox 199 671 315 709; x_wconf 85' lang='lat' dir='ltr'>vixit.</span> <span class='ocrx_word' id='word_1_86' title='bbox 364 668 538 710; x_wconf 86' lang='lat' dir='ltr'>Eandem</span> <span class='ocrx_word' id='word_1_87' title='bbox 558 668 641 720; x_wconf 86' lang='lat' dir='ltr'>ipse</span> <span class='ocrx_word' id='word_1_88' title='bbox 659 667 783 706; x_wconf 82' lang='lat' dir='ltr'>auxit.</span> <span class='ocrx_word' id='word_1_89' title='bbox 832 666 1045 717; x_wconf 84' lang='lat' dir='ltr'>Nunquam</span> <span class='ocrx_word' id='word_1_90' title='bbox 1069 666 1183 711; x_wconf 88' lang='lat' dir='ltr'>enim,</span> <span class='ocrx_word' id='word_1_91' title='bbox 1204 666 1277 705; x_wconf 87' lang='lat' dir='ltr'>nisi</span> <span class='ocrx_word' id='word_1_92' title='bbox 1296 666 1448 713; x_wconf 83' lang='lat' dir='ltr'>leviter,</span> <span class='ocrx_word' id='word_1_93' title='bbox 1470 680 1511 705; x_wconf 85' lang='lat' dir='ltr'>se</span> <span class='ocrx_word' id='word_1_94' title='bbox 1531 667 1648 705; x_wconf 84' lang='lat' dir='ltr'>tutari</span> <span class='ocrx_word' id='word_1_95' title='bbox 1669 680 1737 704; x_wconf 89' lang='lat' dir='ltr'>co-</span> 
     </span>
     <span class='ocr_line' id='line_1_12' title="bbox 200 720 952 775; baseline -0.008 -11"><span class='ocrx_word' id='word_1_96' title='bbox 200 734 328 770; x_wconf 84' lang='lat' dir='ltr'>natur,</span> <span class='ocrx_word' id='word_1_97' title='bbox 350 733 394 763; x_wconf 90' lang='lat' dir='ltr'>ut</span> <span class='ocrx_word' id='word_1_98' title='bbox 413 724 451 762; x_wconf 89' lang='lat' dir='ltr'>in</span> <span class='ocrx_word' id='word_1_99' title='bbox 471 721 636 775; x_wconf 88' lang='lat' dir='ltr'>prologo</span> <span class='ocrx_word' id='word_1_100' title='bbox 658 720 926 773; x_wconf 83' lang='lat' dir='ltr'>Adelphorum</span> <span class='ocrx_word' id='word_1_101' title='bbox 943 736 952 759; x_wconf 75' lang='grc' dir='ltr'><strong>ε</strong></span> 
     </span>
    </p>

    <p class='ocr_par' dir='ltr' id='par_1_4' title="bbox 481 782 1444 886">
     <span class='ocr_line' id='line_1_13' title="bbox 482 782 1444 831; baseline -0.002 -11"><span class='ocrx_word' id='word_1_102' title='bbox 482 784 576 820; x_wconf 89' lang='lat' dir='ltr'>Nam</span> <span class='ocrx_word' id='word_1_103' title='bbox 592 783 691 831; x_wconf 87' lang='lat' dir='ltr'>quod</span> <span class='ocrx_word' id='word_1_104' title='bbox 707 784 766 819; x_wconf 86' lang='lat' dir='ltr'>isti</span> <span class='ocrx_word' id='word_1_105' title='bbox 783 783 909 819; x_wconf 88' lang='lat' dir='ltr'>dicunt</span> <span class='ocrx_word' id='word_1_106' title='bbox 925 782 1105 825; x_wconf 87' lang='lat' dir='ltr'>malevoli,</span> <span class='ocrx_word' id='word_1_107' title='bbox 1123 782 1288 818; x_wconf 86' lang='lat' dir='ltr'>homines</span> <span class='ocrx_word' id='word_1_108' title='bbox 1304 782 1444 819; x_wconf 87' lang='lat' dir='ltr'>nobiles</span> 
     </span>
     <span class='ocr_line' id='line_1_14' title="bbox 481 830 1287 886; baseline -0.002 -19"><span class='ocrx_word' id='word_1_109' title='bbox 481 831 590 867; x_wconf 84' lang='lat' dir='ltr'>Hunc</span> <span class='ocrx_word' id='word_1_110' title='bbox 607 830 779 886; x_wconf 79' lang='lat' dir='ltr'>adjutare,</span> <span class='ocrx_word' id='word_1_111' title='bbox 798 830 1010 877; x_wconf 74' lang='lat' dir='ltr'>assidueque</span> <span class='ocrx_word' id='word_1_112' title='bbox 1025 842 1097 865; x_wconf 87' lang='lat' dir='ltr'>una</span> <span class='ocrx_word' id='word_1_113' title='bbox 1113 830 1287 865; x_wconf 86' lang='lat' dir='ltr'>scribere:</span> 
     </span>
    </p>

    <p class='ocr_par' dir='ltr' id='par_1_5' title="bbox 482 877 1347 922">
     <span class='ocr_line' id='line_1_15' title="bbox 482 877 1347 922; baseline -0.002 -8"><span class='ocrx_word' id='word_1_114' title='bbox 482 878 591 922; x_wconf 83' lang='lat' dir='ltr'>Quod</span> <span class='ocrx_word' id='word_1_115' title='bbox 607 878 658 914; x_wconf 72' lang='lat' dir='ltr'>ini</span> <span class='ocrx_word' id='word_1_116' title='bbox 676 877 904 914; x_wconf 88' lang='lat' dir='ltr'>maledictum</span> <span class='ocrx_word' id='word_1_117' title='bbox 920 877 1113 913; x_wconf 84' lang='lat' dir='ltr'>vehemens</span> <span class='ocrx_word' id='word_1_118' title='bbox 1129 877 1347 920; x_wconf 84' lang='lat' dir='ltr'>existimant,</span> 
     </span>
    </p>

    <p class='ocr_par' dir='ltr' id='par_1_6' title="bbox 481 923 1493 1019">
     <span class='ocr_line' id='line_1_16' title="bbox 481 923 1493 971; baseline -0.003 -9"><span class='ocrx_word' id='word_1_119' title='bbox 481 926 571 962; x_wconf 85' lang='lat' dir='ltr'>Eam</span> <span class='ocrx_word' id='word_1_120' title='bbox 587 925 728 961; x_wconf 84' lang='lat' dir='ltr'>laudem</span> <span class='ocrx_word' id='word_1_121' title='bbox 746 925 805 961; x_wconf 91' lang='lat' dir='ltr'>hic</span> <span class='ocrx_word' id='word_1_122' title='bbox 821 924 921 961; x_wconf 87' lang='lat' dir='ltr'>ducit</span> <span class='ocrx_word' id='word_1_123' title='bbox 937 925 1126 960; x_wconf 80' lang='lat' dir='ltr'>maximam</span> <span class='ocrx_word' id='word_1_124' title='bbox 1141 937 1150 960; x_wconf 77' lang='lat' dir='ltr'>t</span> <span class='ocrx_word' id='word_1_125' title='bbox 1177 923 1347 960; x_wconf 81' lang='lat' dir='ltr'>cumillis</span> <span class='ocrx_word' id='word_1_126' title='bbox 1363 923 1493 971; x_wconf 85' lang='lat' dir='ltr'>placet,</span> 
     </span>
     <span class='ocr_line' id='line_1_17' title="bbox 481 972 1265 1019; baseline -0.003 -10"><span class='ocrx_word' id='word_1_127' title='bbox 481 972 555 1017; x_wconf 84' lang='lat' dir='ltr'>Qui</span> <span class='ocrx_word' id='word_1_128' title='bbox 571 973 674 1009; x_wconf 87' lang='lat' dir='ltr'>vobis</span> <span class='ocrx_word' id='word_1_129' title='bbox 692 972 880 1015; x_wconf 88' lang='lat' dir='ltr'>universis,</span> <span class='ocrx_word' id='word_1_130' title='bbox 899 977 935 1007; x_wconf 91' lang='lat' dir='ltr'>et</span> <span class='ocrx_word' id='word_1_131' title='bbox 951 972 1087 1019; x_wconf 86' lang='lat' dir='ltr'>populo</span> <span class='ocrx_word' id='word_1_132' title='bbox 1104 972 1265 1018; x_wconf 85' lang='lat' dir='ltr'>placent:</span> 
     </span>
    </p>

    <p class='ocr_par' dir='ltr' id='par_1_7' title="bbox 483 1018 1346 1067">
     <span class='ocr_line' id='line_1_18' title="bbox 483 1018 1346 1067; baseline -0.002 -11"><span class='ocrx_word' id='word_1_133' title='bbox 483 1019 649 1065; x_wconf 85' lang='lat' dir='ltr'>Quorum</span> <span class='ocrx_word' id='word_1_134' title='bbox 666 1032 773 1067; x_wconf 86' lang='lat' dir='ltr'>opera</span> <span class='ocrx_word' id='word_1_135' title='bbox 789 1023 826 1055; x_wconf 86' lang='lat' dir='ltr'>in</span> <span class='ocrx_word' id='word_1_136' title='bbox 843 1019 951 1062; x_wconf 87' lang='lat' dir='ltr'>bello,</span> <span class='ocrx_word' id='word_1_137' title='bbox 969 1020 1006 1055; x_wconf 89' lang='lat' dir='ltr'>in</span> <span class='ocrx_word' id='word_1_138' title='bbox 1024 1019 1113 1061; x_wconf 88' lang='lat' dir='ltr'>otio,</span> <span class='ocrx_word' id='word_1_139' title='bbox 1132 1019 1168 1055; x_wconf 90' lang='lat' dir='ltr'>in</span> <span class='ocrx_word' id='word_1_140' title='bbox 1186 1018 1346 1065; x_wconf 81' lang='lat' dir='ltr'>negotio,</span> 
     </span>
    </p>

    <p class='ocr_par' dir='ltr' id='par_1_8' title="bbox 482 1066 1361 1116">
     <span class='ocr_line' id='line_1_19' title="bbox 482 1066 1361 1116; baseline -0.003 -12"><span class='ocrx_word' id='word_1_141' title='bbox 482 1068 558 1104; x_wconf 80' lang='lat' dir='ltr'>Suo</span> <span class='ocrx_word' id='word_1_142' title='bbox 575 1068 724 1116; x_wconf 75' lang='lat' dir='ltr'>quisque</span> <span class='ocrx_word' id='word_1_143' title='bbox 740 1073 901 1113; x_wconf 87' lang='lat' dir='ltr'>tempore</span> <span class='ocrx_word' id='word_1_144' title='bbox 916 1078 1004 1103; x_wconf 88' lang='lat' dir='ltr'>usus</span> <span class='ocrx_word' id='word_1_145' title='bbox 1022 1072 1075 1102; x_wconf 87' lang='lat' dir='ltr'>est</span> <span class='ocrx_word' id='word_1_146' title='bbox 1092 1066 1168 1102; x_wconf 89' lang='lat' dir='ltr'>sine</span> <span class='ocrx_word' id='word_1_147' title='bbox 1185 1066 1361 1113; x_wconf 83' lang='lat' dir='ltr'>superbia.</span> 
     </span>
    </p>

    <p class='ocr_par' dir='ltr' id='par_1_9' title="bbox 202 1123 1741 1290">
     <span class='ocr_line' id='line_1_20' title="bbox 256 1123 1738 1177; baseline -0.003 -10"><span class='ocrx_word' id='word_1_148' title='bbox 256 1125 426 1167; x_wconf 86' lang='lat' dir='ltr'>Videtur</span> <span class='ocrx_word' id='word_1_149' title='bbox 449 1137 579 1167; x_wconf 88' lang='lat' dir='ltr'>autem</span> <span class='ocrx_word' id='word_1_150' title='bbox 607 1140 649 1166; x_wconf 89' lang='lat' dir='ltr'>se</span> <span class='ocrx_word' id='word_1_151' title='bbox 677 1126 803 1165; x_wconf 85' lang='lat' dir='ltr'>levius</span> <span class='ocrx_word' id='word_1_152' title='bbox 830 1125 1062 1172; x_wconf 79' lang='lat' dir='ltr'>defendisse,</span> <span class='ocrx_word' id='word_1_153' title='bbox 1083 1126 1175 1177; x_wconf 87' lang='lat' dir='ltr'>quia</span> <span class='ocrx_word' id='word_1_154' title='bbox 1199 1126 1347 1164; x_wconf 88' lang='lat' dir='ltr'>sciebat</span> <span class='ocrx_word' id='word_1_155' title='bbox 1369 1124 1493 1164; x_wconf 84' lang='lat' dir='ltr'>Laelio</span> <span class='ocrx_word' id='word_1_156' title='bbox 1511 1132 1551 1164; x_wconf 90' lang='lat' dir='ltr'>et</span> <span class='ocrx_word' id='word_1_157' title='bbox 1567 1123 1738 1176; x_wconf 88' lang='lat' dir='ltr'>Scipioni</span> 
     </span>
     <span class='ocr_line' id='line_1_21' title="bbox 203 1179 1741 1235; baseline -0.003 -13"><span class='ocrx_word' id='word_1_158' title='bbox 203 1195 283 1223; x_wconf 84' lang='lat' dir='ltr'>non</span> <span class='ocrx_word' id='word_1_159' title='bbox 314 1183 503 1235; x_wconf 82' lang='lat' dir='ltr'>ingratam</span> <span class='ocrx_word' id='word_1_160' title='bbox 531 1195 616 1221; x_wconf 87' lang='lat' dir='ltr'>esse</span> <span class='ocrx_word' id='word_1_161' title='bbox 644 1181 744 1220; x_wconf 87' lang='lat' dir='ltr'>hanc.</span> <span class='ocrx_word' id='word_1_162' title='bbox 765 1180 1018 1233; x_wconf 88' lang='lat' dir='ltr'>opinionem;</span> <span class='ocrx_word' id='word_1_163' title='bbox 1067 1193 1156 1231; x_wconf 80' lang='lat' dir='ltr'>quae</span> <span class='ocrx_word' id='word_1_164' title='bbox 1185 1189 1315 1219; x_wconf 86' lang='lat' dir='ltr'>tamen</span> <span class='ocrx_word' id='word_1_165' title='bbox 1344 1179 1468 1231; x_wconf 85' lang='lat' dir='ltr'>magis</span> <span class='ocrx_word' id='word_1_166' title='bbox 1486 1188 1528 1218; x_wconf 90' lang='lat' dir='ltr'>et</span> <span class='ocrx_word' id='word_1_167' title='bbox 1547 1193 1670 1230; x_wconf 88' lang='lat' dir='ltr'>usque</span> <span class='ocrx_word' id='word_1_168' title='bbox 1689 1179 1741 1218; x_wconf 87' lang='lat' dir='ltr'>ad</span> 
     </span>
     <span class='ocr_line' id='line_1_22' title="bbox 202 1234 770 1290; baseline -0.004 -15"><span class='ocrx_word' id='word_1_169' title='bbox 202 1237 420 1290; x_wconf 82' lang='lat' dir='ltr'>posteriora</span> <span class='ocrx_word' id='word_1_170' title='bbox 440 1245 615 1287; x_wconf 88' lang='lat' dir='ltr'>tempora</span> <span class='ocrx_word' id='word_1_171' title='bbox 634 1234 770 1274; x_wconf 85' lang='lat' dir='ltr'>valuit.</span> 
     </span>
    </p>

    <p class='ocr_par' dir='ltr' id='par_1_10' title="bbox 201 1287 1744 1709">
     <span class='ocr_line' id='line_1_23' title="bbox 259 1287 1743 1340; baseline -0.002 -11"><span class='ocrx_word' id='word_1_172' title='bbox 259 1290 312 1334; x_wconf 83' lang='lat' dir='ltr'>Q.</span> <span class='ocrx_word' id='word_1_173' title='bbox 337 1289 548 1329; x_wconf 89' lang='lat' dir='ltr'>Memmius</span> <span class='ocrx_word' id='word_1_174' title='bbox 568 1290 606 1328; x_wconf 92' lang='lat' dir='ltr'>in</span> <span class='ocrx_word' id='word_1_175' title='bbox 626 1289 800 1328; x_wconf 84' lang='lat' dir='ltr'>oratione</span> <span class='ocrx_word' id='word_1_176' title='bbox 819 1302 891 1340; x_wconf 88' lang='lat' dir='ltr'>pro</span> <span class='ocrx_word' id='word_1_177' title='bbox 909 1302 951 1327; x_wconf 88' lang='lat' dir='ltr'>se</span> <span class='ocrx_word' id='word_1_178' title='bbox 969 1289 1046 1327; x_wconf 86' lang='lat' dir='ltr'>ait:</span> <span class='ocrx_word' id='word_1_179' title='bbox 1077 1287 1173 1327; x_wconf 84' lang='lat' dir='ltr'>Pub.</span> <span class='ocrx_word' id='word_1_180' title='bbox 1194 1287 1416 1339; x_wconf 75' lang='lat' dir='ltr'>AfricanuS,</span> <span class='ocrx_word' id='word_1_181' title='bbox 1436 1287 1500 1340; x_wconf 79' lang='lat' dir='ltr'>qui</span> <span class='ocrx_word' id='word_1_182' title='bbox 1519 1300 1543 1326; x_wconf 86' lang='lat' dir='ltr'>a</span> <span class='ocrx_word' id='word_1_183' title='bbox 1570 1287 1743 1326; x_wconf 76' lang='lat' dir='ltr'>Terentio</span> 
     </span>
     <span class='ocr_line' id='line_1_24' title="bbox 201 1340 1742 1397; baseline -0.003 -14"><span class='ocrx_word' id='word_1_184' title='bbox 201 1358 400 1397; x_wconf 73' lang='lat' dir='ltr'>personam</span> <span class='ocrx_word' id='word_1_185' title='bbox 419 1350 619 1389; x_wconf 76' lang='lat' dir='ltr'>mutuatus,</span> <span class='ocrx_word' id='word_1_186' title='bbox 635 1357 723 1396; x_wconf 81' lang='lat' dir='ltr'>quae</span> <span class='ocrx_word' id='word_1_187' title='bbox 741 1342 838 1381; x_wconf 78' lang='lat' dir='ltr'>domi</span> <span class='ocrx_word' id='word_1_188' title='bbox 858 1342 997 1381; x_wconf 74' lang='lat' dir='ltr'>luserat</span> <span class='ocrx_word' id='word_1_189' title='bbox 1016 1342 1106 1395; x_wconf 78' lang='lat' dir='ltr'>ipse,</span> <span class='ocrx_word' id='word_1_190' title='bbox 1126 1343 1269 1381; x_wconf 79' lang='lat' dir='ltr'>nomine</span> <span class='ocrx_word' id='word_1_191' title='bbox 1288 1342 1393 1380; x_wconf 71' lang='lat' dir='ltr'>illius</span> <span class='ocrx_word' id='word_1_192' title='bbox 1412 1342 1449 1380; x_wconf 84' lang='lat' dir='ltr'>in</span> <span class='ocrx_word' id='word_1_193' title='bbox 1469 1355 1616 1381; x_wconf 74' lang='lat' dir='ltr'>scenam</span> <span class='ocrx_word' id='word_1_194' title='bbox 1634 1340 1742 1380; x_wconf 79' lang='lat' dir='ltr'>delu-</span> 
     </span>
     <span class='ocr_line' id='line_1_25' title="bbox 205 1395 1741 1450; baseline -0.002 -12"><span class='ocrx_word' id='word_1_195' title='bbox 205 1398 265 1438; x_wconf 79' lang='lat' dir='ltr'>tie.</span> <span class='ocrx_word' id='word_1_196' title='bbox 322 1397 458 1450; x_wconf 82' lang='lat' dir='ltr'>Nepos</span> <span class='ocrx_word' id='word_1_197' title='bbox 485 1407 643 1437; x_wconf 91' lang='lat' dir='ltr'>auctore</span> <span class='ocrx_word' id='word_1_198' title='bbox 672 1407 779 1436; x_wconf 89' lang='lat' dir='ltr'>certo</span> <span class='ocrx_word' id='word_1_199' title='bbox 806 1397 1042 1448; x_wconf 85' lang='lat' dir='ltr'>comperisse</span> <span class='ocrx_word' id='word_1_200' title='bbox 1070 1410 1111 1435; x_wconf 85' lang='lat' dir='ltr'>se</span> <span class='ocrx_word' id='word_1_201' title='bbox 1140 1397 1205 1442; x_wconf 87' lang='lat' dir='ltr'>ait,</span> <span class='ocrx_word' id='word_1_202' title='bbox 1230 1395 1275 1435; x_wconf 94' lang='lat' dir='ltr'>C.</span> <span class='ocrx_word' id='word_1_203' title='bbox 1298 1395 1463 1436; x_wconf 82' lang='lat' dir='ltr'>Laelium</span> <span class='ocrx_word' id='word_1_204' title='bbox 1485 1395 1681 1448; x_wconf 88' lang='lat' dir='ltr'>quondam</span> <span class='ocrx_word' id='word_1_205' title='bbox 1702 1396 1741 1435; x_wconf 90' lang='lat' dir='ltr'>in</span> 
     </span>
     <span class='ocr_line' id='line_1_26' title="bbox 206 1449 1743 1502; baseline -0.003 -10"><span class='ocrx_word' id='word_1_206' title='bbox 206 1452 423 1493; x_wconf 88' lang='lat' dir='ltr'>Puteolano</span> <span class='ocrx_word' id='word_1_207' title='bbox 443 1451 555 1491; x_wconf 84' lang='lat' dir='ltr'>⁸Kal.</span> <span class='ocrx_word' id='word_1_208' title='bbox 579 1451 736 1491; x_wconf 87' lang='lat' dir='ltr'>Martiis</span> <span class='ocrx_word' id='word_1_209' title='bbox 753 1451 993 1490; x_wconf 89' lang='lat' dir='ltr'>admonitum</span> <span class='ocrx_word' id='word_1_210' title='bbox 1013 1452 1062 1490; x_wconf 89' lang='lat' dir='ltr'>ab</span> <span class='ocrx_word' id='word_1_211' title='bbox 1088 1464 1224 1496; x_wconf 87' lang='lat' dir='ltr'>uxore,</span> <span class='ocrx_word' id='word_1_212' title='bbox 1254 1451 1469 1502; x_wconf 87' lang='lat' dir='ltr'>temporius</span> <span class='ocrx_word' id='word_1_213' title='bbox 1498 1459 1543 1489; x_wconf 91' lang='lat' dir='ltr'>ut</span> <span class='ocrx_word' id='word_1_214' title='bbox 1568 1449 1743 1489; x_wconf 90' lang='lat' dir='ltr'>discum-</span> 
     </span>
     <span class='ocr_line' id='line_1_27' title="bbox 205 1504 1742 1559; baseline -0.003 -13"><span class='ocrx_word' id='word_1_215' title='bbox 205 1508 330 1550; x_wconf 82' lang='lat' dir='ltr'>beret.</span> <span class='ocrx_word' id='word_1_216' title='bbox 351 1506 509 1559; x_wconf 78' lang='lat' dir='ltr'>petiisse</span> <span class='ocrx_word' id='word_1_217' title='bbox 527 1507 577 1545; x_wconf 89' lang='lat' dir='ltr'>ab</span> <span class='ocrx_word' id='word_1_218' title='bbox 597 1519 643 1544; x_wconf 89' lang='lat' dir='ltr'>ea</span> <span class='ocrx_word' id='word_1_219' title='bbox 661 1519 708 1544; x_wconf 89' lang='lat' dir='ltr'>ne</span> <span class='ocrx_word' id='word_1_220' title='bbox 734 1504 1072 1557; x_wconf 82' lang='lat' dir='ltr'>interpellaretur:</span> <span class='ocrx_word' id='word_1_221' title='bbox 1102 1505 1225 1543; x_wconf 86' lang='lat' dir='ltr'>serius</span> <span class='ocrx_word' id='word_1_222' title='bbox 1254 1505 1409 1543; x_wconf 89' lang='lat' dir='ltr'>tandem</span> <span class='ocrx_word' id='word_1_223' title='bbox 1433 1504 1649 1555; x_wconf 82' lang='lat' dir='ltr'>ingressum</span> <span class='ocrx_word' id='word_1_224' title='bbox 1673 1504 1742 1542; x_wconf 88' lang='lat' dir='ltr'>tri-</span> 
     </span>
     <span class='ocr_line' id='line_1_28' title="bbox 206 1557 1742 1611; baseline -0.003 -11"><span class='ocrx_word' id='word_1_225' title='bbox 206 1560 364 1600; x_wconf 87' lang='lat' dir='ltr'>clinium</span> <span class='ocrx_word' id='word_1_226' title='bbox 384 1560 542 1606; x_wconf 87' lang='lat' dir='ltr'>dixisse,</span> <span class='ocrx_word' id='word_1_227' title='bbox 562 1573 642 1599; x_wconf 91' lang='lat' dir='ltr'>non</span> <span class='ocrx_word' id='word_1_228' title='bbox 662 1573 767 1611; x_wconf 84' lang='lat' dir='ltr'>saepc</span> <span class='ocrx_word' id='word_1_229' title='bbox 782 1559 819 1598; x_wconf 89' lang='lat' dir='ltr'>in</span> <span class='ocrx_word' id='word_1_230' title='bbox 839 1559 1046 1598; x_wconf 88' lang='lat' dir='ltr'>scribendo</span> <span class='ocrx_word' id='word_1_231' title='bbox 1070 1560 1193 1610; x_wconf 82' lang='lat' dir='ltr'>magis</span> <span class='ocrx_word' id='word_1_232' title='bbox 1218 1559 1451 1598; x_wconf 81' lang='lat' dir='ltr'>successisse</span> <span class='ocrx_word' id='word_1_233' title='bbox 1470 1558 1546 1597; x_wconf 84' lang='lat' dir='ltr'>sibi</span> <span class='ocrx_word' id='word_1_234' title='bbox 1563 1572 1572 1596; x_wconf 75' lang='grc' dir='ltr'>ε</span> <span class='ocrx_word' id='word_1_235' title='bbox 1601 1557 1742 1597; x_wconf 88' lang='lat' dir='ltr'>deinde</span> 
     </span>
     <span class='ocr_line' id='line_1_29' title="bbox 206 1612 1744 1667; baseline -0.002 -13"><span class='ocrx_word' id='word_1_236' title='bbox 206 1624 387 1667; x_wconf 81' lang='lat' dir='ltr'>rogatum</span> <span class='ocrx_word' id='word_1_237' title='bbox 417 1623 459 1653; x_wconf 93' lang='lat' dir='ltr'>ut</span> <span class='ocrx_word' id='word_1_238' title='bbox 490 1614 634 1666; x_wconf 89' lang='lat' dir='ltr'>scripta</span> <span class='ocrx_word' id='word_1_239' title='bbox 665 1613 731 1652; x_wconf 87' lang='lat' dir='ltr'>illa</span> <span class='ocrx_word' id='word_1_240' title='bbox 764 1614 968 1665; x_wconf 83' lang='lat' dir='ltr'>proferret,</span> <span class='ocrx_word' id='word_1_241' title='bbox 1002 1613 1279 1665; x_wconf 84' lang='lat' dir='ltr'>pronunciasse</span> <span class='ocrx_word' id='word_1_242' title='bbox 1312 1626 1448 1651; x_wconf 89' lang='lat' dir='ltr'>versus</span> <span class='ocrx_word' id='word_1_243' title='bbox 1480 1613 1548 1664; x_wconf 90' lang='lat' dir='ltr'>qui</span> <span class='ocrx_word' id='word_1_244' title='bbox 1579 1622 1672 1651; x_wconf 88' lang='lat' dir='ltr'>sunt</span> <span class='ocrx_word' id='word_1_245' title='bbox 1703 1612 1744 1651; x_wconf 89' lang='lat' dir='ltr'>in</span> 
     </span>
     <span class='ocr_line' id='line_1_30' title="bbox 207 1669 679 1709; baseline -0.002 -1"><span class='ocrx_word' id='word_1_246' title='bbox 207 1669 653 1709; x_wconf 86' lang='lat' dir='ltr'>Heautontimorumeno</span> <span class='ocrx_word' id='word_1_247' title='bbox 669 1682 679 1707; x_wconf 88' lang='lat'>:</span> 
     </span>
    </p>
   </div>
   <div class='ocr_carea' id='block_1_3' title="bbox 441 1728 1493 1778">
    <p class='ocr_par' dir='ltr' id='par_1_11' title="bbox 441 1728 1493 1778">
     <span class='ocr_line' id='line_1_31' title="bbox 441 1728 1493 1778; baseline -0.002 -11"><span class='ocrx_word' id='word_1_248' title='bbox 441 1730 536 1767; x_wconf 87' lang='lat' dir='ltr'>Satis</span> <span class='ocrx_word' id='word_1_249' title='bbox 552 1731 615 1778; x_wconf 85' lang='lat' dir='ltr'>pol</span> <span class='ocrx_word' id='word_1_250' title='bbox 630 1736 795 1778; x_wconf 75' lang='lat' dir='ltr'>proterve</span> <span class='ocrx_word' id='word_1_251' title='bbox 811 1742 869 1766; x_wconf 86' lang='lat' dir='ltr'>me</span> <span class='ocrx_word' id='word_1_252' title='bbox 886 1728 966 1777; x_wconf 83' lang='lat' dir='ltr'>Syri</span> <span class='ocrx_word' id='word_1_253' title='bbox 983 1730 1158 1776; x_wconf 86' lang='lat' dir='ltr'>promissa</span> <span class='ocrx_word' id='word_1_254' title='bbox 1172 1729 1244 1765; x_wconf 91' lang='lat' dir='ltr'>buc</span> <span class='ocrx_word' id='word_1_255' title='bbox 1260 1729 1493 1766; x_wconf 85' lang='lat' dir='ltr'>induxerunt.</span> 
     </span>
    </p>
   </div>
   <div class='ocr_carea' id='block_1_4' title="bbox 206 1787 1747 2425">
    <p class='ocr_par' dir='ltr' id='par_1_12' title="bbox 206 1787 1747 2424">
     <span class='ocr_line' id='line_1_32' title="bbox 261 1787 1745 1841; baseline -0.002 -11"><span class='ocrx_word' id='word_1_256' title='bbox 261 1791 402 1830; x_wconf 88' lang='lat' dir='ltr'>Santra</span> <span class='ocrx_word' id='word_1_257' title='bbox 420 1790 650 1829; x_wconf 86' lang='lat' dir='ltr'>Terentium</span> <span class='ocrx_word' id='word_1_258' title='bbox 670 1790 882 1835; x_wconf 85' lang='lat' dir='ltr'>existimat,</span> <span class='ocrx_word' id='word_1_259' title='bbox 903 1790 935 1828; x_wconf 84' lang='lat' dir='ltr'>si</span> <span class='ocrx_word' id='word_1_260' title='bbox 955 1789 1073 1828; x_wconf 88' lang='lat' dir='ltr'>modo</span> <span class='ocrx_word' id='word_1_261' title='bbox 1094 1790 1131 1827; x_wconf 92' lang='lat' dir='ltr'>in</span> <span class='ocrx_word' id='word_1_262' title='bbox 1150 1789 1358 1828; x_wconf 90' lang='lat' dir='ltr'>scribendo</span> <span class='ocrx_word' id='word_1_263' title='bbox 1377 1788 1624 1841; x_wconf 86' lang='lat' dir='ltr'>adjutoribus</span> <span class='ocrx_word' id='word_1_264' title='bbox 1642 1787 1745 1827; x_wconf 89' lang='lat' dir='ltr'>indi-</span> 
     </span>
     <span class='ocr_line' id='line_1_33' title="bbox 206 1842 1744 1897; baseline -0.002 -13"><span class='ocrx_word' id='word_1_265' title='bbox 206 1845 348 1897; x_wconf 81' lang='lat' dir='ltr'>guerit,</span> <span class='ocrx_word' id='word_1_266' title='bbox 369 1858 445 1884; x_wconf 91' lang='lat' dir='ltr'>non</span> <span class='ocrx_word' id='word_1_267' title='bbox 466 1854 544 1884; x_wconf 89' lang='lat' dir='ltr'>tam</span> <span class='ocrx_word' id='word_1_268' title='bbox 564 1843 745 1896; x_wconf 89' lang='lat' dir='ltr'>Scipione</span> <span class='ocrx_word' id='word_1_269' title='bbox 765 1853 804 1882; x_wconf 88' lang='lat' dir='ltr'>et</span> <span class='ocrx_word' id='word_1_270' title='bbox 823 1843 947 1882; x_wconf 84' lang='lat' dir='ltr'>Laelio</span> <span class='ocrx_word' id='word_1_271' title='bbox 971 1843 1028 1882; x_wconf 91' lang='lat' dir='ltr'>uti</span> <span class='ocrx_word' id='word_1_272' title='bbox 1055 1844 1242 1895; x_wconf 86' lang='lat' dir='ltr'>potuisse,</span> <span class='ocrx_word' id='word_1_273' title='bbox 1262 1844 1329 1895; x_wconf 91' lang='lat' dir='ltr'>qui</span> <span class='ocrx_word' id='word_1_274' title='bbox 1349 1852 1441 1882; x_wconf 89' lang='lat' dir='ltr'>tunc</span> <span class='ocrx_word' id='word_1_275' title='bbox 1463 1842 1744 1882; x_wconf 83' lang='lat' dir='ltr'>adolescentuli</span> 
     </span>
     <span class='ocr_line' id='line_1_34' title="bbox 207 1896 1744 1950; baseline -0.002 -12"><span class='ocrx_word' id='word_1_276' title='bbox 207 1900 342 1938; x_wconf 84' lang='lat' dir='ltr'>fuere:</span> <span class='ocrx_word' id='word_1_277' title='bbox 371 1912 488 1950; x_wconf 84' lang='lat' dir='ltr'>quam</span> <span class='ocrx_word' id='word_1_278' title='bbox 518 1898 565 1937; x_wconf 89' lang='lat' dir='ltr'>C.</span> <span class='ocrx_word' id='word_1_279' title='bbox 594 1897 763 1950; x_wconf 89' lang='lat' dir='ltr'>Sulpitio</span> <span class='ocrx_word' id='word_1_280' title='bbox 788 1896 904 1936; x_wconf 88' lang='lat' dir='ltr'>Gallo</span> <span class='ocrx_word' id='word_1_281' title='bbox 936 1897 1091 1936; x_wconf 88' lang='lat' dir='ltr'>homine</span> <span class='ocrx_word' id='word_1_282' title='bbox 1120 1897 1250 1944; x_wconf 86' lang='lat' dir='ltr'>docto,</span> <span class='ocrx_word' id='word_1_283' title='bbox 1283 1896 1346 1936; x_wconf 82' lang='lat' dir='ltr'>’et</span> <span class='ocrx_word' id='word_1_284' title='bbox 1378 1897 1444 1949; x_wconf 92' lang='lat' dir='ltr'>qui</span> <span class='ocrx_word' id='word_1_285' title='bbox 1474 1896 1744 1936; x_wconf 88' lang='lat' dir='ltr'>consularibus</span> 
     </span>
     <span class='ocr_line' id='line_1_35' title="bbox 206 1950 1746 1996; baseline -0.002 -4"><span class='ocrx_word' id='word_1_286' title='bbox 206 1952 312 1993; x_wconf 90' lang='lat' dir='ltr'>ludis</span> <span class='ocrx_word' id='word_1_287' title='bbox 332 1953 484 1992; x_wconf 90' lang='lat' dir='ltr'>initium</span> <span class='ocrx_word' id='word_1_288' title='bbox 512 1952 649 1992; x_wconf 88' lang='lat' dir='ltr'>fecerit</span> <span class='ocrx_word' id='word_1_289' title='bbox 676 1952 893 1991; x_wconf 79' lang='lat' dir='ltr'>fabularum</span> <span class='ocrx_word' id='word_1_290' title='bbox 923 1951 1163 1991; x_wconf 88' lang='lat' dir='ltr'>dandarum:</span> <span class='ocrx_word' id='word_1_291' title='bbox 1195 1951 1256 1990; x_wconf 85' lang='lat' dir='ltr'>vel</span> <span class='ocrx_word' id='word_1_292' title='bbox 1277 1950 1329 1995; x_wconf 84' lang='lat' dir='ltr'>Q.</span> <span class='ocrx_word' id='word_1_293' title='bbox 1353 1951 1473 1991; x_wconf 84' lang='lat' dir='ltr'>Fabio</span> <span class='ocrx_word' id='word_1_294' title='bbox 1492 1950 1685 1996; x_wconf 82' lang='lat' dir='ltr'>Labeone,</span> <span class='ocrx_word' id='word_1_295' title='bbox 1705 1960 1746 1989; x_wconf 88' lang='lat' dir='ltr'>et</span> 
     </span>
     <span class='ocr_line' id='line_1_36' title="bbox 209 2004 1745 2059; baseline -0.002 -13"><span class='ocrx_word' id='word_1_296' title='bbox 209 2004 269 2046; x_wconf 89' lang='lat' dir='ltr'>M.</span> <span class='ocrx_word' id='word_1_297' title='bbox 292 2006 456 2059; x_wconf 61' lang='lat' dir='ltr'>Popilia,</span> <span class='ocrx_word' id='word_1_298' title='bbox 475 2006 668 2046; x_wconf 87' lang='lat' dir='ltr'>consulari</span> <span class='ocrx_word' id='word_1_299' title='bbox 688 2015 867 2057; x_wconf 82' lang='lat' dir='ltr'>utroque,</span> <span class='ocrx_word' id='word_1_300' title='bbox 887 2020 932 2045; x_wconf 86' lang='lat' dir='ltr'>ac</span> <span class='ocrx_word' id='word_1_301' title='bbox 952 2015 1080 2058; x_wconf 86' lang='lat' dir='ltr'>poeta.</span> <span class='ocrx_word' id='word_1_302' title='bbox 1138 2006 1234 2045; x_wconf 88' lang='lat' dir='ltr'>Ideo</span> <span class='ocrx_word' id='word_1_303' title='bbox 1254 2006 1379 2058; x_wconf 87' lang='lat' dir='ltr'>ipsum</span> <span class='ocrx_word' id='word_1_304' title='bbox 1399 2019 1476 2045; x_wconf 91' lang='lat' dir='ltr'>non</span> <span class='ocrx_word' id='word_1_305' title='bbox 1489 2004 1657 2058; x_wconf 88' lang='lat' dir='ltr'>juvenes</span> <span class='ocrx_word' id='word_1_306' title='bbox 1676 2004 1745 2043; x_wconf 88' lang='lat' dir='ltr'>de-</span> 
     </span>
     <span class='ocr_line' id='line_1_37' title="bbox 208 2059 1746 2113; baseline -0.002 -13"><span class='ocrx_word' id='word_1_307' title='bbox 208 2062 396 2113; x_wconf 85' lang='lat' dir='ltr'>signasse,</span> <span class='ocrx_word' id='word_1_308' title='bbox 416 2061 482 2112; x_wconf 90' lang='lat' dir='ltr'>qui</span> <span class='ocrx_word' id='word_1_309' title='bbox 502 2074 543 2099; x_wconf 87' lang='lat' dir='ltr'>se</span> <span class='ocrx_word' id='word_1_310' title='bbox 563 2060 760 2113; x_wconf 86' lang='lat' dir='ltr'>adjuvisse</span> <span class='ocrx_word' id='word_1_311' title='bbox 778 2060 1020 2100; x_wconf 88' lang='lat' dir='ltr'>dicerentur:</span> <span class='ocrx_word' id='word_1_312' title='bbox 1042 2060 1112 2099; x_wconf 89' lang='lat' dir='ltr'>sed</span> <span class='ocrx_word' id='word_1_313' title='bbox 1131 2061 1247 2105; x_wconf 87' lang='lat' dir='ltr'>viros,</span> <span class='ocrx_word' id='word_1_314' title='bbox 1269 2074 1436 2112; x_wconf 90' lang='lat' dir='ltr'>quorum</span> <span class='ocrx_word' id='word_1_315' title='bbox 1455 2073 1626 2111; x_wconf 82' lang='lat' dir='ltr'>operam,</span> <span class='ocrx_word' id='word_1_316' title='bbox 1646 2068 1686 2098; x_wconf 88' lang='lat' dir='ltr'>et</span> <span class='ocrx_word' id='word_1_317' title='bbox 1708 2059 1746 2097; x_wconf 91' lang='lat' dir='ltr'>in</span> 
     </span>
     <span class='ocr_line' id='line_1_38' title="bbox 207 2110 1745 2167; baseline -0.002 -13"><span class='ocrx_word' id='word_1_318' title='bbox 207 2115 325 2157; x_wconf 86' lang='lat' dir='ltr'>bello.</span> <span class='ocrx_word' id='word_1_319' title='bbox 346 2125 385 2154; x_wconf 92' lang='lat' dir='ltr'>et</span> <span class='ocrx_word' id='word_1_320' title='bbox 405 2116 442 2154; x_wconf 89' lang='lat' dir='ltr'>in</span> <span class='ocrx_word' id='word_1_321' title='bbox 461 2115 555 2161; x_wconf 91' lang='lat' dir='ltr'>otio,</span> <span class='ocrx_word' id='word_1_322' title='bbox 575 2124 615 2154; x_wconf 91' lang='lat' dir='ltr'>et</span> <span class='ocrx_word' id='word_1_323' title='bbox 634 2110 671 2153; x_wconf 91' lang='lat' dir='ltr'>in</span> <span class='ocrx_word' id='word_1_324' title='bbox 691 2115 851 2166; x_wconf 81' lang='lat' dir='ltr'>negotio</span> <span class='ocrx_word' id='word_1_325' title='bbox 875 2114 1044 2166; x_wconf 88' lang='lat' dir='ltr'>populus</span> <span class='ocrx_word' id='word_1_326' title='bbox 1068 2115 1119 2153; x_wconf 92' lang='lat' dir='ltr'>sit</span> <span class='ocrx_word' id='word_1_327' title='bbox 1145 2126 1348 2167; x_wconf 82' lang='lat' dir='ltr'>expertus.</span> <span class='ocrx_word' id='word_1_328' title='bbox 1404 2113 1499 2153; x_wconf 86' lang='lat' dir='ltr'>Post</span> <span class='ocrx_word' id='word_1_329' title='bbox 1523 2113 1648 2152; x_wconf 89' lang='lat' dir='ltr'>editas</span> <span class='ocrx_word' id='word_1_330' title='bbox 1679 2126 1745 2151; x_wconf 90' lang='lat' dir='ltr'>co-</span> 
     </span>
     <span class='ocr_line' id='line_1_39' title="bbox 208 2169 1747 2221; baseline -0.002 -13"><span class='ocrx_word' id='word_1_331' title='bbox 208 2169 374 2208; x_wconf 87' lang='lat' dir='ltr'>moedias</span> <span class='ocrx_word' id='word_1_332' title='bbox 403 2169 574 2208; x_wconf 88' lang='lat' dir='ltr'>nondum</span> <span class='ocrx_word' id='word_1_333' title='bbox 605 2170 784 2221; x_wconf 88' lang='lat' dir='ltr'>quintum</span> <span class='ocrx_word' id='word_1_334' title='bbox 813 2178 932 2220; x_wconf 83' lang='lat' dir='ltr'>atque</span> <span class='ocrx_word' id='word_1_335' title='bbox 957 2169 1005 2207; x_wconf 88' lang='lat' dir='ltr'>tri</span> <span class='ocrx_word' id='word_1_336' title='bbox 1036 2170 1200 2208; x_wconf 89' lang='lat' dir='ltr'>esimum</span> <span class='ocrx_word' id='word_1_337' title='bbox 1233 2182 1414 2221; x_wconf 81' lang='lat' dir='ltr'>egressus</span> <span class='ocrx_word' id='word_1_338' title='bbox 1442 2181 1597 2213; x_wconf 86' lang='lat' dir='ltr'>annum,</span> <span class='ocrx_word' id='word_1_339' title='bbox 1630 2181 1747 2206; x_wconf 85' lang='lat' dir='ltr'>causa</span> 
     </span>
     <span class='ocr_line' id='line_1_40' title="bbox 208 2182 1746 2276; baseline -0.001 -15"><span class='ocrx_word' id='word_1_340' title='bbox 208 2223 404 2263; x_wconf 78' lang='lat' dir='ltr'>evitandae</span> <span class='ocrx_word' id='word_1_341' title='bbox 424 2223 628 2276; x_wconf 87' lang='lat' dir='ltr'>opinionis,</span> <span class='ocrx_word' id='word_1_342' title='bbox 649 2223 740 2275; x_wconf 90' lang='lat' dir='ltr'>quia</span> <span class='ocrx_word' id='word_1_343' title='bbox 759 2223 966 2262; x_wconf 86' lang='lat' dir='ltr'>videbatur</span> <span class='ocrx_word' id='word_1_344' title='bbox 993 2182 1117 2262; x_wconf 42' lang='lat' dir='ltr'>aliiensi</span> <span class='ocrx_word' id='word_1_345' title='bbox 1146 2237 1216 2274; x_wconf 88' lang='lat' dir='ltr'>pro</span> <span class='ocrx_word' id='word_1_346' title='bbox 1244 2223 1326 2262; x_wconf 89' lang='lat' dir='ltr'>suis</span> <span class='ocrx_word' id='word_1_347' title='bbox 1353 2222 1492 2261; x_wconf 86' lang='lat' dir='ltr'>edere:</span> <span class='ocrx_word' id='word_1_348' title='bbox 1522 2235 1590 2260; x_wconf 89' lang='lat' dir='ltr'>seu</span> <span class='ocrx_word' id='word_1_349' title='bbox 1620 2222 1746 2273; x_wconf 86' lang='lat' dir='ltr'>perci-</span> 
     </span>
     <span class='ocr_line' id='line_1_41' title="bbox 206 2276 1747 2330; baseline -0.003 -13"><span class='ocrx_word' id='word_1_350' title='bbox 206 2277 340 2330; x_wconf 85' lang='lat' dir='ltr'>piendi</span> <span class='ocrx_word' id='word_1_351' title='bbox 373 2277 607 2317; x_wconf 84' lang='lat' dir='ltr'>Graecorum</span> <span class='ocrx_word' id='word_1_352' title='bbox 642 2277 820 2316; x_wconf 88' lang='lat' dir='ltr'>instituta</span> <span class='ocrx_word' id='word_1_353' title='bbox 854 2290 1073 2328; x_wconf 85' lang='lat' dir='ltr'>moresque,</span> <span class='ocrx_word' id='word_1_354' title='bbox 1108 2290 1206 2328; x_wconf 87' lang='lat' dir='ltr'>quos</span> <span class='ocrx_word' id='word_1_355' title='bbox 1240 2277 1400 2329; x_wconf 88' lang='lat' dir='ltr'>perinde</span> <span class='ocrx_word' id='word_1_356' title='bbox 1431 2276 1670 2329; x_wconf 86' lang='lat' dir='ltr'>exprimeret</span> <span class='ocrx_word' id='word_1_357' title='bbox 1708 2276 1747 2314; x_wconf 88' lang='lat' dir='ltr'>in</span> 
     </span>
     <span class='ocr_line' id='line_1_42' title="bbox 207 2329 1747 2424; baseline -0.003 -53"><span class='ocrx_word' id='word_1_358' title='bbox 207 2332 375 2424; x_wconf 53' lang='grc' dir='ltr'>ἷιοτῖρῑίε.</span> <span class='ocrx_word' id='word_1_359' title='bbox 402 2345 582 2424; x_wconf 57' lang='lat' dir='ltr'>egressus</span> <span class='ocrx_word' id='word_1_360' title='bbox 615 2333 753 2371; x_wconf 89' lang='lat' dir='ltr'>urbem</span> <span class='ocrx_word' id='word_1_361' title='bbox 781 2339 855 2377; x_wconf 88' lang='lat' dir='ltr'>est,</span> <span class='ocrx_word' id='word_1_362' title='bbox 889 2343 1014 2383; x_wconf 86' lang='lat' dir='ltr'>neque</span> <span class='ocrx_word' id='word_1_363' title='bbox 1041 2331 1207 2384; x_wconf 88' lang='lat' dir='ltr'>amplius</span> <span class='ocrx_word' id='word_1_364' title='bbox 1231 2330 1360 2371; x_wconf 86' lang='lat' dir='ltr'>rediit.</span> <span class='ocrx_word' id='word_1_365' title='bbox 1417 2330 1480 2371; x_wconf 90' lang='lat' dir='ltr'>De</span> <span class='ocrx_word' id='word_1_366' title='bbox 1507 2338 1633 2370; x_wconf 87' lang='lat' dir='ltr'>morte</span> <span class='ocrx_word' id='word_1_367' title='bbox 1661 2329 1747 2381; x_wconf 87' lang='lat' dir='ltr'>ejus</span> 
     </span>
    </p>

    <p class='ocr_par' dir='ltr' id='par_1_13' title="bbox 248 2386 574 2425">
     <span class='ocr_line' id='line_1_43' title="bbox 248 2386 574 2425; baseline -0.003 0"><span class='ocrx_word' id='word_1_368' title='bbox 248 2399 272 2425; x_wconf 92' lang='grc' dir='ltr'>ο</span> <span class='ocrx_word' id='word_1_369' title='bbox 288 2386 411 2425; x_wconf 86' lang='lat' dir='ltr'>catius</span> <span class='ocrx_word' id='word_1_370' title='bbox 431 2395 488 2425; x_wconf 89' lang='lat' dir='ltr'>tra</span> <span class='ocrx_word' id='word_1_371' title='bbox 520 2386 574 2424; x_wconf 83' lang='lat' dir='ltr'>it:</span> 
     </span>
    </p>
   </div>
   <div class='ocr_carea' id='block_1_5' title="bbox 486 2446 1436 2590">
    <p class='ocr_par' dir='ltr' id='par_1_14' title="bbox 486 2446 1436 2590">
     <span class='ocr_line' id='line_1_44' title="bbox 489 2446 1288 2495; baseline 0 -11"><span class='ocrx_word' id='word_1_372' title='bbox 489 2446 559 2484; x_wconf 73' lang='lat' dir='ltr'>Sed</span> <span class='ocrx_word' id='word_1_373' title='bbox 577 2454 618 2484; x_wconf 87' lang='lat' dir='ltr'>ut</span> <span class='ocrx_word' id='word_1_374' title='bbox 636 2446 724 2484; x_wconf 77' lang='lat' dir='ltr'>Aser</span> <span class='ocrx_word' id='word_1_375' title='bbox 739 2459 801 2483; x_wconf 85' lang='lat' dir='ltr'>sex</span> <span class='ocrx_word' id='word_1_376' title='bbox 817 2448 953 2495; x_wconf 89' lang='lat' dir='ltr'>populo</span> <span class='ocrx_word' id='word_1_377' title='bbox 970 2447 1067 2483; x_wconf 86' lang='lat' dir='ltr'>dedit</span> <span class='ocrx_word' id='word_1_378' title='bbox 1084 2448 1288 2491; x_wconf 67' lang='lat' dir='ltr'>comoedias,</span> 
     </span>
     <span class='ocr_line' id='line_1_45' title="bbox 489 2495 1384 2532; baseline 0.001 -1"><span class='ocrx_word' id='word_1_379' title='bbox 489 2495 562 2532; x_wconf 84' lang='lat' dir='ltr'>lter</span> <span class='ocrx_word' id='word_1_380' title='bbox 578 2495 662 2531; x_wconf 92' lang='lat' dir='ltr'>binc</span> <span class='ocrx_word' id='word_1_381' title='bbox 679 2498 716 2531; x_wconf 88' lang='lat' dir='ltr'>in</span> <span class='ocrx_word' id='word_1_382' title='bbox 733 2495 856 2531; x_wconf 83' lang='lat' dir='ltr'>Asiam</span> <span class='ocrx_word' id='word_1_383' title='bbox 876 2495 960 2531; x_wconf 80' lang='lat' dir='ltr'>fecit</span> <span class='ocrx_word' id='word_1_384' title='bbox 975 2510 984 2531; x_wconf 75' lang='grc' dir='ltr'><strong>ι</strong></span> <span class='ocrx_word' id='word_1_385' title='bbox 1014 2496 1154 2531; x_wconf 74' lang='lat' dir='ltr'>¹navim</span> <span class='ocrx_word' id='word_1_386' title='bbox 1173 2508 1255 2532; x_wconf 85' lang='lat' dir='ltr'>cum</span> <span class='ocrx_word' id='word_1_387' title='bbox 1273 2496 1384 2532; x_wconf 78' lang='lat' dir='ltr'>semel</span> 
     </span>
     <span class='ocr_line' id='line_1_46' title="bbox 486 2541 1436 2590; baseline 0 -11"><span class='ocrx_word' id='word_1_388' title='bbox 486 2541 722 2585; x_wconf 84' lang='lat' dir='ltr'>Conscendit,</span> <span class='ocrx_word' id='word_1_389' title='bbox 741 2542 840 2578; x_wconf 82' lang='lat' dir='ltr'>visus</span> <span class='ocrx_word' id='word_1_390' title='bbox 855 2554 1041 2590; x_wconf 86' lang='lat' dir='ltr'>nunquam</span> <span class='ocrx_word' id='word_1_391' title='bbox 1058 2550 1134 2579; x_wconf 89' lang='lat' dir='ltr'>est:</span> <span class='ocrx_word' id='word_1_392' title='bbox 1162 2543 1213 2579; x_wconf 84' lang='lat' dir='ltr'>sic</span> <span class='ocrx_word' id='word_1_393' title='bbox 1231 2544 1305 2579; x_wconf 83' lang='lat' dir='ltr'>vita</span> <span class='ocrx_word' id='word_1_394' title='bbox 1321 2548 1436 2579; x_wconf 68' lang='lat' dir='ltr'>vacat.</span> 
     </span>
    </p>
   </div>
   <div class='ocr_carea' id='block_1_6' title="bbox 260 2601 1748 2655">
    <p class='ocr_par' dir='ltr' id='par_1_15' title="bbox 260 2601 1748 2655">
     <span class='ocr_line' id='line_1_47' title="bbox 260 2601 1748 2655; baseline -0.002 -12"><span class='ocrx_word' id='word_1_395' title='bbox 260 2601 337 2647; x_wconf 73' lang='grc' dir='ltr'>Ὦ.</span> <span class='ocrx_word' id='word_1_396' title='bbox 354 2602 571 2643; x_wconf 85' lang='lat' dir='ltr'>Cosconius</span> <span class='ocrx_word' id='word_1_397' title='bbox 588 2602 815 2642; x_wconf 88' lang='lat' dir='ltr'>redeuntem</span> <span class='ocrx_word' id='word_1_398' title='bbox 835 2616 858 2641; x_wconf 86' lang='lat' dir='ltr'>a</span> <span class='ocrx_word' id='word_1_399' title='bbox 876 2602 1034 2642; x_wconf 80' lang='lat' dir='ltr'>Graecia</span> <span class='ocrx_word' id='word_1_400' title='bbox 1056 2603 1216 2655; x_wconf 85' lang='lat' dir='ltr'>periisse</span> <span class='ocrx_word' id='word_1_401' title='bbox 1243 2604 1281 2642; x_wconf 91' lang='lat' dir='ltr'>in</span> <span class='ocrx_word' id='word_1_402' title='bbox 1310 2603 1407 2643; x_wconf 87' lang='lat' dir='ltr'>mari</span> <span class='ocrx_word' id='word_1_403' title='bbox 1434 2601 1530 2642; x_wconf 89' lang='lat' dir='ltr'>dicit</span> <span class='ocrx_word' id='word_1_404' title='bbox 1548 2614 1636 2642; x_wconf 90' lang='lat' dir='ltr'>cum</span> <span class='ocrx_word' id='word_1_405' title='bbox 1656 2614 1748 2640; x_wconf 89' lang='lat' dir='ltr'>cen-</span> 
     </span>
    </p>
   </div>
   <div class='ocr_carea' id='block_1_7' title="bbox 250 2725 1732 2769">
    <p class='ocr_par' dir='ltr' id='par_1_16' title="bbox 250 2725 1732 2769">
     <span class='ocr_line' id='line_1_48' title="bbox 250 2725 1732 2769; baseline -0.001 -10"><span class='ocrx_word' id='word_1_406' title='bbox 250 2726 265 2749; x_wconf 79' lang='lat'>⁷</span> <span class='ocrx_word' id='word_1_407' title='bbox 278 2726 407 2764; x_wconf 60' lang='lat' dir='ltr'>”tal-1,</span> <span class='ocrx_word' id='word_1_408' title='bbox 428 2726 461 2758; x_wconf 76' lang='lat' dir='ltr'>h.</span> <span class='ocrx_word' id='word_1_409' title='bbox 484 2726 505 2758; x_wconf 93' lang='lat' dir='ltr'>l.</span> <span class='ocrx_word' id='word_1_410' title='bbox 532 2725 749 2759; x_wconf 82' lang='lat' dir='ltr'>Didascaliam</span> <span class='ocrx_word' id='word_1_411' title='bbox 781 2725 953 2769; x_wconf 71' lang='lat' dir='ltr'>significat.</span> <span class='ocrx_word' id='word_1_412' title='bbox 998 2727 1079 2758; x_wconf 63' lang='lat' dir='ltr'>tudes</span> <span class='ocrx_word' id='word_1_413' title='bbox 1092 2738 1102 2757; x_wconf 94' lang='grc'>.·</span> <span class='ocrx_word' id='word_1_414' title='bbox 1126 2726 1180 2757; x_wconf 81' lang='lat' dir='ltr'>sed</span> <span class='ocrx_word' id='word_1_415' title='bbox 1200 2726 1305 2759; x_wconf 75' lang='lat' dir='ltr'>Faber</span> <span class='ocrx_word' id='word_1_416' title='bbox 1319 2726 1389 2759; x_wconf 79' lang='lat' dir='ltr'>vult</span> <span class='ocrx_word' id='word_1_417' title='bbox 1403 2726 1468 2766; x_wconf 62' lang='lat' dir='ltr'>leni</span> <span class='ocrx_word' id='word_1_418' title='bbox 1486 2727 1669 2759; x_wconf 64' lang='lat' dir='ltr'>cen-utu.</span> <span class='ocrx_word' id='word_1_419' title='bbox 1696 2725 1732 2757; x_wconf 84' lang='grc' dir='ltr'>Ζ.</span> 
     </span>
    </p>
   </div>
   <div class='ocr_carea' id='block_1_8' title="bbox 207 2769 1748 2892">
    <p class='ocr_par' dir='ltr' id='par_1_17' title="bbox 207 2769 1748 2892">
     <span class='ocr_line' id='line_1_49' title="bbox 207 2769 1746 2835; baseline -0.002 -32"><span class='ocrx_word' id='word_1_420' title='bbox 207 2769 307 2835; x_wconf 48' lang='lat' dir='ltr'>Ergo.</span> <span class='ocrx_word' id='word_1_421' title='bbox 322 2776 358 2802; x_wconf 87' lang='lat' dir='ltr'>ut</span> <span class='ocrx_word' id='word_1_422' title='bbox 373 2769 468 2801; x_wconf 82' lang='lat' dir='ltr'>hodie</span> <span class='ocrx_word' id='word_1_423' title='bbox 484 2769 600 2824; x_wconf 70' lang='lat' dir='ltr'>editur,</span> <span class='ocrx_word' id='word_1_424' title='bbox 617 2769 730 2820; x_wconf 58' lang='lat' dir='ltr'>mutila</span> <span class='ocrx_word' id='word_1_425' title='bbox 746 2777 804 2802; x_wconf 78' lang='lat' dir='ltr'>est.</span> <span class='ocrx_word' id='word_1_426' title='bbox 840 2769 923 2802; x_wconf 68' lang='lat' dir='ltr'>Pas.</span> <span class='ocrx_word' id='word_1_427' title='bbox 1043 2769 1053 2791; x_wconf 87' lang='lat'><em>¹</em></span> <span class='ocrx_word' id='word_1_428' title='bbox 1071 2770 1183 2801; x_wconf 66' lang='lat' dir='ltr'>Navi·-</span> <span class='ocrx_word' id='word_1_429' title='bbox 1205 2781 1271 2801; x_wconf 67' lang='grc' dir='ltr'>σιη-</span> <span class='ocrx_word' id='word_1_430' title='bbox 1293 2769 1400 2815; x_wconf 60' lang='lat' dir='ltr'>aegid]</span> <span class='ocrx_word' id='word_1_431' title='bbox 1426 2770 1490 2802; x_wconf 80' lang='lat' dir='ltr'>Ms-</span> <span class='ocrx_word' id='word_1_432' title='bbox 1509 2769 1666 2808; x_wconf 80' lang='lat' dir='ltr'>Danielis,</span> <span class='ocrx_word' id='word_1_433' title='bbox 1689 2780 1746 2800; x_wconf 70' lang='lat' dir='ltr'>aa·</span> 
     </span>
     <span class='ocr_line' id='line_1_50' title="bbox 276 2812 1291 2856; baseline -0.001 -10"><span class='ocrx_word' id='word_1_434' title='bbox 276 2814 424 2846; x_wconf 62' lang='lat' dir='ltr'>Kalendae</span> <span class='ocrx_word' id='word_1_435' title='bbox 447 2812 592 2855; x_wconf 71' lang='lat' dir='ltr'>Martiis]</span> <span class='ocrx_word' id='word_1_436' title='bbox 615 2814 700 2850; x_wconf 81' lang='lat' dir='ltr'>Quia</span> <span class='ocrx_word' id='word_1_437' title='bbox 723 2813 784 2846; x_wconf 81' lang='lat' dir='ltr'>hoc</span> <span class='ocrx_word' id='word_1_438' title='bbox 806 2812 860 2846; x_wconf 84' lang='lat' dir='ltr'>die</span> <span class='ocrx_word' id='word_1_439' title='bbox 882 2822 955 2856; x_wconf 67' lang='lat' dir='ltr'>reg-</span> <span class='ocrx_word' id='word_1_440' title='bbox 999 2815 1059 2845; x_wconf 71' lang='lat' dir='ltr'>vin</span> <span class='ocrx_word' id='word_1_441' title='bbox 1075 2818 1109 2845; x_wconf 72' lang='lat' dir='ltr'>ne</span> <span class='ocrx_word' id='word_1_442' title='bbox 1123 2814 1221 2845; x_wconf 68' lang='lat' dir='ltr'>senel-</span> <span class='ocrx_word' id='word_1_443' title='bbox 1256 2813 1291 2845; x_wconf 75' lang='lat' dir='ltr'>L.</span> 
     </span>
     <span class='ocr_line' id='line_1_51' title="bbox 207 2854 1748 2892; baseline -0.003 -1"><span class='ocrx_word' id='word_1_444' title='bbox 207 2867 287 2891; x_wconf 82' lang='lat' dir='ltr'>num</span> <span class='ocrx_word' id='word_1_445' title='bbox 304 2863 522 2889; x_wconf 75' lang='lat' dir='ltr'>matronarum</span> <span class='ocrx_word' id='word_1_446' title='bbox 538 2863 617 2889; x_wconf 82' lang='lat' dir='ltr'>erat.</span> <span class='ocrx_word' id='word_1_447' title='bbox 651 2857 734 2889; x_wconf 65' lang='lat' dir='ltr'>Fas.</span> <span class='ocrx_word' id='word_1_448' title='bbox 1043 2857 1056 2878; x_wconf 82' lang='lat'>⁸</span> <span class='ocrx_word' id='word_1_449' title='bbox 1075 2857 1133 2891; x_wconf 75' lang='lat' dir='ltr'>Q·-</span> <span class='ocrx_word' id='word_1_450' title='bbox 1152 2858 1311 2889; x_wconf 66' lang='grc' dir='ltr'>ΰωωκὲκι</span> <span class='ocrx_word' id='word_1_451' title='bbox 1349 2856 1399 2888; x_wconf 82' lang='lat' dir='ltr'>lta</span> <span class='ocrx_word' id='word_1_452' title='bbox 1420 2866 1461 2889; x_wconf 79' lang='lat' dir='ltr'>ex</span> <span class='ocrx_word' id='word_1_453' title='bbox 1478 2855 1559 2889; x_wconf 70' lang='lat' dir='ltr'>ua.</span> <span class='ocrx_word' id='word_1_454' title='bbox 1575 2854 1748 2892; x_wconf 78' lang='lat' dir='ltr'>edidimus,</span> 
     </span>
    </p>
   </div>
   <div class='ocr_carea' id='block_1_9' title="bbox 207 2883 1749 2986">
    <p class='ocr_par' dir='ltr' id='par_1_18' title="bbox 207 2883 1749 2986">
     <span class='ocr_line' id='line_1_52' title="bbox 251 2883 1748 2975; baseline -0.003 -41"><span class='ocrx_word' id='word_1_455' title='bbox 251 2899 266 2922; x_wconf 80' lang='lat'>⁸</span> <span class='ocrx_word' id='word_1_456' title='bbox 282 2901 325 2934; x_wconf 70' lang='lat' dir='ltr'>m</span> <span class='ocrx_word' id='word_1_457' title='bbox 339 2901 394 2943; x_wconf 68' lang='lat' dir='ltr'>qui</span> <span class='ocrx_word' id='word_1_458' title='bbox 406 2898 629 2942; x_wconf 62' lang='lat' dir='ltr'>materian]</span> <span class='ocrx_word' id='word_1_459' title='bbox 647 2900 710 2951; x_wconf 57' lang='lat' dir='ltr'>Mn:</span> <span class='ocrx_word' id='word_1_460' title='bbox 729 2900 768 2933; x_wconf 81' lang='lat' dir='ltr'>R.</span> <span class='ocrx_word' id='word_1_461' title='bbox 785 2898 873 2942; x_wconf 69' lang='lat' dir='ltr'>eqjsae</span> <span class='ocrx_word' id='word_1_462' title='bbox 886 2883 956 2932; x_wconf 70' lang='lat' dir='ltr'>eea·</span> <span class='ocrx_word' id='word_1_463' title='bbox 999 2898 1086 2975; x_wconf 50' lang='grc' dir='ltr'><strong>νιιῑῆ.</strong></span> <span class='ocrx_word' id='word_1_464' title='bbox 1104 2900 1260 2932; x_wconf 78' lang='lat' dir='ltr'>hactenus</span> <span class='ocrx_word' id='word_1_465' title='bbox 1282 2899 1344 2932; x_wconf 78' lang='lat' dir='ltr'>t&#39;uit</span> <span class='ocrx_word' id='word_1_466' title='bbox 1361 2901 1548 2950; x_wconf 50' lang='lat' dir='ltr'>Goyman.</span> <span class='ocrx_word' id='word_1_467' title='bbox 1588 2898 1748 2949; x_wconf 57' lang='lat' dir='ltr'>paeconi-</span> 
     </span>
     <span class='ocr_line' id='line_1_53' title="bbox 207 2940 1749 2986; baseline -0.003 -9"><span class='ocrx_word' id='word_1_468' title='bbox 207 2945 370 2977; x_wconf 69' lang='lat' dir='ltr'>aalaeribiu.</span> <span class='ocrx_word' id='word_1_469' title='bbox 389 2942 427 2976; x_wconf 77' lang='lat'>1..</span> <span class='ocrx_word' id='word_1_470' title='bbox 461 2942 611 2976; x_wconf 71' lang='lat' dir='ltr'>Murem·</span> <span class='ocrx_word' id='word_1_471' title='bbox 619 2944 750 2985; x_wconf 71' lang='lat' dir='ltr'>conjicit</span> <span class='ocrx_word' id='word_1_472' title='bbox 759 2944 958 2977; x_wconf 68' lang='lat' dir='ltr'>Consulibus</span> <span class='ocrx_word' id='word_1_473' title='bbox 1000 2952 1056 2976; x_wconf 83' lang='lat' dir='ltr'>um</span> <span class='ocrx_word' id='word_1_474' title='bbox 1084 2942 1182 2976; x_wconf 75' lang='lat' dir='ltr'>sudat</span> <span class='ocrx_word' id='word_1_475' title='bbox 1199 2942 1302 2976; x_wconf 82' lang='lat' dir='ltr'>Varro</span> <span class='ocrx_word' id='word_1_476' title='bbox 1317 2942 1358 2976; x_wconf 83' lang='lat' dir='ltr'>de</span> <span class='ocrx_word' id='word_1_477' title='bbox 1375 2942 1468 2986; x_wconf 67' lang='lat' dir='ltr'>lang.</span> <span class='ocrx_word' id='word_1_478' title='bbox 1488 2942 1558 2976; x_wconf 77' lang='lat' dir='ltr'>Lat.</span> <span class='ocrx_word' id='word_1_479' title='bbox 1575 2940 1629 2975; x_wconf 81' lang='lat' dir='ltr'>lib.</span> <span class='ocrx_word' id='word_1_480' title='bbox 1647 2952 1676 2974; x_wconf 82' lang='lat' dir='ltr'>v.</span> <span class='ocrx_word' id='word_1_481' title='bbox 1712 2942 1749 2974; x_wconf 81' lang='lat'>1..</span> 
     </span>
    </p>
   </div>
  </div>
 </body>
</html>
