1852 3216
429 128 512 168 DE
551 127 797 167 METRIS
838 127 1302 167 TERENTIANIS.
1547 130 1634 170 lxix

101 229 187 255 esse
205 227 335 267 operae
361 224 479 266 atque
504 215 611 261 artis,
639 215 689 254 ad
714 214 923 253 Menandri
950 228 1126 253 normam
1145 213 1285 253 Graece
1312 215 1496 260 scribere,
1517 229 1634 267 quam

100 270 236 308 Latine
256 269 306 307 ad
323 268 509 307 Terentii.

413 365 488 408 De
508 365 670 407 Aletris
690 365 734 407 in
752 365 931 422 Lingua
952 371 1101 406 nostra
1123 363 1311 406 usitatis.

153 434 364 473 Enimvero
390 448 466 486 par
488 444 527 472 et
554 444 711 485 aequum
731 444 802 479 est,
824 443 867 472 ut
886 433 1050 472 eandem
1078 433 1229 471 veniam
1258 432 1455 470 veteribus
1483 432 1633 472 Latinis

99 488 246 532 demus,
268 501 384 539 quam
406 488 602 526 hodiernis
622 488 686 539 qui
709 487 872 539 Anglice
892 487 1068 526 scribunt
1085 487 1213 538 poetis
1232 486 1480 524 concedimus
1497 501 1505 525 :
1535 501 1633 537 quo-

99 556 183 580 rum
204 556 319 580 nemo
338 550 410 588 est,
431 543 493 581 cui
513 556 591 581 non
611 541 869 593 indulgemus,
889 550 933 580 ut
957 541 1116 592 syllabis
1143 540 1335 579 interdum
1354 539 1479 591 longis
1498 550 1635 580 contra

99 595 266 634 indolem
286 595 429 647 rythmi
448 596 535 634 loco
554 596 730 634 brevium
751 604 897 634 utatur.
945 595 1047 634 Nam
1067 603 1110 633 ut
1127 594 1256 633 Latini
1275 594 1404 632 omnia
1421 603 1635 633 metrorum

98 663 240 700 genera
269 649 318 687 de
350 649 507 688 Graecis
533 658 791 701 acceperunt3
834 650 887 687 ita
917 657 1108 688 nostrates
1138 662 1209 687 sua
1241 647 1290 686 de
1319 647 1483 686 Latinis.
1541 647 1634 691 Quo

98 704 221 755 magis
242 712 302 741 est
321 703 530 742 dolendum
558 713 675 755 atque
703 703 993 755 indignandum,
1008 702 1091 753 jam
1120 716 1142 741 a
1170 702 1292 740 literis
1321 702 1465 740 renatis
1492 715 1635 753 pueros

98 757 284 808 ingenuos
306 757 355 795 ad
374 757 575 809 dactylica,
597 757 702 808 quod
717 771 840 809 genus
859 758 983 808 patria
1002 756 1134 807 lingua
1153 770 1231 795 non
1247 756 1398 806 recipit.
1413 755 1633 801 ediscenda,

98 810 222 849 ferula
241 811 463 862 scuticaque
483 812 569 862 cogi
586 826 595 849 z
625 811 858 850 Terentiana
877 824 970 849 vero
990 820 1125 856 metra,
1147 824 1235 861 quae
1261 809 1366 847 domi
1388 819 1517 848 tamen
1537 818 1576 848 et
1595 810 1634 849 in

100 865 225 903 triviis
253 865 458 903 inscientes
486 865 560 916 ipsi
589 866 788 910 cantitant,
810 865 1083 916 magistrorum
1117 864 1230 915 culpa
1258 864 1413 915 penitus
1441 864 1632 914 ignorare.

99 918 338 957 Trochaicus
367 927 618 958 tetrametrus
643 919 902 964 catalecticus,
923 928 967 957 ut
995 918 1192 964 Terentio,
1218 918 1273 956 ita
1295 918 1536 956 nostratibus
1556 918 1634 956 fre-

98 973 376 1023 quentissimus
395 982 477 1011 est:

141 1033 231 1081 'Ego
247 1035 306 1070 ille
322 1036 483 1082 agrestis,
531 1037 670 1078 saevus,
689 1035 814 1077 tristis,
923 1033 1064 1080 parcus,
1083 1033 1249 1069 truculen
1333 1032 1406 1075 uis,
1426 1038 1547 1068 tenax.

142 1081 276 1129 Happy
293 1083 323 1117 is
340 1083 401 1118 the
531 1082 684 1130 country
700 1083 761 1118 life
777 1083 870 1118 blest
923 1081 1011 1116 with
1028 1086 1176 1116 content
1191 1079 1288 1126 good
1332 1080 1427 1115 healt
1445 1083 1503 1115 an'
1521 1093 1612 1117 ease.

98 1140 179 1184 Qui
208 1141 439 1189 trochaicus,
472 1142 586 1180 unius
615 1141 776 1193 syllabae
805 1141 1037 1187 accessione,
1070 1140 1139 1178 fiet
1165 1140 1353 1178 iambicus
1382 1148 1634 1178 tetrametrus

97 1194 257 1246 plenus:

95 1256 225 1293 Thrice
240 1258 360 1306 happy
376 1259 407 1294 is
427 1259 434 1306 Ι
454 1259 516 1294 the
533 1258 686 1306 country
698 1258 760 1293 life
779 1257 788 1306 Ι
807 1258 900 1293 blest
915 1256 1003 1292 with
1020 1261 1168 1292 content
1188 1255 1195 1304 Ι
1215 1255 1312 1303 good
1327 1255 1449 1291 health
1465 1259 1523 1291 an'
1542 1268 1632 1292 ease.

98 1316 205 1360 Quin
223 1326 263 1355 et
282 1318 469 1357 iambicus
496 1318 560 1356 ille
581 1322 831 1366 καταληκτικὸς,
849 1317 1034 1355 Terentio
1056 1316 1223 1354 multum
1242 1325 1282 1354 et
1299 1316 1440 1354 merito
1469 1326 1633 1362 amatus,

96 1371 201 1422 apud
219 1380 375 1410 nostros
395 1386 550 1423 quoque
570 1372 608 1410 in
625 1386 764 1423 magna
782 1372 908 1423 gratia
926 1379 1007 1409 est:

144 1433 239 1468 Nam
256 1433 286 1469 si
298 1435 403 1470 remit
457 1440 534 1470 tent
551 1435 735 1480 quippiam
958 1432 1208 1468 Philumenam
1367 1432 1520 1469 dol6res.

144 1480 234 1516 He’s
251 1481 414 1528 decently
457 1494 526 1517 run
538 1481 698 1527 through
714 1481 775 1517 the
790 1482 911 1527 lungs‚
958 1480 1027 1515 and
1043 1479 1175 1515 there’s
1191 1491 1238 1515 an
1254 1479 1324 1515 end
1368 1482 1403 1515 o’
1421 1479 1543 1527 Bfiuy.

96 1539 235 1591 Neque
255 1555 347 1579 vero
369 1541 605 1580 Bacchiacus
625 1541 800 1579 Terentii
817 1540 963 1579 nostris
983 1540 1152 1578 intactus
1170 1548 1254 1578 est:

187 1603 319 1639 Adhuc
335 1604 388 1639 Ar
433 1604 546 1651 chylis
587 1616 643 1640 uae
658 1604 703 1639 ad
748 1604 864 1639 solent
881 1614 1030 1649 quaeque
1050 1604 1055 1633 Ι
1076 1601 1231 1648 oportet.

187 1651 249 1685 An
260 1650 325 1698 j6y
340 1657 379 1686 to
406 1610 414 1695 l
432 1657 533 1698 great
550 1616 681 1687 gaesa
747 1652 835 1697 long
849 1650 925 1692 life,
943 1650 1025 1685 love
1050 1635 1055 1691 Ι
1075 1648 1145 1684 and
1161 1648 1336 1695 pleasure.

96 1706 295 1748 Creticum
315 1709 399 1761 ejus
418 1724 576 1762 quoque
593 1710 727 1762 lingua
744 1719 876 1749 nostra
895 1709 1077 1748 facillime
1096 1708 1291 1747 admittit:

189 1771 306 1807 Tanta
321 1783 365 1807 ve
479 1772 599 1808 cordia
614 1773 652 1807 in
753 1771 838 1807 nata
854 1772 912 1807 cui
1131 1783 1239 1818 quam
1255 1771 1298 1807 {it
1314 1771 1392 1807 siet.

190 1817 234 1853 'O
250 1818 312 1854 the
329 1824 436 1854 sweet
480 1819 634 1867 country
648 1819 710 1854 life
753 1819 846 1855 blest
861 1818 949 1854 with
963 1817 1087 1854 health
1130 1818 1238 1864 peace
1253 1821 1311 1853 an'
1330 1830 1420 1854 ease.

94 1877 274 1928 Denique
303 1887 342 1916 et
369 1878 466 1916 illud
495 1887 674 1922 metrum,
705 1878 812 1929 quod
840 1879 879 1916 in
911 1878 1031 1929 epicis
1060 1886 1099 1916 et
1129 1878 1295 1916 heroicis
1319 1877 1402 1929 jam
1431 1878 1498 1916 diu
1527 1878 1633 1930 apud

93 1941 287 1970 nostrates
309 1946 472 1981 regnum
491 1933 652 1977 obtinet,
673 1934 722 1971 ab
748 1932 914 1970 iambico
940 1940 1117 1970 veterum
1143 1932 1294 1970 senario
1320 1932 1533 1983 profluxit3
1564 1946 1631 1971 ne·

95 1986 274 2023 cessitate
310 1986 457 2038 linguae
495 1996 652 2031 nostrae,
690 2000 778 2036 quae
817 1994 899 2024 tota
934 1985 1212 2037 monosyllabis
1253 1994 1404 2024 scatens
1442 2000 1632 2025 caesuram

97 2040 237 2078 senarii
256 2054 344 2078 raro
363 2040 546 2086 admittit,
567 2041 766 2092 quinarius
786 2040 934 2078 factus:

232 2101 390 2149 Though
407 2103 508 2149 deep,
528 2109 587 2150 yet
604 2104 698 2138 clear
712 2118 722 2145 3
746 2102 753 2146 Ι
774 2101 915 2148 though
930 2102 1062 2148 gentle,
1081 2107 1141 2148 yet
1158 2107 1222 2136 not
1239 2101 1326 2138 dun.

95 2160 201 2200 Huic
228 2162 267 2200 in
286 2162 361 2200 fine
389 2172 545 2201 sextum
570 2163 742 2201 iambum
770 2175 944 2213 appone3
975 2170 1016 2199 et
1035 2160 1234 2212 extemplo
1253 2161 1416 2200 habebis
1439 2162 1631 2202 senarium

95 2213 372 2254 Terentianum
390 2231 398 2254 ε

233 2277 391 2325 Though
408 2279 509 2326 deep,
528 2284 588 2326 yet
605 2279 698 2314 clear
713 2278 855 2324 though
875 2277 882 2325 Ι
901 2278 1034 2324 gentle,
1054 2283 1114 2324 yet
1130 2283 1195 2312 not
1212 2277 1312 2325 dully
1328 2278 1427 2314 slow.

97 2336 259 2398 Rursus,
280 2339 313 2376 si
340 2341 389 2377 ab
417 2339 491 2377 hoc
520 2338 720 2390 Euripidis
754 2338 916 2383 senario,
946 2338 1013 2388 qui
1042 2338 1190 2388 primus
1219 2338 1390 2376 omnium
1419 2338 1457 2376 in
1486 2338 1632 2377 Oresta

97 2400 216 2438 venit,

307 2451 387 2484 Ηκὼ
405 2465 530 2498 νεκρων
549 2449 723 2496 κευθμῶνα
741 2463 794 2484 και
813 2447 940 2484 exoa-013
958 2450 1082 2490 πυλας,

97 2507 236 2558 pedem
264 2511 515 2549 novissimum
543 2511 723 2555 auferas3
755 2510 973 2561 quinarium
996 2509 1080 2561 jam
1098 2510 1272 2555 habebis,
1304 2511 1631 2562 perfectissimum

103 2561 279 2601 hodierni
297 2565 422 2603 nostri
441 2565 541 2617 epici
559 2564 759 2616 exemplar
775 2578 784 2602 :

490 2633 570 2667 Ηκώ
589 2646 715 2679 νεκρων
759 2631 932 2677 κευθμῶνα
950 2631 1004 2666 καὶ
1024 2630 1163 2666 axo-rofi.

235 2678 393 2727 Though
409 2681 511 2727 deep,
529 2687 589 2728 yet
606 2680 712 2723 clear,
759 2681 900 2727 though
916 2681 1049 2727 gentle,
1067 2686 1127 2727 yet
1142 2685 1208 2715 not
1224 2679 1311 2716 dull.

98 2741 144 2778 In
164 2740 332 2791 Anglico
350 2749 478 2778 tamen
496 2741 570 2779 hoc
594 2749 705 2779 notes
730 2740 859 2785 velim,
881 2749 960 2778 tres
987 2740 1154 2790 syllabas
1174 2740 1366 2790 positione
1388 2739 1524 2792 longas
1542 2741 1630 2780 loco

99 2795 276 2833 brevium
307 2794 413 2845 poni.
471 2794 548 2832 Eas
577 2803 619 2832 tu
647 2803 795 2845 postea,
827 2803 866 2832 et
893 2807 1009 2843 quam
1030 2793 1223 2831 Denhamo
1251 2794 1404 2832 veniam
1435 2795 1629 2841 concedis,

99 2847 283 2886 Terentio
322 2861 454 2898 neges.
511 2848 824 2899 Perfectissimum
857 2857 985 2886 autem
1018 2847 1209 2898 exemplar
1242 2847 1331 2886 ideo
1363 2848 1542 2899 appello;
1587 2859 1631 2888 ut

99 2903 224 2953 poetis
244 2901 496 2947 nostratibus,
523 2902 665 2952 ingenii
688 2915 779 2940 sane
805 2915 990 2952 venaeque
1010 2901 1201 2946 felicibus,
1222 2901 1290 2940 sed
1316 2902 1545 2945 eruditionis
1570 2904 1630 2941 in-

103 2955 254 2998 terdum
282 2955 457 3001 modicis,
477 2955 571 3005 quid
591 2955 767 2997 hodierni
794 2955 907 3007 epici,
928 2968 1006 3006 quo
1033 2955 1203 2994 numeris
1220 2956 1402 2996 omnibus
1427 2956 1630 2996 absolutus
