1852 3216
674 125 1022 169 ADELPHI.
1526 128 1611 170 433

145 218 229 261 M1.
254 217 400 260 Abiit:
446 218 597 274 periit:
637 232 787 260 navem
818 217 1033 260 ascendit:
1067 217 1145 260 sed
1177 231 1255 260 cur
1285 218 1458 259 cessas?
1508 217 1607 261 AEs.

230 284 334 335 Abi,
355 292 501 340 pater:

88 358 129 391 70
145 350 217 392 Tu
238 352 380 406 potius
401 349 522 392 Deos
544 364 837 406 comprecare:
868 364 965 392 nam
986 350 1064 392 tibi
1082 364 1157 392 eos
1177 356 1296 392 certo
1316 349 1418 400 scio,

144 417 247 465 Quo
266 418 330 458 vir
348 415 497 458 melior
514 415 647 458 multo
665 431 713 459 es
732 430 859 471 quam
878 430 975 471 ego,
995 417 1365 471 obtemperaturos
1383 414 1533 470 magis,

143 482 228 524 M1.
262 482 361 538 Ego
391 497 443 523 eo
472 483 608 533 intro3
638 489 701 533 ut,
721 496 819 537 quae
847 496 957 537 opus
988 488 1100 532 sunt,
1131 488 1364 537 parentur:
1396 487 1446 522 tu
1463 479 1531 523 fac
1558 487 1607 522 ut

228 548 332 598 dixi,
354 548 390 588 si
411 549 540 602 sapis.

143 612 241 656 AEs.
264 612 385 660 Quid
417 612 498 655 hoc
519 623 586 654 est
615 613 790 668 negoti?
820 612 904 655 hoc
924 620 991 655 est
1018 620 1184 669 patrem
1205 627 1317 663 esse,
1338 618 1413 654 aut
1438 611 1521 654 hoc
1539 619 1607 654 est

228 678 361 720 filium
381 693 476 720 esse
493 680 510 720 2

144 744 191 786 Si
209 744 341 786 frater
360 752 435 786 aut
456 743 612 786 sodalis
634 752 763 794 esset,
785 744 859 800 qui
875 744 1009 799 magis
1029 758 1189 785 morem
1207 745 1405 799 gereret?

87 819 127 852 75
147 810 234 852 Hic
254 825 340 852 non
359 809 594 851 amandus?
624 808 764 851 hicine
784 824 870 851 non
888 809 1123 865 gestandus
1143 809 1186 850 in
1207 809 1303 850 sinu
1322 810 1418 850 est?
1447 808 1568 851 hem!

142 876 295 931 Itaque
316 875 426 917 adeo
444 889 640 930 magnam
656 874 760 916 mihi
776 875 921 930 injecit
943 890 1022 916 sua
1041 875 1339 917 commoditate
1360 889 1528 926 curam;

141 942 214 984 Ne
234 941 344 983 forte
363 940 611 996 imprudens
631 939 796 989 faciam,
816 940 935 995 quod
953 939 1082 981 nolit:
1113 940 1250 982 sciens
1270 940 1444 982 cavebo.

143 1006 233 1049 Sed
251 1020 375 1049 cesso
394 1006 456 1047 ire
474 1005 602 1055 intro,
622 1019 677 1046 ne
696 1019 815 1046 mora
834 1005 938 1047 meis
957 1005 1116 1061 nuptiis
1137 1012 1306 1060 egomet
1326 1006 1445 1047 siem.

89 143 228 172 scam
250 128 312 184 v.]

332 1217 584 1266 ACTUS
629 1217 927 1271 QUARTI
971 1217 1224 1266 SCENA
1267 1217 1355 1265 VI.

774 1343 957 1375 DEMEA.

140 1430 371 1473 DEFESSUS
392 1443 485 1470 sum
505 1426 788 1469 ambulando:
818 1434 882 1477 ut,
905 1426 1028 1482 Syre,
1050 1434 1093 1469 te
1114 1441 1211 1469 cum
1229 1434 1306 1469 tua

126 1545 178 1576 69.
194 1546 304 1576 Abiie:
323 1545 440 1584 periit.-
462 1553 566 1573 navem
583 1540 736 1582 aseendit]
760 1541 823 1572 Fa-

80 1594 162 1626 cete,
184 1590 296 1619 Abiit.-
326 1597 367 1617 ne
396 1585 528 1622 diceret,
557 1584 711 1616 mentitus
732 1594 822 1615 sum:

85 1638 182 1672 atque
197 1631 243 1662 ita
257 1630 351 1667 dixit,
367 1635 403 1660 ut
419 1628 598 1659 infantibus
619 1627 762 1659 nutrices
784 1627 825 1658 de

85 1674 248 1706 terriculis
264 1674 371 1705 dicere
393 1672 514 1704 solent:
538 1682 618 1712 quas
633 1681 732 1712 quum
746 1670 825 1712 ipae

85 1717 311 1754 confinxerint,
339 1715 474 1747 abolitas
503 1715 626 1752 volunt,
655 1720 825 1756 postquam

85 1761 159 1792 illos
187 1761 299 1792 vident
325 1759 461 1790 nimium
490 1768 618 1800 pavere.
674 1758 718 1788 Et
746 1757 825 1788 mibi

86 1805 215 1836 videtur
232 1803 343 1835 ridens
364 1802 432 1833 haec
452 1801 590 1832 dixisse:
616 1807 652 1832 ut
666 1800 827 1841 intelligat

85 1847 273 1884 AEschinus,
297 1845 476 1877 Micionem
493 1846 568 1886 joco
586 1844 685 1875 fuisse
707 1843 825 1874 menu’-

868 1540 1061 1615 fiducialiltzer
1087 1540 1164 1582 agit,
1186 1542 1301 1572 sodalis
1326 1551 1455 1584 semper
1483 1542 1607 1575 obtem-

867 1590 969 1625 perat.
1032 1607 1042 1614 .

913 1627 964 1660 75.
981 1628 1043 1659 Hic
1057 1638 1115 1658 non
1129 1629 1276 1659 mandas
1285 1626 1319 1669 2]
1343 1627 1461 1659 Omnia
1473 1628 1609 1670 perfecit

869 1670 920 1701 hic
943 1677 1045 1712 pater,
1069 1677 1107 1701 ut
1125 1678 1158 1702 et
1182 1677 1317 1709 ametur,
1338 1677 1373 1703 et
1395 1671 1552 1710 laudetur,
1574 1679 1609 1704 et

868 1714 1023 1745 foveatur.
1057 1714 1099 1745 D.

913 1757 963 1790 76.
985 1759 1131 1798 Magnam
1153 1759 1227 1788 mihi
1247 1757 1354 1798 injecit
1373 1769 1430 1789 m
1450 1761 1608 1790 commoda·-

870 1805 932 1832 tate
947 1799 1067 1841 curma]
1093 1800 1180 1831 Mira
1200 1801 1381 1836 sementim
1405 1801 1489 1832 mala
1510 1801 1608 1834 etiam

869 1843 910 1874 de
931 1843 1025 1874 bonis
1045 1843 1138 1874 nobis
1160 1843 1266 1874 nasci.
1289 1854 1331 1874 an
1361 1844 1464 1875 bonus
1490 1855 1608 1886 parens

85 1899 165 1923 tum.
197 1891 239 1922 D.

130 1935 181 1968 70.
198 1934 296 1974 Lege,
318 1933 363 1963 Tu
378 1934 447 1963 deos
458 1933 569 1972 potius.
601 1930 639 1961 Β.

130 1978 282 2011 71.T··1n·
311 1978 564 2015 obtemperaturos
593 1972 707 2014 magis]
739 1972 827 2004 Mira

85 2020 255 2058 sententia,
270 2020 358 2051 Deos
372 2017 505 2059 obsequi
518 2016 619 2054 bonis,
628 2015 719 2065 quasi
734 2015 827 2047 bonis

84 2064 270 2096 hominibus
300 2062 437 2094 multum
467 2061 622 2092 debeant:
654 2066 688 2091 et
708 2059 743 2090 in
766 2069 822 2090 ex-

86 2107 286 2139 cusationem
308 2104 462 2148 precandi
486 2104 584 2140 Deos,
600 2102 674 2134 vide
692 2113 763 2144 quae
777 2102 824 2133 fa-

85 2151 188 2182 cultas
209 2157 286 2182 nata
306 2149 350 2180 sit
370 2154 495 2190 patrem
518 2147 588 2178 sine
609 2146 826 2177 assentatione

85 2193 248 2225 laudandi.
293 2193 368 2224 Non
382 2198 432 2223 est
445 2198 553 2222 autem
569 2190 769 2230 injuriosum,
785 2188 827 2219 ad

84 2244 211 2280 patrem
236 2236 356 2269 referre
378 2233 639 2276 deprecationem
663 2233 825 2264 Deorum.

85 2281 144 2312 sed
158 2280 261 2321 magis
271 2277 469 2310 honorabile.
501 2277 587 2308 Nam
598 2276 662 2307 tale
677 2283 727 2307 est
740 2275 827 2317 apud

85 2323 271 2365 Virgilium,
287 2322 389 2354 AEn.
380 2321 414 2352 ιί.
432 2321 505 2354 717
541 2321 596 2357 Tu,
606 2322 737 2361 genitor,
753 2330 826 2359 cape

85 2378 176 2398 saera
200 2378 300 2403 amc,
326 2367 500 2406 patriosque
526 2369 671 2404 penates.-
694 2370 731 2394 ut
755 2362 826 2405 ipse

86 2408 525 2451 patremponeehicDeos.
557 2407 599 2438 D.

131 2452 312 2493 72Egoeo
333 2454 423 2487 intro,
440 2457 484 2488 ut,
500 2454 746 2491 qnaeopussnnt,
767 2460 824 2488 pa-

86 2501 213 2527 rentur.-
235 2494 342 2535 tusae,
354 2500 388 2525 ue
399 2496 475 2531 diti,
487 2496 515 2525 εἰ
521 2492 624 2542 rapis]
638 2492 704 2523 Hic
714 2502 827 2523 versus

87 2539 123 2570 in
135 2538 325 2579 quibusdam
340 2547 406 2568 ιιοιι
420 2536 594 2568 invenitur.
626 2536 668 2567 D.

132 2582 183 2614 73.
205 2580 287 2615 Quid
307 2582 360 2611 hoe
380 2585 427 2611 est
446 2582 563 2620 negoti.
559 2579 586 2620 ¹]
612 2579 655 2610 Et
676 2578 824 2610 mirantis

87 2625 166 2662 haec,
189 2631 222 2655 et
248 2622 409 2654 laudantis
437 2622 540 2654 oratio
565 2629 624 2653 est.
669 2622 713 2653 Et
742 2623 824 2653 bene

87 2668 216 2700 videtur
236 2665 421 2707 hujusmodi
447 2672 573 2707 patrem
594 2665 726 2696 Terent.
748 2675 823 2706 pro-

132 2755 183 2788 74.
203 2753 263 2788 Qua·
281 2754 378 2793 magis
394 2762 502 2782 norea
518 2749 656 2791 gereret]
675 2752 745 2786 Qui,
761 2760 825 2791 quo

86 2798 193 2834 modo,
205 2807 269 2838 qua
279 2805 325 2832 re,
341 2805 405 2836 qua
418 2793 552 2825 ratione.
583 2793 625 2824 D.
626 2795 705 2824 —Si
710 2792 825 2833 frater,

88 2842 264 2873 ntsodale's
273 2844 360 2874 esset,
370 2839 422 2878 qui
430 2839 527 2878 magis
540 2847 649 2867 morea·
660 2841 781 2877 gereret
789 2835 824 2877 ἲ]

88 2884 156 2916 Hic
178 2884 224 2914 ita
238 2882 322 2914 lenis
337 2889 386 2912 est
399 2887 501 2922 pater,
517 2886 554 2911 ut
567 2879 628 2910 hoc
643 2889 703 2910 nec
717 2878 826 2917 stater,

87 2937 148 2960 nec
169 2926 286 2958 sodalis
311 2931 430 2966 ageret.
476 2923 530 2954 Ita
557 2922 826 2963 quemadmodum

87 2970 219 3002 fatrem
231 2968 375 3012 praetulit
385 2973 441 2999 aut
453 2966 604 3004 sodalem,
616 2976 714 3007 quum
721 2965 827 3005 frater

868 1897 993 1927 maguae
1021 1897 1107 1917 curae
1136 1893 1187 1918 est
1214 1886 1304 1917 filio?
1343 1887 1553 1919 Ds—Versus
1574 1896 1609 1920 et

868 1929 1040 2003 sententiali3
1050 1929 1183 1971 flagitat,
1203 1937 1242 1961 ut
1261 1940 1321 1972 pro
1341 1930 1448 1970 injecit
1466 1931 1607 1974 refingas

868 1973 970 2013 injicit

913 2015 965 2048 77.
989 2018 1091 2047 Sciens
1111 2015 1235 2057 cavebo]
1264 2015 1383 2047 Facere
1412 2017 1498 2057 quod
1525 2017 1610 2049 nolit

867 2058 999 2090 scilicet
1031 2058 1258 2099 D.—Nesorte
1277 2061 1450 2100 imprudens
1463 2062 1539 2100 quia
1548 2060 1607 2101 sa—

867 2106 955 2139 ciam,
985 2104 1065 2143 quod
1089 2104 1174 2133 nolit.
1229 2104 1333 2134 Sciens
1357 2103 1481 2145 wecho]
1512 2104 1607 2136 Dabo

869 2155 1009 2187 operam,
1033 2156 1074 2176 ne
1096 2145 1181 2186 quod
1203 2145 1286 2176 nolit
1305 2152 1398 2187 pater
1418 2146 1533 2177 ficiam
1554 2147 1606 2179 in

869 2189 985 2226 sciens,
992 2188 1161 2230 inspiciam
1170 2195 1204 2219 et
1211 2189 1396 2230 providebo.
1419 2189 1606 2222 R-Meoei

869 2242 966 2263 causa
979 2242 1109 2274 repone,
1123 2238 1158 2262 et
1170 2232 1342 2274 distingue,
1362 2234 1412 2264 Ne
1434 2234 1607 2273 inum-uidene

860 2275 979 2316 sactum
984 2274 1069 2316 sorte
1083 2276 1163 2316 quod
1175 2277 1259 2313 nolit,
1274 2277 1371 2306 sciens
1384 2278 1500 2307 σωὲὸο.
1530 2277 1570 2308 Β.

914 2319 964 2351 78.
988 2320 1049 2350 Sed
1069 2329 1150 2349 cesso
1168 2321 1214 2350 ire
1236 2321 1325 2355 intro,
1354 2330 1392 2350 ne
1421 2330 1504 2351 noro
1531 2322 1605 2352 nen}

868 2364 985 2402 nuptiis
1011 2367 1124 2403 egomet
1152 2360 1241 2402 siem]
1273 2362 1364 2393 Bene
1392 2362 1462 2400 hoc,
1492 2369 1606 2405 utpote

870 2406 1064 2446 objurgatus.
1090 2405 1260 2436 D.—Cum
1283 2405 1395 2436 Bemb.
1420 2405 1493 2447 lege
1506 2417 1607 2445 nora,

869 2455 903 2480 et
916 2459 1029 2480 versus
1042 2448 1146 2489 gratia
1158 2450 1215 2479 tim
1230 2459 1289 2490 pro
1302 2451 1385 2479 sien.
1416 2449 1455 2480 B.

915 2493 942 2523 l.
959 2490 1102 2532 Defessus
1118 2503 1183 2523 sum
1197 2490 1391 2532 ambulando]
1415 2491 1483 2524 Hic
1494 2502 1604 2525 exem·

869 2534 959 2576 plum
989 2535 1153 2566 inducitur
1181 2535 1258 2566 saevi
1287 2534 1389 2576 patris
1418 2545 1461 2567 ex
1488 2535 1606 2569 aflectu

866 2589 953 2616 vero,
964 2585 997 2609 et
1009 2578 1403 2609 obhocinvisiomnibus:
1419 2585 1606 2612 nouantem

867 2628 993 2653 tantum
1006 2620 1099 2663 (ιω)
1115 2631 1222 2652 amare
1244 2620 1345 2657 vultu,
1361 2631 1457 2662 quam
1477 2622 1549 2664 ipsa
1567 2633 1607 2655 re

867 2664 1039 2696 inducitur.
1085 2665 1171 2695 Nam
1193 2674 1298 2705 neque
1318 2663 1390 2702 sibi,
1409 2675 1513 2706 neque
1533 2665 1605 2698 cui-

868 2718 963 2748 quam
992 2707 1058 2744 alii,
1085 2707 1143 2738 sed
1171 2707 1239 2738 filio
1267 2713 1394 2738 tantum
1422 2708 1606 2742 consultum

867 2751 967 2792 cupit.
1010 2752 1059 2781 De
1086 2757 1204 2788 autem,
1225 2752 1313 2782 valde
1334 2750 1502 2793 signifiat.
1551 2754 1604 2792 Ut,

867 2795 954 2835 Syre,
985 2799 1014 2824 te
1043 2805 1108 2824 σκιιι
1139 2799 1194 2824 tua
1214 2793 1442 2836 mmmm]
1470 2796 1522 2834 Ue,
1541 2806 1604 2838 pro

867 2840 1006 2868 utinam.-
1034 2843 1068 2868 et
1095 2836 1163 2867 haee
1193 2837 1301 2868 omnia
1328 2837 1482 2870 anhelam
1509 2838 1604 2871 dixit.

872 2882 913 2911 Te
923 2891 989 2911 cum
1002 2878 1073 2920 tua]
1090 2879 1206 2911 Adhuc
1220 2890 1286 2912 non
1299 2881 1426 2913 credit'
1416 2891 1451 2913 ιιι
1462 2892 1605 2914 errorem

868 2933 904 2954 se
925 2923 1059 2954 missum
1080 2922 1188 2955 fuiwe.
1229 2925 1271 2955 Te
1294 2935 1361 2956 cun
1382 2930 1436 2956 m
1453 2931 1602 2957 mm-

870 2965 966 3007 tione]
981 2965 1152 3039 ’ῐδιέτικῶς
1173 2973 1203 2999 te
1221 2978 1287 2998 eun
1308 2973 1363 3000 tua
1381 2972 1603 3001 macione.

1073 3018 1095 3040 ι
