1852 3216
105 185 244 213 §CENA
264 171 345 223 v1.]

720 169 1026 212 ANDRIA.

1565 175 1639 215 121

106 269 143 298 15
164 260 369 315 Propera,
406 274 591 308 arcesse,
625 258 723 300 hinc
752 259 824 313 qui
857 258 1053 300 auferant
1085 274 1202 300 eam:
1245 261 1349 314 quid
1382 263 1497 301 stas?
1539 263 1643 316 quid

471 326 590 368 DAv.
616 326 699 367 Eo.

244 341 387 368 cessas
401 329 418 368 't

159 391 230 433 Ne
251 392 528 446 exspectetis,
552 391 654 432 dum
675 398 832 433 exeant
852 390 962 431 huc:
997 390 1110 430 intus
1133 389 1500 444 despondebitur:

157 456 279 497 Intus
301 457 576 511 transigetur,
600 458 634 498 si
655 458 758 512 quid
780 463 862 506 est,
885 456 1002 511 quod
1025 462 1173 497 restet.
1228 455 1285 496 Ω.
1314 454 1529 496 Plaudite.

612 569 868 598 CALLIOPIUS
899 568 1133 596 RECENSUI.

103 677 280 709 Bembinus
305 677 374 708 cod.
400 679 443 708 ad
471 679 666 717 Glycerium,-
702 678 851 708 Donatus

99 720 185 763 apud
214 721 386 757 Faernum,
414 722 498 760 apud
515 722 697 761 Glycerium.
737 720 851 751 Nostri

101 774 223 800 omnes,
248 775 326 794 nunc
348 769 402 800 est,
419 763 505 803 quod
521 773 633 794 versus
649 763 719 804 ipse
737 770 850 804 postu-

100 806 154 837 lat.
195 807 281 847 Lege
304 812 338 837 et
359 806 540 846 distingue:
566 807 695 846 Sequere
712 808 768 836 hac
784 817 850 836 me.-

99 852 182 880 intus
198 851 281 889 apud
299 851 347 880 GI.
363 860 442 880 nunc
457 854 511 879 est.
552 848 588 878 B.

145 893 193 922 15.
214 891 368 923 Meliores
383 898 415 923 et
431 891 540 932 plures
557 890 632 922 libb.
647 892 781 931 Propere
797 903 849 922 ar-

99 946 187 966 cesse.
229 935 266 965 B.

146 978 194 1008 16.
218 979 268 1008 Ne
283 975 478 1017 exspectetis]
504 975 590 1007 Mire
606 976 694 1013 dicit,
711 976 851 1007 latenter

99 1031 134 1051 se
150 1020 302 1051 laudans:
327 1030 390 1060 quo
406 1020 504 1050 verbo
519 1019 649 1050 avidum
671 1019 776 1050 adhuc
791 1029 848 1050 au-

99 1063 209 1093 diendi
228 1062 396 1104 populum,
412 1061 556 1102 adeoque
575 1061 729 1103 cupidum
745 1068 779 1092 et
799 1062 848 1092 in-

98 1112 223 1136 tentum
240 1105 392 1142 ostendit,
409 1111 445 1135 ut
467 1105 565 1136 finem
585 1104 752 1136 comoediae
774 1115 848 1136 eve-

99 1148 185 1179 nisse
202 1158 267 1179 non
282 1147 429 1179 senserit.
469 1148 510 1178 D.

144 1191 193 1223 17.
217 1192 306 1222 Intus
332 1193 529 1231 transigetur,
548 1193 576 1222 si
598 1193 674 1231 quid
694 1196 749 1228 est,
772 1193 851 1231 quod

98 1233 208 1274 restet]
227 1233 412 1264 Artificiose
423 1240 518 1274 poeta
531 1234 721 1265 hereditatis
728 1235 849 1274 justam

98 1276 290 1318 petitionem
322 1286 362 1307 ex
385 1276 528 1307 Critonis
554 1287 693 1318 persona
715 1283 850 1318 praeter-

99 1319 197 1357 misit,
214 1329 286 1360 quae
308 1319 347 1357 ei,
368 1319 519 1360 Glycerio
541 1319 679 1360 cognita,
692 1321 766 1359 jure
789 1319 847 1350 tri-

99 1363 274 1393 buebatur:
299 1372 340 1393 ne
358 1362 409 1393 vel
425 1372 526 1403 parvo
542 1362 589 1393 rei
606 1362 750 1393 Critonis
766 1369 849 1393 trac-

100 1411 180 1442 tatu,
200 1411 256 1436 aut
278 1405 521 1436 defraudatione
544 1405 686 1446 Glycerii
708 1404 849 1435 infusca-

100 1454 189 1479 retur
205 1447 279 1478 finis
295 1447 418 1484 fabulae,
435 1447 476 1478 ad
491 1447 600 1478 laetum
617 1447 740 1479 exitum
756 1458 848 1489 spec-

101 1498 182 1521 tans.
220 1493 255 1521 Si
269 1493 344 1531 quid
357 1495 402 1521 est
418 1493 496 1531 quod
511 1490 620 1531 restet]
638 1491 723 1526 Quia
738 1501 849 1521 narra-

100 1533 188 1564 tione
219 1533 353 1573 dignum
384 1543 448 1564 non
480 1539 538 1569 est,
570 1533 655 1574 quod
688 1533 850 1565 Charinus

98 1582 199 1617 rogat.
244 1576 369 1607 D.—-n.
401 1576 563 1616 Plaudite]
597 1577 678 1607 Haec
708 1582 786 1607 nota
815 1576 850 1606 in

99 1618 248 1650 omnibus
264 1625 341 1650 vett.
358 1619 450 1649 codd.
467 1625 504 1649 ut
519 1626 552 1650 et
566 1618 600 1649 in
619 1618 723 1660 Regio
738 1629 849 1650 exem-

98 1661 181 1703 plari
196 1662 342 1692 habetur.
377 1661 527 1692 L.—Alii
549 1661 644 1693 aliter
659 1662 699 1693 de
710 1664 850 1702 plaudite

99 1712 133 1736 et
154 1712 231 1736 nota
253 1717 286 1742 ω,
310 1715 382 1745 quae
409 1704 583 1746 praeposita
612 1711 671 1742 est,
695 1705 850 1736 sentiunt.

101 1748 172 1788 Ego
192 1758 235 1778 ex
258 1747 374 1778 Horat.
396 1750 468 1778 Art.
496 1748 586 1778 Poet.
608 1749 677 1778 155.
702 1753 852 1779 cantorem

98 1797 180 1831 puto
196 1789 383 1830 significari,
399 1791 501 1829 cujus,
519 1790 573 1821 ubi
593 1797 718 1821 actores
740 1801 852 1821 omnes

101 1844 118 1863 e
143 1843 240 1863 scena
267 1832 428 1869 exierunt,
453 1833 524 1869 fuit,
550 1833 705 1882 depositis
729 1843 770 1864 ex
797 1843 852 1864 ore

100 1875 189 1906 tibiis
205 1875 270 1906 illis
290 1875 414 1906 dextris
430 1882 462 1906 et
477 1875 626 1912 sinistris,
640 1878 779 1915 plaudite
799 1886 851 1906 so-

100 1929 187 1949 nare.
227 1918 332 1958 Igitur
347 1918 443 1957 hujus
459 1918 599 1949 cantoris
620 1925 697 1949 nota
712 1918 746 1948 in
762 1918 853 1949 libris

101 1961 178 1992 olim
194 1960 255 1992 suit
272 1970 325 1991 cs.
343 1971 414 2001 quae
430 1967 552 2002 postea,
569 1961 619 1992 vel
636 1971 676 1991 ex
696 1961 851 2002 ignorati-

895 686 957 708 one
981 677 1030 707 vel
1053 675 1238 718 compendii
1268 686 1374 713 causa,
1397 675 1431 707 in
1454 675 1588 707 formam
1613 676 1643 707 ei

894 719 1034 751 similem
1049 732 1073 750 ω
1087 719 1305 760 degeneravit.
1338 719 1376 750 B.

942 762 1125 803 Calliopius]
1140 762 1178 793 ln
1188 761 1463 803 quibusdamlibb.
1478 763 1641 801 Calliopus.

897 806 949 836 De
959 805 1118 846 Calliopio
1127 805 1273 846 quaedam
1285 805 1502 846 Eugraphius.
1527 805 1590 835 Sed
1603 815 1643 835 ne

894 848 1034 890 amplius
1041 858 1209 889 nugemur,
1216 847 1364 879 criticum
1371 858 1445 879 eum
1455 847 1563 884 fuisse,
1572 858 1643 878 mea

894 891 1024 931 quidem
1044 890 1107 922 fert
1127 890 1248 932 opinio,
1265 890 1320 931 qui
1341 890 1437 922 hasce
1457 890 1581 922 fabulas
1602 890 1644 920 ad

894 933 1001 974 prisca
1008 933 1205 975 exemplaria
1212 933 1363 964 correxit.
1397 933 1450 964 Sic
1458 933 1588 964 Vettius
1596 934 1642 963 A-

893 976 1003 1016 gerius
1015 975 1154 1006 Basilius
1166 976 1338 1007 Horatium
1349 976 1521 1013 recensuit,
1533 982 1568 1006 ut
1579 982 1642 1007 tes-

895 1025 1004 1049 tantur
1015 1018 1132 1049 vetusti
1143 1019 1234 1049 codd.
1246 1018 1279 1049 in
1290 1018 1407 1059 quibus
1416 1019 1461 1050 ita
1470 1018 1642 1060 scripturn:

900 1063 1018 1092 Vettius
1029 1063 1163 1101 Agerius
1175 1063 1314 1092 Basilius
1329 1063 1501 1092 Mavortius
1510 1061 1549 1091 V.
1564 1061 1600 1092 C.
1612 1067 1645 1091 et

896 1113 968 1135 ΗΠ..
977 1114 1019 1135 ex
1028 1114 1185 1135 commen.
1198 1104 1294 1135 Dom.
1306 1104 1446 1135 Excons.
1458 1104 1525 1135 ord.
1536 1104 1600 1145 legi
1611 1111 1644 1134 et

894 1154 930 1178 ut
941 1147 1032 1188 potui
1049 1146 1236 1178 emendavi:
1263 1147 1292 1177 N
1297 1147 1505 1178 ichomachus
1519 1147 1645 1178 Dexter

894 1196 927 1221 et
937 1189 1145 1221 Victorianus
1153 1190 1192 1220 V.
1200 1189 1239 1220 V.
1251 1190 1287 1221 C.
1300 1190 1337 1221 C.
1369 1189 1481 1220 Titum
1492 1189 1622 1221 Livium
1634 1202 1642 1219 z

892 1233 1000 1264 Julius
1017 1233 1130 1264 Celsus
1146 1232 1381 1264 Constantinus
1404 1233 1443 1263 V.
1462 1233 1498 1263 C.
1516 1238 1549 1264 et
1570 1232 1644 1263 Fla-

895 1276 965 1307 vius
982 1275 1127 1307 Licerius
1145 1275 1310 1307 Firminus
1332 1275 1512 1317 Lupicinus
1534 1275 1643 1317 Ephe-

892 1319 996 1350 merin
1011 1319 1091 1350 Julii
1111 1318 1266 1349 Caesaris:
1299 1319 1434 1350 Flaccus
1454 1318 1645 1349 Theodorus

896 1361 1098 1393 Memorialis
1120 1361 1202 1392 sacri
1225 1361 1338 1392 scrinii
1368 1361 1587 1403 epistolarum,
1612 1368 1646 1392 ct

895 1405 1022 1444 adjutor
1039 1404 1099 1435 viri
1111 1403 1220 1445 magni
1234 1404 1412 1439 Quaestoris
1429 1404 1519 1435 Sacri
1532 1403 1645 1445 palatii

896 1447 1113 1479 Priscianum:
1139 1447 1279 1478 Securus
1294 1446 1414 1478 Melior
1428 1447 1522 1478 Felix
1538 1447 1647 1488 Asper

895 1491 985 1521 Com.
1002 1490 1133 1521 consist.
1153 1490 1264 1521 rhetor
1291 1490 1360 1520 urb.
1380 1490 1420 1521 R.
1445 1489 1645 1520 Martianum

894 1533 1059 1575 Capellam
1071 1545 1078 1567 ς
1102 1533 1150 1564 uti
1160 1533 1228 1564 haec
1238 1532 1409 1564 nominain
1417 1532 1645 1564 vetustissimis

894 1576 1025 1617 scriptis
1046 1576 1211 1607 codicibus
1233 1576 1437 1606 adnotantur.
1477 1575 1531 1606 Sic
1552 1576 1645 1616 Apu-

893 1619 949 1650 leii
974 1618 1178 1650 Milesiarum
1208 1618 1307 1650 libros
1335 1625 1368 1649 et
1395 1618 1647 1660 Apologeticum

895 1662 1031 1703 Crispus
1048 1660 1220 1692 Sallustius
1236 1661 1366 1702 quidam
1386 1661 1475 1702 legit,
1493 1661 1644 1692 emenda-

894 1705 951 1743 vit,
965 1712 997 1736 et
1011 1704 1217 1745 recognovit:
1243 1704 1289 1735 ita
1303 1704 1390 1735 enim
1407 1704 1441 1735 in
1458 1703 1645 1744 antiquissi-

895 1748 958 1779 mis
987 1748 1152 1779 codicibus
1182 1747 1311 1788 legitur,
1334 1747 1391 1789 qui
1416 1747 1589 1778 Florentiae
1612 1746 1645 1777 in

895 1790 1090 1822 bibliotheca
1107 1791 1221 1831 Magni
1240 1790 1342 1821 Ducis
1361 1790 1527 1821 Hetruriae
1542 1800 1645 1820 asser-

896 1840 1023 1864 vantur.
1062 1833 1114 1864 Ad
1131 1833 1246 1864 horum
1265 1843 1342 1874 ergo
1362 1833 1547 1874 exemplum
1571 1832 1646 1863 Cal·
1689 1834 1702 1847 ¹

896 1875 1014 1917 liopius
1034 1886 1151 1906 nomen
1172 1886 1298 1916 quoque
1319 1886 1424 1912 suum,
1445 1875 1514 1905 sive
1534 1884 1647 1905 verum

897 1919 1049 1949 fictumve
1080 1919 1140 1948 hoc
1171 1918 1222 1955 sit,
1241 1917 1356 1948 fabulis
1380 1928 1399 1948 a
1421 1928 1455 1948 se
1479 1916 1648 1948 recensitis

898 1960 1077 2002 adscripsit.
1111 1961 1147 1991 L.

104 2128 230 2167 AELll
250 2127 469 2166 DONATI
494 2128 543 2165 V.
567 2128 612 2166 C.
640 2127 924 2165 ORATORIS
953 2127 1113 2165 URBIS
1141 2127 1317 2165 ROMAE
1344 2127 1646 2165 COMMENT.

390 2203 450 2240 IN
479 2202 750 2241 TERENTII
783 2202 1052 2240 ANDRIAM
1083 2202 1357 2240 EXPLICIT.

145 2300 210 2331 Ms.

104 2345 303 2374 commentum
325 2345 451 2383 eoeplicit
456 2342 604 2384 feliciter.
646 2343 685 2373 In
704 2342 777 2373 aliis
794 2341 854 2373 ali-

103 2392 161 2417 ter.
199 2387 360 2417 Caeterum
378 2386 488 2417 multis
504 2385 663 2427 exemplis
682 2385 853 2416 confirma-

103 2435 166 2465 tur,
182 2429 267 2469 quod
282 2429 394 2460 scribit
416 2429 638 2470 Hieronymus
651 2428 692 2459 ad
713 2428 853 2459 Marcel-

104 2471 178 2508 lam,
196 2471 300 2512 Epist.
332 2473 412 2503 138:
438 2474 522 2503 Scire
546 2474 695 2508 debemus,
711 2473 796 2511 apud
810 2473 854 2501 Ε-

106 2515 200 2544 braeos
222 2516 254 2545 in
269 2516 332 2554 fine
349 2517 491 2546 librorum
504 2526 595 2545 unum
611 2526 626 2545 e
643 2516 741 2545 tribus
763 2515 856 2554 solere

104 2556 249 2593 subnecti,
272 2563 307 2588 ut
328 2563 382 2588 aut
404 2558 511 2588 Amen
534 2559 679 2594 scribant,
703 2563 758 2588 aut
781 2557 855 2587 Sela

105 2604 159 2629 aut
182 2599 299 2636 Salom,
323 2602 402 2640 quod
423 2603 565 2640 exprimit
587 2611 701 2640 pacem,
725 2602 803 2630 unde
825 2604 855 2630 et

106 2643 252 2678 Salomon,
265 2644 410 2681 pacificus
424 2645 539 2673 dicitur
551 2655 561 2673 .-
587 2649 623 2674 ut
644 2644 769 2674 solemus
792 2654 853 2679 nos,

106 2686 261 2723 completis
276 2687 435 2724 opusculis,
451 2687 493 2715 ad
507 2687 729 2717 distinctionem
749 2687 794 2716 rei
809 2687 856 2716 al-

106 2729 202 2757 terius
217 2729 378 2767 sequentis,
393 2729 522 2758 medium
538 2730 724 2767 interponere
741 2728 856 2769 Expli-

106 2770 160 2807 cit,
184 2775 238 2800 aut
263 2769 288 2799 F
292 2769 425 2805 eliciter,
441 2775 495 2800 out
518 2772 637 2810 aliquid
657 2773 747 2802 istius
768 2773 857 2801 modi.

106 2812 153 2842 Ut
165 2819 272 2843 autem
290 2812 330 2842 de
346 2811 418 2842 aliis
431 2821 564 2849 taceam,
578 2819 626 2843 est
641 2812 675 2843 in
689 2813 753 2844 fine
762 2813 860 2844 unius

106 2855 177 2887 cod.
216 2855 387 2895 Lugduno-
396 2855 521 2891 Batavi,
553 2856 590 2888 Ρ,
624 2857 759 2886 Terentii
789 2855 860 2895 Afri

110 2899 262 2928 Comoedia
280 2899 419 2928 Phormio
437 2899 584 2937 calliopio
597 2900 669 2929 bono
677 2900 861 2929 Scholastica

108 2942 233 2980 explicit
252 2939 400 2980 feliciter.
447 2940 541 2971 Alius
568 2940 713 2971 additum
745 2941 857 2971 habet:

113 2984 277 3023 calliopius
301 2986 444 3014 recensui.
483 2985 519 3014 P.
550 2984 683 3014 Terentii
706 2982 780 3023 Afri
803 2985 860 3016 Co-

244 2300 354 2331 Hulst.
385 2300 449 2331 ita:
489 2301 605 2331 Donati
636 2302 668 2330 in
706 2300 854 2330 Andriam

898 2301 1009 2329 moedia
1031 2300 1221 2329 Phormioni-5
1241 2300 1371 2338 explicit.
1413 2300 1516 2330 Amen.
1555 2298 1650 2330 Alius

898 2342 1016 2372 habet:
1057 2343 1161 2372 Finito
1191 2342 1286 2372 Libro
1315 2343 1357 2372 sit
1394 2343 1461 2372 laus
1492 2347 1523 2372 et
1549 2344 1652 2383 gloria

901 2387 1029 2415 Christo.
1070 2384 1133 2415 Ms.
1153 2384 1244 2415 Bodl.
1269 2390 1388 2426 praeter
1411 2385 1548 2424 Eoeplicit
1568 2384 1651 2415 nihil

899 2427 1074 2468 subjungit,
1100 2426 1198 2468 idque
1220 2433 1286 2463 ter;
1322 2428 1382 2458 sub
1410 2427 1509 2458 finem
1537 2428 1652 2459 Eunu-

901 2471 964 2507 chi,
979 2470 1213 2511 Adelphorum,
1235 2476 1268 2501 et
1292 2470 1440 2511 Hecyrae.
1487 2471 1539 2501 De
1561 2473 1653 2511 quus

901 2513 990 2544 vocis
1018 2513 1143 2554 origine
1175 2513 1271 2544 Ever.
1304 2514 1384 2544 Otto
1414 2513 1447 2543 in
1479 2512 1583 2544 Diatr.
1612 2514 1653 2544 de

900 2555 1080 2598 Papiniano
1109 2567 1179 2598 cap.
1210 2556 1266 2587 xii.
1300 2557 1329 2586 6.
1375 2557 1511 2594 Locutio,
1534 2555 1651 2597 inquit,

898 2602 1035 2630 desumto
1050 2604 1096 2629 est
1111 2611 1130 2629 a
1144 2604 1261 2629 vetusto
1280 2601 1460 2630 voluminum
1479 2601 1651 2631 evolvendo-

898 2654 965 2673 rum
986 2653 1085 2673 more:
1109 2652 1175 2682 quae
1196 2644 1325 2681 demptis
1347 2643 1419 2672 loris
1440 2644 1582 2683 uncisque
1601 2653 1651 2674 re—

902 2687 1016 2716 laxatis
1046 2684 1300 2726 explicabantur,
1331 2686 1463 2726 adeoque
1493 2686 1654 2716 lectoribus

902 2730 1044 2767 adfinem
1059 2739 1151 2767 usque
1165 2729 1321 2767 patebant.
1355 2726 1498 2758 Martial.
1514 2727 1559 2759 xi.
1578 2729 1652 2759 108.

902 2772 1091 2810 Explicitum
1102 2772 1186 2800 nobis
1197 2781 1289 2810 usque
1298 2771 1340 2801 ad
1347 2781 1403 2801 sua
1411 2781 1523 2801 cornua
1532 2772 1654 2808 librum,

903 2815 947 2844 Et
967 2815 1054 2853 quasi
1070 2814 1245 2852 perlectum,
1263 2814 1445 2853 Septiciane,
1461 2812 1564 2854 refers.

904 2858 980 2887 Inde
1015 2854 1152 2895 prosecta
1179 2858 1371 2896 antiquorum
1400 2859 1590 2894 consuetudo,
1621 2862 1657 2887 ut

904 2901 1046 2938 completo
1059 2900 1137 2928 libro
1159 2909 1256 2930 vocem
1280 2898 1474 2940 Explicitus,
1497 2901 1567 2930 dein
1583 2911 1655 2939 pos-

906 2944 1066 2972 terioribus
1089 2943 1198 2972 seculis
1220 2944 1337 2972 curtius
1358 2941 1504 2983 Explicit
1523 2942 1654 2983 subjice-

904 2990 982 3021 rent,
993 2986 1155 3024 statimque
1164 2986 1354 3025 scriptionem
1364 2987 1582 3016 continuarent.
1603 2985 1653 3015 W.

1117 3036 1138 3057 R
