1852 3216
96 104 237 134 scmu
258 90 327 147 11.]

688 92 1038 141 ADELPHI.

1538 99 1620 143 421

155 181 234 224 sr.
264 180 287 223 Ι
307 195 434 233 sane3
463 196 547 238 ego
568 190 612 226 te
630 184 844 227 exercebo
859 184 1004 238 hodie,
1024 194 1074 230 ut
1092 188 1251 245 dignus
1269 203 1333 240 es,
1351 188 1623 233 silicernium.

154 246 393 290 AEschinus
415 248 564 292 odiose
585 258 749 292 cessat:
780 252 1007 306 prandium
1027 254 1327 310 corrumpitur.

100 319 142 350 ⁵0
157 312 366 369 Ctesipho
383 321 526 356 autem
542 316 585 357 in
600 331 744 359 amore
759 324 827 359 est
842 324 983 360 totus:
1014 333 1097 375 ego
1109 319 1200 375 jam
1216 320 1474 376 prospiciam
1492 319 1617 362 mihi:

156 380 273 423 Nam
296 381 387 437 jam
406 382 552 434 adibo,
572 391 702 440 atque
723 384 1076 440 unumquicquid,
1097 385 1215 440 quod
1235 385 1409 442 quidem
1429 386 1511 428 erit
1528 385 1622 428 bel-

241 446 462 499 lissimum,
502 475 506 477 -

156 511 365 568 carpam:
396 520 440 555 et
456 513 634 569 cyathos
651 514 874 557 sorbillans
894 514 1099 571 paulatim
1113 515 1229 558 hunc
1244 516 1479 572 producam
1495 516 1623 559 diem.

342 702 593 751 ACTUS
637 703 936 758 QUARTI
987 703 1242 752 SCENA
1286 705 1380 752 III.

684 828 833 860 MICIO.

876 828 1039 860 HEGIO.

155 911 257 953 Eoo
286 910 330 952 in
359 910 441 953 hac
470 925 517 954 re
546 910 651 952 nihil
678 910 863 966 reperio,
894 911 1171 966 quamobrem
1201 909 1353 954 lauder
1382 919 1623 969 tantopere,

240 975 385 1031 Hegio
401 992 411 1018 ε

151 1041 305 1084 Meum
316 1041 501 1084 officium
513 1041 641 1083 facio:
666 1041 784 1097 quod
796 1048 1021 1097 peccatum
1034 1056 1060 1082 a
1072 1042 1196 1083 nobis
1211 1043 1420 1094 ortum'st,
1434 1045 1623 1101 corrigo:

151 1107 253 1149 Nisi
262 1108 296 1148 si
304 1122 370 1149 me
378 1107 421 1148 in
434 1105 506 1149 illo
519 1107 742 1149 credidisti
749 1122 845 1149 esse
855 1106 1074 1149 hominum
1086 1122 1279 1158 numero,
1288 1109 1363 1163 qui
1375 1109 1436 1151 ita
1447 1119 1624 1166 putant,
1612 1129 1623 1138 ·

140 1209 191 1239 48.
216 1210 237 1240 Ῑ
246 1207 336 1249 sone]
360 1208 428 1239 Aut
442 1208 584 1239 abundat
598 1219 671 1239 sane
683 1219 692 1237 .·
714 1214 771 1239 aut
785 1207 836 1238 in-

94 1251 265 1283 ferioribus
289 1252 446 1292 jungitur.
500 1250 709 1292 Silicernium]
737 1252 838 1282 Coena

96 1305 167 1336 quoe
182 1295 319 1326 insertur
335 1294 397 1326 diis
419 1294 576 1331 manibus,
593 1293 678 1335 quod
698 1305 768 1325 eam
791 1294 835 1325 si-

96 1338 200 1369 lentes
214 1346 359 1375 cernant,
372 1338 404 1369 id
421 1344 479 1374 est,
496 1338 617 1368 umbrae
632 1337 835 1379 possideant:

97 1381 148 1412 vel
170 1381 255 1422 quod
277 1381 332 1422 qui
355 1381 422 1411 haec
442 1380 592 1416 inferant,
614 1386 749 1411 cernant
764 1388 836 1411 tan-

96 1431 175 1461 tum,
192 1435 297 1465 neque
311 1424 491 1464 degustent.
532 1424 618 1454 Nam
633 1423 673 1454 de
689 1423 749 1460 his,
766 1433 837 1464 quae

94 1467 238 1499 libantur
266 1467 388 1504 inferis,
415 1466 559 1507 quisquis
577 1466 752 1498 comederit
781 1474 838 1498 aut

95 1510 222 1548 biberit,
245 1510 434 1542 funestatur.
479 1511 549 1540 Aut
570 1509 631 1540 erit
652 1511 837 1541 silicernium

94 1564 205 1590 senex,
222 1553 276 1594 qui
288 1555 354 1594 jam
366 1554 498 1593 jamque
513 1552 682 1584 silentibus
697 1553 834 1583 umbris-

94 1607 156 1638 que
164 1597 345 1628 cernendus
357 1596 416 1627 sit:
440 1604 474 1627 et
484 1596 530 1626 sic
542 1603 591 1627 est
603 1596 727 1632 melius,
740 1606 834 1636 quam

94 1647 132 1672 ut
168 1640 297 1681 quidam
329 1639 548 1681 Xenophouta
584 1638 836 1680 interpretantes

94 1690 221 1725 putant,
237 1683 284 1714 sic
299 1693 359 1714 nos
373 1685 557 1714 silicernium
571 1682 762 1723 intelligere,
774 1682 835 1713 hoc

96 1734 154 1764 est,
177 1726 299 1757 silicem
324 1733 509 1757 cernentem
535 1736 656 1762 senem,
680 1726 756 1756 dum
782 1726 833 1756 in-

96 1780 214 1801 curvus
229 1776 288 1806 est,
305 1769 354 1800 vel
376 1776 485 1800 stratae
504 1779 583 1800 saxo
600 1769 660 1799 viae
680 1769 834 1806 intentus,

95 1813 147 1844 vel
175 1811 363 1854 sarcophagi
385 1814 518 1852 jamJam
548 1811 836 1860 appropinquantis

94 1856 167 1887 sibi.
198 1856 239 1887 D.
242 1854 494 1896 —Siltcernium]
512 1854 683 1886 Particulae
694 1862 770 1886 sunt
784 1855 835 1885 in-

96 1899 260 1936 feriarum,
279 1909 350 1939 quae
369 1898 504 1929 mortuis
524 1898 650 1929 dantur.
695 1897 762 1928 Alii
783 1897 833 1928 in-

96 1942 247 1984 tellig-unt
260 1944 445 1974 silicernium
461 1941 558 1981 (adde
577 1952 683 1978 senem,
700 1948 765 1978 aut,
781 1943 834 1972 de-

96 1988 243 2027 crepitum
275 1985 330 2027 Z.)
348 1985 433 2026 quod
449 1986 518 2025 jam
538 1991 703 2015 senectute
717 1995 836 2016 curvus

96 2028 203 2061 silices
217 2037 337 2060 cernat.
371 2028 410 2059 Ε.

139 2073 191 2104 49.
217 2074 381 2104 AEschr’rms
402 2073 500 2102 odiose
519 2075 640 2102 cessat.-
671 2072 834 2110 prandium

95 2114 315 2156 corrumpitur]
327 2113 533 2146 Ἀσύνδετονε
556 2114 647 2145 deest
661 2119 700 2144 et.
732 2116 834 2145 Pran-

96 2160 180 2190 ὀΐεαι
201 2157 418 2199 corrumpitur]
443 2157 489 2188 Ut
509 2168 631 2198 coquus
653 2156 756 2188 dixit:
780 2156 835 2197 qui

95 2202 177 2233 aciat
186 2201 403 2233 conditionem
416 2200 575 2242 quandam
591 2200 693 2241 mag-is
708 2201 835 2231 serven-

96 2250 162 2276 tem
173 2245 301 2287 placere
314 2245 378 2285 (Cf.
392 2244 527 2275 Casaub.
544 2245 585 2275 ad
598 2244 716 2275 Athen.
733 2254 762 2274 v.
776 2242 833 2283 3.).

97 2287 279 2320 D.—Unus
294 2299 336 2319 ex
357 2287 469 2327 Regiis
484 2290 603 2318 otiosus.
650 2287 737 2328 Lege
752 2288 834 2317 odio-

96 2342 156 2363 us.
189 2332 242 2362 Sic
258 2331 342 2362 Eun.
356 2331 397 2362 iv.
415 2332 444 2362 6.
466 2331 514 2361 16.
531 2332 631 2361 odiosa
647 2341 745 2361 cessas
756 2333 772 2360 ‚⁷
796 2330 835 2360 B.

142 2375 192 2405 50.
211 2376 350 2414 Ctesipho
370 2380 470 2405 auten
493 2376 526 2404 in
549 2384 648 2404 amore
669 2379 715 2404 est
739 2372 835 2414 totus]

99 2416 175 2448 Non
182 2417 289 2458 potuit
299 2417 372 2459 plus
381 2417 445 2448 dici
458 2417 498 2447 de
507 2416 671 2448 incondita
684 2427 721 2447 ac
736 2416 837 2447 nimia

99 2459 272 2501 voluptate.
303 2460 396 2501 Ego
376 2471 446 2500 jan
459 2462 639 2500 prospiciam
650 2459 741 2501 mihi]
754 2461 834 2497 Jam,

98 2502 260 2534 interdum
269 2503 429 2544 significat
438 2503 685 2539 festinationem,
694 2510 730 2534 ut
738 2513 833 2534 nunc.

102 2545 270 2576 Interdum
297 2545 337 2577 ad
364 2545 609 2577 describendum
634 2546 775 2587 ponitur,
803 2553 836 2577 et

98 2589 474 2630 increpandammoram:
493 2595 538 2625 ut,
554 2589 630 2620 AEn.
646 2589 702 2620 xii.
722 2590 837 2622 179.—

97 2634 168 2663 Jam
191 2633 303 2669 melior,
319 2631 399 2672 jan,
420 2634 500 2668 diva,
521 2643 636 2672 precor.
682 2632 734 2668 Et,
756 2632 832 2663 AEn.

97 2675 138 2706 vi.
156 2675 207 2706 63.
240 2676 298 2705 Vos
318 2685 431 2715 quoque
453 2675 625 2715 Pergameae
636 2674 707 2715 jon
719 2673 776 2715 sas
790 2680 835 2706 est

94 2729 227 2770 parcere
243 2720 339 2759 genti,
361 2718 462 2757 Dique
485 2719 606 2758 deaque
629 2729 736 2749 onnes.
791 2718 836 2748 Et

297 2762 370 2791 mihi
391 2759 483 2796 dixit,
506 2767 657 2809 tanquam
678 2761 738 2791 hoc
760 2771 831 2792 sen-

96 2804 174 2836 tiat.
196 2804 246 2835 illi
266 2814 325 2835 sua
348 2809 449 2844 agunt
470 2803 615 2844 negotia:
640 2810 673 2834 et
692 2802 757 2844 (at)
773 2814 834 2845 ego

95 2847 224 2879 illorum
261 2846 410 2898 exemplo
443 2845 608 2877 consulam
646 2845 735 2877 mihi.
790 2846 836 2878 Et

93 2891 179 2923 bene
205 2892 406 2931 prospician:
434 2888 526 2930 quasi
555 2899 620 2921 non
646 2899 834 2932 pransurus,

96 2933 160 2967 nisi
173 2933 346 2977 providero
361 2932 451 2965 mihi.
483 2932 526 2964 D.

929 1207 1233 1249 5113e11issimnm]
1265 1209 1399 1251 Proprie
1432 1213 1625 1245 bellissima

880 1250 984 1282 dixit.
1016 1251 1102 1281 unde
1120 1258 1152 1281 et
1173 1251 1356 1292 hujusmodi
1372 1254 1413 1285 ad
1434 1254 1623 1289 irritandam

880 1294 988 1335 gulam
1003 1293 1077 1330 cibi,
1095 1296 1221 1325 bellaria
1236 1295 1397 1327 dicuntur.
1429 1297 1471 1328 D.

926 1338 975 1367 52.
989 1336 1136 1378 Carpum]
1153 1337 1252 1368 Modo
1263 1340 1382 1379 eligam.
1413 1340 1506 1372 Alias
1515 1344 1623 1374 lodan

880 1379 1059 1421 significat:
1083 1388 1129 1416 ut,
1144 1381 1262 1422 Georg.
1275 1381 1321 1413 iii.
1335 1383 1407 1413 215.
1427 1385 1534 1425 Carpit
1544 1389 1623 1418 enim

879 1426 959 1454 vires
990 1425 1151 1463 paulatim,
1178 1427 1298 1465 uritque
1329 1428 1456 1457 videndo
1486 1429 1622 1461 Femina.

880 1466 972 1497 Alias
998 1468 1119 1497 Fruar.-
1156 1474 1202 1504 ut,
1227 1469 1346 1509 Georg.
1370 1468 1416 1500 iii.
1440 1471 1512 1502 325.
1546 1474 1623 1503 Car-

875 1521 993 1549 pomus,
1024 1511 1094 1540 dum
1126 1521 1212 1541 mane
1241 1522 1355 1550 novum,
1379 1514 1450 1543 dum
1480 1518 1623 1555 gramina

878 1558 995 1584 canent.
1034 1552 1079 1583 Et
1101 1553 1241 1590 Persius,
1269 1554 1335 1585 Sat.
1358 1565 1388 1586 v.
1408 1557 1478 1587 151.
1506 1559 1622 1598 Carpo—

878 1607 943 1626 mus
965 1598 1076 1627 dulcia.
1115 1596 1156 1627 Id
1180 1604 1239 1634 est,
1260 1597 1406 1630 sruamur
1431 1600 1527 1632 rebus
1549 1602 1622 1633 dul-

879 1639 979 1670 cibus.
1005 1641 1161 1670 Paulatim
1176 1641 1254 1671 hunc
1264 1642 1428 1681 producam
1443 1643 1539 1685 diem]
1555 1645 1621 1676 Bo-

879 1692 923 1713 no
946 1683 1043 1713 verbo
1064 1693 1141 1714 usus
1163 1691 1213 1714 est
1233 1684 1274 1715 ad
1295 1685 1526 1736 metaphoram,
1549 1694 1621 1720 tan-

878 1736 974 1766 quam
988 1725 1155 1757 morientis
1166 1726 1240 1758 diei.
1266 1727 1311 1758 Ut
1326 1735 1384 1764 est,
1398 1728 1473 1760 AEn.
1488 1730 1532 1761 ix.
1545 1732 1620 1763 486.

877 1780 975 1800 —nec
990 1774 1020 1800 te
1042 1775 1095 1800 tua
1108 1768 1225 1809 szmera
1246 1776 1343 1801 mater
1364 1773 1509 1810 Produxi,
1531 1785 1618 1814 pres-

878 1814 939 1843 sive
950 1814 1055 1843 oculos.
1081 1813 1161 1843 D.—
1417 1815 1520 1856 athos]
1534 1817 1621 1849 'rhe-

878 1854 963 1886 mist.
977 1855 1172 1909 Euphrad-
1174 1856 1264 1887 Orat.
1286 1856 1327 1887 vi.
1310 1819 1449 1897 :CHZX
1450 1870 1475 1889 υ
1489 1857 1620 1892 οὖνὸτ-

877 1909 936 1937 τερ
956 1898 987 1929 οἱ
1004 1898 1112 1938 λίχνοι
1129 1900 1193 1929 τῶν
1212 1897 1409 1937 δαιτυμόνων,
1424 1870 1621 1943 ἐπαγαίομαι

879 1940 927 1971 ἀεὶ
942 1941 1000 1971 τοῦ
1019 1940 1067 1972 ἀεὶ
1086 1941 1342 1982 παραφερομένου
1361 1940 1513 1983 ἁρπάζων,
1530 1946 1621 1985 ἐμπί-

878 1989 1001 2022 πλαμω
1020 1982 1054 2015 δὲ
1077 1984 1200 2016 οὐδενὸς
1221 1985 1341 2017 ἱκανῶς.
1376 1986 1441 2017 Pro
1461 1991 1622 2022 corbium

878 2037 963 2058 unus
972 2027 1041 2058 cod.
1053 2034 1141 2058 recte
1150 2029 1308 2065 sorbilans,
1319 2030 1460 2061 secunda
1471 2031 1570 2070 brevi,
1583 2040 1621 2065 ut

877 2072 1034 2101 ventilans.
1064 2070 1115 2101 Ita
1130 2072 1281 2106 sorbilum,
1298 2072 1384 2112 quod
1397 2080 1509 2114 postea
1522 2077 1619 2107 mbi-

879 2116 930 2150 tio,
943 2114 998 2153 jus
1012 2114 1098 2154 quod
1113 2114 1288 2145 sorbeatur.
1298 2082 1359 2146 q.B

925 2157 951 2187 1.
968 2158 1017 2197 Eg
1018 2168 1035 2187 o
1049 2159 1081 2187 in
1095 2159 1153 2187 hac
1165 2168 1198 2187 re
1209 2159 1287 2188 nihil
1296 2161 1421 2198 reperio,
1433 2163 1620 2200 quamobre-

879 2168 1017 2240 ΙαιιιὶενἸἕ
1020 2199 1099 2230 Haec
1114 2210 1210 2230 scena
1222 2207 1270 2231 est
1281 2200 1376 2242 plena
1387 2203 1620 2236 sententiarum

878 2242 1028 2274 senilium
1043 2243 1084 2273 ad
1095 2242 1199 2274 officia
1211 2243 1468 2276 demonstranda.
1494 2246 1539 2278 Et
1550 2253 1619 2280 lon-

879 2291 988 2326 topere,
1013 2285 1078 2317 vim
1104 2286 1319 2317 adverbialem
1345 2287 1379 2319 in
1405 2299 1441 2319 se
1464 2290 1619 2324 continet.

880 2329 966 2360 Nam
988 2329 1150 2370 significat
1170 2331 1268 2360 nimis.
1304 2330 1344 2361 D.
1346 2333 1484 2372 —Ego
1471 2344 1503 2364 nn
1515 2335 1573 2365 hae
1585 2346 1620 2367 re

879 2374 957 2403 nihil
970 2374 1095 2421 reperio,
1112 2374 1298 2413 quamobrem
1320 2375 1428 2405 lauder
1442 2377 1618 2427 ’tantoperd

881 2415 990 2456 Hegio
1004 2415 1124 2456 gratias
1137 2423 1255 2457 egerat,
1270 2417 1355 2456 quod
1372 2417 1473 2449 Micio
1483 2421 1619 2461 promit-

878 2465 970 2496 teret,
992 2470 1027 2490 se
1049 2459 1198 2490 daturum
1220 2469 1360 2501 operam,
1379 2467 1416 2491 ut
1438 2461 1524 2494 filius
1542 2473 1621 2496 sum

878 2512 949 2533 eam
964 2502 1097 2533 duceret
1111 2512 1254 2539 uxorem,
1270 2513 1341 2543 quae
1360 2503 1473 2536 vitiata
1493 2505 1618 2544 fuerat·

878 2545 955 2576 dum
969 2545 1036 2584 (ille
1050 2547 1148 2586 igitur
1164 2545 1219 2586 Z.)
1236 2547 1323 2586 Juste
1338 2546 1461 2578 laudari
1473 2558 1509 2580 se
1522 2557 1621 2592 negat

878 2595 1059 2630 propterea,
1071 2588 1147 2629 quia
1161 2588 1263 2629 magis
1275 2588 1415 2620 officium
1426 2601 1520 2623 suum
1532 2592 1619 2632 ficit,

877 2641 942 2662 non
972 2631 1028 2662 alii
1080 2638 1198 2668 ramat,
1225 2642 1299 2663 cum
1328 2639 1495 2674 peccatum
1523 2646 1618 2669 suun

876 2674 1024 2715 corrigat.
1088 2697 1097 2704 .

921 2719 951 2748 2.
967 2717 1054 2752 Quod
1063 2720 1616 2760 peccatunanobismunemeor-

877 2759 960 2802 rigo]
993 2760 1028 2791 Si
1058 2760 1190 2798 diceret,
1223 2767 1380 2801 mam
1404 2768 1451 2795 ae
1476 2775 1497 2796 a
1521 2768 1618 2805 nobis,

875 2803 1082 2845 participium
1102 2803 1234 2835 fuisset:
1258 2814 1344 2836 nunc
1358 2806 1434 2847 quia
1446 2813 1544 2840 orm
1558 2811 1615 2842 ad-

876 2846 967 2883 didit,
984 2856 1102 2877 nomen
1116 2854 1174 2878 est.
1213 2847 1388 2897 Nunquam
1403 2850 1490 2882 enim
1504 2853 1617 2885 eadem

876 2889 1127 2974 gssggmgm
1142 2890 1249 2933 jungi,
1269 2890 1334 2924 nisi
1355 2902 1415 2935 per
1433 2893 1615 2936 ἀσύνδετον,
