1852 3216
43 157 47 159 ’
92 177 232 206 εσΕΝΑ
254 162 325 218 ιι.]

714 156 1017 201 ANDRIA.

1576 161 1627 202 51

151 253 268 294 Pin.
295 252 414 293 Istuc
434 250 589 306 ipsum.
638 248 758 291 DAv.
783 247 931 303 Atque
951 248 1063 288 istuc
1083 247 1225 302 ipsum
1246 246 1352 288 nihil
1372 246 1520 301 pericli
1540 254 1630 289 est:

234 331 301 359 me
322 316 434 358 vide.

149 382 268 424 PAM.
294 381 493 423 Obsecro
510 387 567 430 te,
586 393 714 435 quam
730 379 914 434 primum
929 377 1012 420 hoc
1032 391 1100 420 me
1121 376 1258 419 libera
1278 377 1480 418 miserum
1498 383 1630 418 metu.

235 447 357 489 Dm.
379 446 497 488 Hem
511 447 521 486 !

93 520 132 551 15
151 511 338 554 Libero:
370 524 552 552 uxorem
571 509 650 551 tibi
670 523 757 550 non
778 508 854 550 dat
869 508 960 563 jam
979 507 1202 550 Chremes.

234 577 356 618 DAv.
378 575 493 618 Scio.

1264 506 1384 549 Pin.
1408 506 1497 555 Qui
1519 506 1633 549 scis?

148 641 275 684 Tuus
293 648 418 697 pater
436 640 565 689 modo
585 653 652 681 me
670 638 926 694 prehendit3
958 638 1032 689 ait,
1053 638 1132 679 tibi
1150 651 1331 679 uxorem
1351 636 1457 678 dare
1479 650 1574 678 sese

148 707 319 748 Hodie:
352 707 454 747 item
474 703 555 746 alia
573 703 720 754 multa,
740 718 838 758 quae
858 718 971 746 nunc
991 718 1078 745 non
1097 709 1165 747 est
1184 701 1389 744 narrandi
1407 700 1544 743 locus.

150 772 366 813 Continuo
378 771 433 812 ad
448 777 491 812 te
505 784 745 825 properans
758 783 966 824 percurro
978 769 1034 811 ad
1049 768 1203 819 forum,
1214 775 1264 810 ut
1277 768 1416 809 dicam
1430 766 1508 808 tibi
1520 765 1630 808 haec.

150 836 241 878 Ubi
262 845 303 878 te
325 851 412 878 non
430 835 615 885 invenio,
637 835 697 876 ibi
717 834 905 877 ascendo
925 835 968 875 in
989 834 1206 889 quendam
1230 832 1450 875 excelsum
1475 830 1630 874 locum.

93 910 135 940 20
153 901 488 956 Circumspici03
520 914 756 954 nusquam:
789 899 901 941 forte
922 899 982 940 ibi
1001 898 1132 954 hujus
1153 898 1279 940 video
1300 897 1555 953 Byrrhiam;

137 981 186 1011 13.
221 982 323 1020 Atque
347 981 426 1010 istuc
449 977 564 1019 ipsum]
588 978 643 1008 Ἐν
668 976 837 1018 ὑποκρίσει.

95 1023 156 1054 Ille
179 1022 266 1054 enim
288 1023 348 1054 hoc
371 1022 457 1053 idem
481 1021 609 1052 dixerat
632 1031 706 1051 cum
730 1020 837 1051 excla-

91 1066 251 1096 matione:
283 1065 368 1106 quod
393 1064 483 1105 quasi
506 1074 626 1095 vanum
649 1063 837 1095 contemnit.

91 1110 145 1140 He
174 1107 258 1149 vide]
291 1109 410 1139 Utrum
439 1107 533 1138 laetus
563 1107 657 1138 sum?
703 1116 755 1143 an,
786 1116 839 1137 me

92 1158 201 1193 specta
225 1151 299 1182 fidei
324 1151 491 1182 datorem?
523 1156 561 1181 ut
587 1149 652 1180 dici
677 1149 769 1186 solet,
793 1160 838 1180 me

91 1196 177 1231 habe,
205 1205 250 1225 me
276 1196 398 1234 respice.
439 1194 612 1224 D.—Istuc
638 1194 737 1232 ipsum
761 1194 841 1223 nihil

87 1239 198 1277 pericli
212 1236 275 1278 est]
294 1236 465 1268 lrridentis
480 1242 530 1267 est
551 1235 597 1266 ita
619 1235 739 1271 oratio;
763 1235 839 1275 quia

92 1290 191 1321 supra
221 1280 348 1311 dixerat
378 1278 568 1321 Pamphilus
596 1280 701 1309 Isthuc
731 1281 839 1318 ipsum,

91 1323 212 1364 repetit
238 1329 392 1363 tanquam
417 1331 536 1353 vanum
566 1321 699 1352 dictum.
750 1322 841 1351 Nihil

88 1365 216 1406 pericli]
238 1365 346 1406 Rogat
366 1373 404 1396 ut
425 1371 514 1395 metu
535 1363 651 1395 liberet
672 1363 840 1394 dominum

91 1418 215 1445 servus,
245 1414 278 1439 et
308 1417 467 1438 summam
496 1406 640 1445 collocat.
694 1406 840 1437 Primum

92 1450 176 1482 hanc
192 1461 261 1482 rem
277 1460 405 1492 semper
419 1450 524 1480 facere
540 1449 636 1480 debet
657 1455 774 1486 orator,
791 1448 840 1480 uti

93 1500 169 1524 ante
183 1493 334 1534 partium,
351 1503 423 1534 quae
434 1492 532 1533 longo
546 1502 666 1533 genere
687 1491 839 1522 narrandi

93 1535 350 1577 explicabuntur,
376 1545 502 1566 summa
524 1534 676 1583 primitus
703 1533 840 1565 colloce-

92 1584 163 1609 tur:
188 1586 220 1609 et
235 1578 296 1609 hoc
317 1577 458 1609 maxime
479 1577 514 1608 in
537 1576 640 1614 initio,
657 1582 694 1607 ut
715 1576 841 1607 facilius

91 1630 145 1652 res
159 1621 389 1662 comprehendi
405 1619 518 1662 possit.
558 1620 619 1651 Est
636 1619 737 1660 igitur
751 1629 839 1650 sum-

91 1673 162 1694 ma:
193 1665 320 1695 Uxorem
334 1675 391 1694 mm
406 1665 462 1694 dat
478 1664 619 1694 Chremes
632 1664 732 1701 filiam
753 1673 839 1693 suam

94 1708 271 1747 Pamphilo.-
298 1707 367 1747 ejus
388 1716 466 1738 casu
488 1705 636 1737 videatur
656 1704 720 1736 ista
740 1715 837 1746 argu-

91 1756 202 1780 menta
223 1749 410 1790 collegisse;
441 1755 498 1780 aut
521 1758 563 1779 ex
586 1754 706 1779 eventu
730 1754 841 1779 narrat

91 1802 232 1827 causam,
255 1791 524 1832 quemadmodum
547 1791 587 1822 ad
610 1790 732 1821 indicia
752 1790 837 1822 veri-

92 1835 169 1866 tatis
210 1834 406 1876 pervenerit.
470 1834 562 1864 Tunc
598 1840 692 1874 paret
727 1843 841 1870 causae,

92 1877 362 1918 quemadmodum
374 1877 494 1908 malum
506 1876 668 1917 praedixit,
681 1882 714 1906 et
726 1875 843 1907 deinde

91 1931 164 1961 quae
190 1926 441 1969 consequuntur.
486 1919 613 1955 Quibus
637 1919 673 1949 in
697 1918 844 1950 versibus

93 1963 235 1994 declarat
250 1963 312 1994 sibi
329 1963 502 1994 maximam
518 1961 769 1993 sollicitudinem
791 1961 842 1992 fu-

92 2006 167 2042 isse,
178 2012 386 2047 posteaquam
400 2012 526 2047 patrem
542 2004 731 2045 cognoverit
747 2004 842 2035 Pam-

93 2048 183 2090 philo
197 2049 327 2090 nuptias
337 2059 401 2079 non
413 2058 537 2089 parare.
566 2048 605 2078 E.
607 2049 753 2088 -Atque
765 2050 844 2078 istuc

94 2091 207 2132 ipsum]
218 2091 373 2122 Priscian.
384 2091 458 2122 lib.'
450 2091 482 2122 1i.
511 2093 612 2132 Atque
621 2092 790 2130 hoc-ipsum.
806 2090 842 2120 L.

141 2136 189 2165 14.
217 2136 344 2166 Obsecro
360 2140 398 2172 te,
413 2136 645 2175 quamprimum
661 2135 715 2164 hoc
736 2144 781 2164 me
804 2134 843 2163 li-

94 2179 168 2208 bera
179 2180 319 2208 miserum
334 2176 432 2218 metu]
449 2178 533 2208 Cum
544 2177 695 2218 precibus
711 2182 744 2207 et
759 2183 841 2206 tem-

94 2230 157 2262 pus
171 2220 352 2251 admiscuit.
392 2220 436 2251 Et
453 2221 536 2251 bene
559 2222 676 2254 libera,-
699 2219 844 2260 perfecta

96 2263 182 2294 enim
194 2263 360 2301 securitas,
373 2265 515 2295 liberatio
524 2262 719 2294 nominatur.
744 2261 841 2302 Hem]

96 2305 200 2337 Ecce.
224 2306 457 2338 demonstratio
472 2312 523 2338 est
536 2305 622 2355 sacti:
655 2306 697 2336 D.

141 2349 191 2380 15.
221 2351 349 2381 Uxorem
371 2351 430 2380 tibi
451 2360 508 2380 non
530 2351 586 2380 dat
598 2348 669 2389 jam
687 2346 843 2388 Chremes]

97 2391 246 2424 Oratorie
271 2402 292 2423 a
316 2402 442 2424 summa
468 2391 586 2434 coepit:
618 2393 710 2432 cujus
736 2397 845 2432 partes

96 2434 208 2466 multis
222 2435 380 2466 dicentur.
415 2437 486 2467 Iam
501 2446 558 2466 non
573 2434 646 2475 dat]
666 2435 755 2465 Bene
765 2433 845 2474 jam.

96 2478 193 2513 Quod
216 2478 244 2509 si
267 2488 333 2509 nou
357 2478 502 2515 dixisset,
527 2477 726 2519 intelligeret
749 2477 845 2507 Pam-

97 2520 216 2562 philus,
232 2520 284 2552 vel
299 2528 411 2562 postea
426 2521 632 2553 Chremetem
653 2520 753 2551 filiam
776 2530 846 2551 esse

98 2563 260 2596 daturum.
298 2564 363 2595 Sed
385 2564 495 2595 addito
508 2563 589 2604 jam,
605 2563 701 2604 plena
724 2562 846 2594 securi-

99 2611 150 2637 tas
173 2612 232 2637 est.
273 2607 344 2637 Jam
365 2606 452 2638 enim
474 2606 678 2637 renunciatio
700 2612 750 2637 est
771 2615 847 2647 per-

98 2647 276 2690 petuitatis.
315 2649 400 2690 Scio]
416 2649 612 2691 Praeparatio
628 2656 678 2680 est
692 2648 849 2680 auditoris

99 2691 141 2722 ad
157 2702 229 2722 eam
251 2692 478 2729 narrationem,
495 2702 567 2732 quae
588 2691 730 2723 ostendit

99 2741 211 2764 menta
241 2733 394 2765 falsarum
423 2735 620 2776 nuptiarum.
668 2734 851 2765 D.—Unus

101 2777 170 2808 cod.
187 2787 230 2807 ex
253 2777 366 2818 Regiis
389 2776 474 2808 locat
495 2777 699 2808 numerosius
721 2777 777 2814 ita,
794 2779 851 2808 tibi

100 2830 221 2850 uorem
237 2831 294 2850 non
309 2819 440 2860 datjam
459 2821 606 2851 Chremes.
647 2819 776 2851 Deinde
791 2822 853 2851 scio

103 2869 153 2893 est
167 2862 302 2898 inutile,
294 2875 301 2881 ·
327 2872 393 2893 non
409 2862 496 2893 euim
514 2862 692 2904 respondet
712 2862 852 2893 interro-

102 2905 236 2945 gationi,
253 2915 324 2945 quae
346 2915 411 2936 non
435 2912 493 2942 est,
514 2916 554 2936 an
575 2908 677 2943 eoiret,
700 2905 757 2936 sed
780 2917 853 2946 quo-

102 2950 187 2978 uodo
207 2950 309 2980 sciret.
351 2948 492 2979 Praefero
514 2947 613 2989 igitur
634 2947 708 2979 lect.
732 2947 855 2979 variam

103 2992 189 3027 scies,
216 3001 287 3030 quae
314 2999 362 3022 est
389 2991 423 3022 in
454 2990 599 3031 margine
631 2991 700 3022 cod.
731 2991 854 3031 Colleg-

883 976 980 1018 Corp.
997 977 1073 1007 Chr.
1106 977 1144 1007 B.

929 1020 978 1050 16.
1001 1021 1054 1050 Me
1065 1018 1245 1059 prehendit]
1260 1018 1324 1050 Pro
1334 1020 1470 1058 prendit.
1508 1017 1633 1050 Addita

882 1062 1079 1103 aspiratione
1094 1061 1273 1110 geminavit
1292 1061 1456 1102 syllabam.
1495 1061 1540 1092 Et
1557 1072 1631 1100 pre-

882 1107 987 1136 hendit
1001 1105 1095 1141 dixit,
1112 1104 1204 1145 quasi
1216 1104 1374 1135 vitantem
1390 1115 1427 1135 ac
1442 1103 1632 1145 fugientem.

881 1150 949 1186 Ait,
962 1147 1038 1189 tibi]
1053 1150 1110 1179 Ait
1125 1147 1274 1189 proprie:
1303 1147 1379 1187 quia
1392 1147 1631 1178 contemnenda

882 1190 1043 1222 dicuntur.
1082 1193 1149 1228 Ait,
1166 1192 1223 1221 tibi
1243 1201 1363 1221 uxorem
1380 1192 1454 1221 dare
1469 1188 1518 1230 se]
1543 1189 1630 1220 Con-

877 1235 1037 1274 jecturam
1049 1233 1124 1264 facit
1137 1243 1179 1264 ex
1190 1233 1293 1270 malis,
1304 1243 1375 1274 quae
1387 1238 1632 1281 praecesserunt.

883 1279 949 1314 Ait,
967 1279 1024 1308 tibi
1039 1288 1159 1307 morem
1174 1279 1248 1307 dare
1263 1275 1312 1316 se]
1331 1276 1422 1307 Dicit
1443 1286 1502 1307 cur
1524 1275 1632 1317 primo

883 1319 1059 1350 crediderit
1071 1330 1172 1356 veras,
1185 1319 1330 1350 dicturus
1345 1318 1483 1350 subinde
1498 1328 1557 1349 cur
1571 1317 1631 1349 fal-

883 1372 944 1393 sas.
977 1362 1142 1393 D.—-Duo
1159 1362 1252 1393 codd.
1269 1362 1440 1392 rotundius
1462 1367 1495 1392 et
1516 1361 1635 1392 melius

883 1411 1010 1446 ponunt
1036 1416 1081 1436 me
1107 1410 1183 1435 ante
1214 1406 1306 1435 modo.
1359 1405 1483 1435 Omnes
1516 1403 1634 1435 Faerni

883 1447 975 1479 codd.
996 1448 1117 1479 habent
1138 1450 1212 1478 dare
1233 1458 1318 1482 sese,-
1340 1457 1426 1478 unus
1448 1457 1490 1478 ex
1513 1446 1634 1478 nostris

883 1490 976 1531 ponit
992 1502 1055 1522 sese
1070 1493 1145 1521 dare
1154 1503 1166 1526 ;
1189 1490 1272 1521 alter
1286 1489 1449 1532 primariae
1465 1495 1551 1520 notae
1567 1500 1631 1520 sese

884 1543 949 1564 non
965 1533 1079 1569 habet;
1104 1533 1189 1573 quod
1203 1543 1278 1564 cum
1293 1532 1329 1564 in
1343 1542 1439 1564 versu
1460 1532 1631 1570 redundet,

884 1575 955 1617 lege
971 1578 1051 1612 dari,
1066 1581 1104 1607 ut
1119 1585 1227 1616 supra,
1245 1575 1266 1606 i.
1286 1577 1315 1606 2.
1335 1576 1386 1606 20.
1420 1575 1458 1606 B.

931 1618 979 1651 17.
1004 1620 1081 1650 Item
1097 1620 1162 1649 alia
1176 1617 1290 1658 multa]
1309 1618 1399 1649 Bene
1413 1617 1542 1649 distulit
1555 1627 1631 1649 nar-

882 1661 1052 1699 rationem,
1083 1671 1134 1697 ne,
1166 1661 1194 1692 si
1227 1661 1378 1692 audirent
1406 1660 1570 1692 Charinus
1599 1666 1634 1692 et

883 1704 1032 1745 Byrrhia,
1048 1704 1199 1735 desinant
1212 1703 1303 1735 dolos
1317 1710 1443 1735 struere
1461 1704 1634 1735 adversum

884 1747 1166 1788 vigilantissimum
1183 1757 1305 1778 senem.
1345 1748 1422 1778 Item
1438 1749 1502 1777 alia
1516 1745 1632 1787 multa]

884 1790 1062 1821 Commoda
1079 1789 1221 1820 narratio
1240 1800 1260 1820 a
1282 1789 1473 1820 necessariis
1495 1795 1636 1820 tantum.

888 1833 999 1863 Minas
1014 1838 1122 1863 autem
1145 1831 1232 1863 senis
1254 1831 1471 1873 praetermisit,
1495 1842 1537 1862 ne
1561 1842 1634 1862 cor-

886 1881 1052 1916 rumperet
1087 1875 1181 1911 bona,
1212 1884 1284 1915 quae
1320 1874 1504 1905 nunciabat.
1560 1876 1637 1908 Quae

886 1929 965 1948 nune
979 1929 1036 1948 non
1052 1923 1098 1948 est
1112 1919 1261 1948 narrandi
1276 1916 1374 1958 locus]
1399 1917 1476 1948 Non
1491 1917 1562 1948 vult
1583 1917 1635 1948 di·-

887 1970 970 1997 cere,
984 1970 1080 2000 quam
1096 1960 1266 1991 minaciter
1278 1970 1389 1991 secum
1405 1959 1509 2001 egerit
1523 1970 1636 1998 senex,

887 2013 1046 2043 quamque
1075 2002 1176 2034 instet
1213 2002 1347 2044 nuptiis,
1376 2013 1419 2034 ne
1455 1983 1636 2034 Charinuni

888 2045 1124 2087 Byrrhiamque
1148 2046 1189 2077 de
1216 2055 1274 2087 spe
1300 2045 1440 2086 dejiciat,
1462 2056 1543 2087 quos
1564 2046 1638 2077 vult

887 2099 997 2120 secum
1012 2088 1125 2126 adniti,
1142 2099 1183 2120 ne
1205 2098 1340 2120 uxorem
1363 2088 1554 2130 Pamphilus
1574 2089 1635 2121 du-

887 2138 949 2163 cat.
991 2133 1066 2166 Quae
1086 2111 1183 2172 nvinc]
1204 2132 1443 2172 Argumentum
1464 2138 1524 2169 est,
1547 2141 1635 2172 quae-

885 2185 958 2206 rere
974 2174 1118 2216 potuisse
1134 2184 1208 2205 eum
1225 2174 1279 2214 qui
1302 2174 1345 2205 sit
1367 2174 1509 2206 territus.
1548 2174 1636 2205 Nam

886 2217 983 2248 timor
992 2228 1102 2249 curam
1114 2217 1210 2259 parit.
1245 2218 1408 2248 Nar-randi
1421 2216 1519 2258 locus]
1534 2217 1637 2248 Modo

886 2267 1025 2302 tempus,
1042 2261 1192 2302 spatium.
1225 2260 1267 2291 D.

932 2305 981 2334 18.
1006 2305 1177 2344 Properans
1189 2302 1352 2343 percurro]
1374 2302 1460 2334 Vide
1481 2308 1639 2344 quantum

888 2346 1018 2384 dixerit,
1049 2357 1225 2387 properans,
1257 2352 1290 2377 et
1313 2357 1469 2386 percurro,
1495 2353 1533 2377 ut
1560 2356 1638 2378 con-

889 2389 1104 2421 tinuationem
1121 2400 1237 2420 cursus
1251 2388 1446 2420 ostenderet.
1479 2389 1522 2420 D.

935 2434 984 2464 19.
1016 2434 1075 2464 Ubi
1091 2437 1120 2463 te
1135 2444 1193 2464 non
1211 2430 1346 2472 invenio]
1369 2433 1438 2468 Ubi,
1455 2431 1552 2463 modo
1572 2442 1641 2463 non

891 2481 941 2507 est
969 2475 1158 2507 adverbium
1187 2475 1260 2513 loci,
1291 2474 1349 2506 sed
1386 2474 1551 2516 temporis,
1581 2485 1643 2549 prA⁰

886 2524 1056 2559 postquam.
1116 2520 1176 2549 Ubi
1206 2523 1236 2550 te
1266 2529 1324 2548 non
1359 2519 1486 2554 invenio,
1517 2516 1642 2558 ibiJA

891 2572 1018 2593 summo
1033 2560 1098 2592 ad
1090 2571 1191 2592 unum
1214 2560 1400 2598 divisiones,
1417 2560 1535 2601 quibus
1555 2560 1645 2593 dim

892 2611 926 2636 et
938 2605 1022 2635 facta
1037 2604 1264 2635 continentur·
1257 2627 1264 2633 .
1289 2603 1349 2634 sub
1365 2613 1501 2643 quorum
1523 2613 1643 2645 genere

893 2654 970 2679 sunt
986 2647 1111 2689 species
1134 2656 1220 2677 nunc
1243 2645 1414 2683 dictorum,
1431 2656 1519 2678 nuno
1542 2646 1642 2677 faeto-

752 2701 848 2733 argu-
892 2701 976 2727 rum,
993 2700 1066 2721 cum
1082 2689 1341 2720 consideratione
1357 2699 1466 2720 rerum
1486 2699 1642 2731 persona-

893 2743 1038 2773 rumque.
1073 2732 1223 2769 D.—Ibi,
1239 2731 1326 2772 quod
1340 2741 1360 2762 a
1374 2731 1501 2763 duobus
1523 2731 1644 2763 nostris

894 2777 994 2813 abest,
1010 2785 1070 2816 ego
1082 2785 1194 2806 versus
1205 2774 1310 2815 gratia
1319 2784 1444 2816 repono
1454 2780 1530 2816 post
1541 2785 1644 2815 quen-

895 2819 980 2850 dam.
1033 2819 1142 2858 Atque
1171 2819 1299 2849 aecendo
1326 2824 1418 2849 muto
1445 2817 1480 2848 in
1510 2819 1645 2854 escendo,

897 2861 983 2903 quod
995 2860 1098 2901 magis
1110 2867 1160 2891 est
1172 2870 1190 2891 e
1206 2866 1270 2891 vet.
1283 2859 1527 2898 consuetudine,
1544 2866 1579 2891 et
1592 2870 1645 2891 re-

897 2904 1024 2946 peritur
1039 2903 1074 2933 in
1090 2903 1160 2934 cod.
1176 2909 1287 2934 vetere
1301 2903 1430 2944 Guyeto
1444 2903 1524 2935 viso.
1557 2903 1595 2934 B.

944 2948 995 2977 20.
1019 2945 1196 2986 Nusquam]
1213 2945 1325 2983 Deest,
1337 2948 1411 2977 vidi.
1453 2947 1547 2977 Video
1562 2948 1646 2986 Byr·

900 2988 1016 3029 rhium]
1043 2989 1144 3020 Deest
1170 2999 1296 3027 servum,
1320 2995 1353 3020 et
1378 2995 1485 3025 recte;
1521 2988 1647 3020 dixerat
