1852 3216
126 157 264 187 semu
286 143 368 196 iv.]
428 134 1248 183 HEAUTONTIMORUMEN
1262 135 1362 178 OS.

184 233 254 275 Eo
293 229 559 274 traducenda
593 236 675 271 est.

271 297 459 353 Egone?
489 303 715 351 argentum
733 294 860 345 cudo,

743 227 856 270 BAc.
890 226 1035 275 Quam
1065 241 1155 269 rem
1185 225 1312 282 agis?
1355 223 1510 267 scelus.

1570 134 1656 176 325

1573 223 1654 265 Sr.

186 363 319 412 Quod
339 362 418 404 tibi
437 361 549 403 dem.
601 360 712 403 Bac.
734 359 924 416 Dignam
941 373 1008 401 me
1028 365 1171 415 putas,
1193 371 1320 413 quam
1340 355 1523 398 illudas?
1575 354 1654 397 SY.

271 427 376 470 Non
396 434 465 470 est
485 434 659 469 temere.

130 505 171 535 20
187 494 297 537 BAc.
322 491 523 536 Etiamne
554 500 694 534 tecum
723 490 792 534 hic
822 505 892 534 res
920 490 1025 533 mihi
1054 492 1151 533 est?
1201 489 1280 531 SY.
1303 487 1507 531 Minime:
1538 493 1661 528 tuum

273 560 351 602 tibi
370 559 522 601 reddo.

189 627 300 669 BAc.
324 625 479 667 Eatur.

539 624 616 666 SY.
641 623 833 678 Sequere
863 622 969 666 hae:
1001 622 1126 674 heus,
1156 622 1337 664 Dromo.

1397 620 1521 663 Dao.
1548 619 1661 668 Quis

272 706 340 733 me
360 690 476 732 volt?
527 689 605 731 SY.
627 688 777 744 Syrus.
828 688 951 731 DRo.
975 689 1095 737 Quid
1116 696 1184 731 est
1203 688 1296 730 rei?

190 758 269 799 Sv.
291 755 482 799 Ancillas
503 769 649 797 omnes
671 753 902 796 Bacchidis
923 755 1101 797 traduce
1121 754 1208 796 huc
1228 753 1284 795 ad
1302 767 1378 794 vos
1398 765 1601 807 propere.

190 823 314 866 Dao.
345 821 667 870 Quamobrem?
727 820 806 862 SY.
835 820 908 863 Ne
934 835 1129 877 quaeras:
1163 818 1360 869 efferant,
1390 832 1489 872 quae
1518 830 1665 859 secum

276 889 361 931 huc
381 885 631 930 attulerunt.

192 953 395 1010 Sperabit
415 959 599 994 sumtum
619 952 701 993 sibi
721 965 854 993 senex
872 950 1060 992 levatum
1079 964 1174 991 esse
1194 947 1372 990 harunc’
1393 946 1529 989 abitu.

135 1030 176 1059 25
193 1020 278 1062 Nae
297 1018 366 1061 ille
385 1017 504 1059 haud
525 1017 620 1067 scit,
641 1015 816 1072 paulum
835 1015 957 1066 lucri,
978 1022 1187 1071 quantum
1205 1015 1245 1056 ei
1266 1013 1409 1055 damni
1429 1018 1646 1068 apportet.

191 1086 265 1129 Tu
294 1084 433 1127 nescis
462 1083 522 1133 id,
554 1082 671 1138 quod
703 1083 802 1135 scis,
833 1081 1015 1132 Dromo,
1047 1081 1083 1122 si
1119 1080 1275 1136 sapies.

278 1151 410 1193 dices.

136 1265 198 1296 tus,
219 1256 343 1289 scilicet
357 1255 482 1287 ancillae
503 1255 625 1292 decem,
642 1259 675 1285 et
695 1253 805 1285 caeteri
824 1263 879 1285 co·

136 1301 231 1333 mites
245 1300 301 1342 qui
316 1306 485 1331 venerunt.
516 1298 556 1329 E.

184 1346 232 1376 18.
256 1342 319 1384 Eo]
343 1341 493 1373 Ridicule
515 1340 682 1372 additum:
708 1346 745 1371 ut
771 1339 814 1370 sit
837 1350 880 1376 eo,

136 1387 199 1419 loci
213 1385 412 1419 adverbium.
459 1386 556 1418 Quam
570 1394 633 1414 rem
647 1384 717 1423 agie
729 1385 746 1414 ἵ
767 1381 881 1423 scelus]

140 1431 181 1462 In
205 1429 341 1466 Andria,
372 1429 432 1459 Ubi
461 1432 508 1458 est
530 1428 596 1458 illic
620 1428 726 1457 scelus.
772 1425 817 1456 Et
841 1425 883 1456 ad

137 1473 348 1509 intellectum,
362 1481 427 1502 non
439 1470 480 1502 ad
495 1471 594 1501 verba
604 1468 772 1511 redigitur.
797 1469 884 1500 Nam

139 1523 173 1548 et
196 1518 303 1553 coelas,
327 1516 469 1547 scelestus
496 1512 697 1554 intelligitur.
743 1512 788 1543 Et
810 1512 884 1554 plus

138 1559 223 1591 dixit
237 1569 343 1600 quam,
358 1560 479 1589 sceleste
492 1570 503 1588 .·
526 1563 571 1594 ut,
592 1557 638 1587 Tu
659 1557 738 1586 nihil
750 1557 811 1586 nisi
831 1566 883 1586 sa-

137 1605 255 1644 pientia
269 1613 311 1633 es.
357 1599 499 1632 Martial.
521 1599 566 1631 xi.
583 1599 635 1630 92.
654 1599 684 1629 2.
707 1600 779 1630 Nou
794 1601 883 1629 vitio-

139 1657 191 1678 sus
219 1648 302 1677 hono
326 1656 367 1682 ee,
394 1645 490 1680 Zoile,
519 1645 574 1674 sed
601 1644 717 1673 vitium.
760 1644 884 1683 Argen·

140 1695 203 1720 eum
214 1687 305 1730 cudo]
318 1686 512 1719 seculariter
523 1685 616 1717 dixit.
656 1686 787 1716 caditur
797 1684 884 1716 enim

139 1734 279 1773 pecnnia,
308 1731 387 1762 dum
415 1729 621 1772 imprimitur.
667 1728 852 1769 C.—-Egone
868 1730 885 1758 ?

141 1781 300 1817 argent-tn
314 1773 405 1814 eudo]
428 1772 555 1809 Quaeris
569 1782 627 1803 cur
641 1778 675 1803 te
689 1771 730 1802 ad
745 1771 886 1802 Cliniam

142 1818 280 1850 transire
307 1817 403 1849 volo?
440 1822 611 1857 argentum
634 1814 735 1846 eudo:
768 1814 804 1845 id
827 1820 886 1852 est,

142 1862 286 1903 produco
313 1860 398 1902 quod
428 1859 488 1891 tibi
514 1859 597 1890 dem.
644 1859 728 1889 Cudo
756 1857 888 1899 proprie

142 1912 192 1936 est
213 1914 372 1946 compono
396 1902 447 1934 vel
472 1902 584 1938 tundo,
606 1900 692 1932 unde
715 1903 809 1938 incus,
832 1899 888 1931 ubi

144 1948 292 1980 tunditur
311 1947 441 1978 sermm.
480 1943 716 1976 n--Bembini
733 1945 800 1984 Ego
814 1953 888 1974 cum

142 1991 335 2023 deteriorem
359 1989 477 2021 efficiat
501 1994 670 2019 accentum
691 1987 749 2018 τοῦ
768 1988 866 2018 :celas
876 1999 889 2023 ,-

142 2045 217 2066 eum
233 2033 355 2066 nostris
371 2033 442 2074 lege
453 2033 560 2073 Egon’.
593 2031 631 2062 B.

190 2079 241 2109 19.
267 2079 364 2112 Quam
379 2074 537 2116 ῑιιιαιωῑ]
560 2074 600 2105 1n
617 2073 752 2111 Andria,
767 2075 890 2105 Adeone

143 2123 226 2153 vobis
237 2122 372 2152 videmur
386 2130 449 2151 esse
465 2120 574 2155 idonei,
589 2120 622 2148 iu
633 2119 742 2158 quibus
756 2119 801 2148 sic
815 2118 887 2148 illu-

144 2167 254 2196 datis?
290 2165 392 2195 Illudo
413 2165 446 2194 in
468 2167 507 2198 te,
525 2161 664 2203 septimo
677 2170 775 2191 casu:
801 2167 835 2192 et
849 2161 889 2191 il-

146 2210 216 2239 ludo
229 2213 268 2245 te,
283 2205 466 2238 accusativo
480 2204 627 2236 dicimus.
666 2203 796 2235 Dicitur
810 2213 890 2244 quo-

146 2261 209 2292 que
223 2253 317 2282 illudo
331 2252 398 2281 tibi.
442 2250 514 2280 Non
528 2253 574 2279 est
588 2246 714 2288 temere]
731 2246 786 2277 Sic
809 2246 890 2277 dici-

147 2300 201 2325 tur
225 2294 354 2335 quando
378 2291 501 2333 aliquid
527 2291 565 2322 fit
592 2300 657 2322 non
680 2289 751 2321 sine
774 2300 806 2320 m

147 2337 282 2368 ratione.
314 2335 496 2370 c.-Quan·
510 2335 623 2366 illudas
634 2332 668 2374 2]
686 2333 750 2364 Per
760 2343 891 2364 accusa-

149 2379 251 2412 tivum
270 2390 381 2411 casum
402 2378 455 2410 bic
476 2377 599 2409 dictum
621 2383 679 2408 est.
724 2376 892 2417 Virgilius,

153 2422 230 2454 AEu.
254 2422 288 2454 ii.
311 2423 583 2462 64.—-certanlque
617 2422 744 2451 illudere
781 2425 892 2460 capto.-

152 2475 212 2507 per
236 2465 390 2497 dativum.
437 2465 521 2496 Item
550 2464 631 2506 ipae,
653 2463 730 2494 AEn.
753 2462 797 2494 ix.
820 2463 893 2494 634.

152 2510 251 2540 verbis
279 2511 420 2539 virtulem
444 2509 538 2538 illude
559 2508 706 2547 superbis.
738 2506 895 2538 E.—Non

153 2557 200 2583 est
215 2550 340 2592 mne]
357 2551 422 2582 Mn.
434 2551 475 2581 R.
491 2551 561 2582 Non
576 2552 631 2581 hoc
646 2555 754 2581 temere
770 2555 824 2581 est.
856 2549 893 2580 1..

197 2595 248 2625 20.
265 2593 346 2634 Hic]
363 2595 401 2624 In
416 2595 472 2624 hac
485 2604 528 2630 re,
545 2599 582 2624 ut
601 2593 642 2624 ad
663 2593 895 2624 Menedemum

155 2637 312 2668 traducar.
353 2636 414 2667 Est
434 2635 522 2667 enim
544 2645 619 2667 cum
641 2635 894 2676 interrogatione

154 2681 336 2722 legendum,
359 2679 415 2716 ita,
437 2685 475 2710 ut
495 2686 602 2719 neget,
624 2689 690 2709 non
707 2679 834 2710 venisse
856 2689 895 2710 ea

153 2723 267 2765 gratia.
298 2723 522 2754 C.—-Etimmoe
544 2727 595 2752 est
614 2721 729 2758 adhuc,
745 2721 894 2763 amplius,

155 2767 287 2799 diutius.
325 2766 403 2797 Non
418 2764 517 2806 igitur
530 2773 615 2804 oegre
630 2763 701 2801 fert,
717 2764 803 2805 quod
821 2775 895 2796 cum

156 2821 250 2842 servo
271 2808 333 2841 sibi
356 2819 409 2840 res
430 2807 491 2843 sit5
514 2809 572 2838 sed
593 2806 677 2847 quod
699 2812 764 2837 tam
786 2806 843 2838 diu
861 2816 899 2838 et

157 2854 295 2889 suasum
319 2862 394 2884 cum
409 2852 479 2892 ejus
494 2849 661 2891 promissae
675 2849 787 2881 decem
801 2849 899 2882 minae

157 2907 223 2929 non
253 2902 439 2939 appareant.
485 2893 674 2936 Respondet
696 2893 805 2934 Syrus,
832 2894 897 2925 un·-

1337 1078 1459 1120 Dno.
1492 1077 1667 1120 Mutum

922 1254 1011 1290 nime,
1042 1251 1165 1283 diutius
1181 1263 1189 1282 :
1227 1251 1328 1283 reddo
1362 1249 1421 1282 tibi
1451 1256 1544 1287 tuum,
1581 1249 1613 1280 h.
1638 1259 1666 1280 e.

923 1295 1009 1336 quod
1032 1295 1091 1327 tibi
1111 1294 1275 1337 pollicitus
1289 1304 1371 1326 sum.
1408 1293 1459 1325 Cf.
1474 1293 1569 1325 Adel.
1585 1292 1619 1324 ii.
1636 1293 1668 1323 2.

968 1382 1020 1413 21.
1037 1380 1155 1422 Ealur]
1176 1379 1251 1412 Cito
1272 1380 1423 1418 flectitur,
1443 1385 1477 1411 et
1497 1378 1574 1420 quia
1594 1389 1666 1410 mu-

925 1424 987 1457 lier
1002 1431 1035 1456 et
1050 1423 1214 1462 meretrix,
1227 1434 1299 1465 quae
1314 1423 1454 1455 trahitur
1468 1422 1603 1454 minimo
1617 1422 1669 1453 lu-

926 1468 1016 1499 cello.
1051 1468 1097 1499 Et
1110 1472 1199 1499 eatur
1212 1466 1480 1509 impersonaliter,
1490 1477 1520 1507 q.
1531 1465 1561 1496 d.
1578 1476 1598 1496 α
1612 1476 1669 1502 ne,

926 1511 979 1543 vel
993 1522 1013 1542 α
1027 1513 1102 1542 meir
1115 1512 1245 1542 ancillis.
1276 1511 1487 1551 C.—Sequere
1505 1508 1580 1550 hac]
1604 1508 1669 1540 Ms.

927 1555 969 1586 R.
985 1565 1107 1595 sequere
1121 1565 1167 1585 me
1181 1556 1248 1585 hac.
1280 1553 1318 1585 L.

971 1599 1023 1628 23.
1032 1597 1228 1633 Quamobrem
1235 1595 1269 1638 2]
1278 1597 1402 1628 Dromo
1408 1601 1521 1638 utpote
1528 1594 1669 1627 tardius-

927 1641 1019 1672 culus
1040 1651 1106 1672 non
1129 1640 1284 1682 intelligit
1305 1640 1379 1682 Syri
1400 1638 1580 1670 consilium.
1619 1639 1671 1669 De

928 1695 967 1716 eo
982 1683 1139 1726 superius,
1154 1685 1211 1715 Ille
1228 1686 1336 1715 Cliniae
1349 1694 1452 1714 servus
1467 1683 1672 1713 tardiusculus

927 1732 983 1759 est.
1014 1728 1141 1759 c.-Et
1160 1726 1279 1767 serane,
1303 1726 1390 1768 quod
1415 1736 1528 1757 omnes
1553 1731 1672 1767 praeter

930 1770 1124 1802 Bembinum
1137 1770 1267 1807 habent,
1282 1780 1302 1801 a
1316 1780 1414 1802 sensu
1429 1768 1627 1810 repudiatur,
1639 1773 1673 1799 et

929 1820 1036 1845 ortum
1059 1820 1108 1844 est
1127 1814 1168 1844 ab
1189 1813 1322 1854 antiqua
1342 1812 1512 1854 scriptura,
1526 1810 1672 1852 ederant,

930 1856 952 1888 i.
966 1866 994 1887 e.
1010 1856 1153 1888 efferant.
1182 1856 1221 1887 B.

974 1901 1026 1930 24.
1042 1901 1179 1931 Simulum
1198 1901 1259 1930 sibi
1281 1896 1426 1938 matum]
1444 1898 1529 1929 Cum
1550 1896 1673 1928 disce&

931 1942 1011 1974 serit
1037 1949 1127 1973 tanta
1148 1942 1338 1973 ancillarum
1359 1940 1542 1978 multitudo,
1567 1939 1672 1971 domi-

931 1996 993 2017 nus
1008 1985 1117 2017 credet
1132 1985 1192 2016 sibi
1209 1985 1382 2016 allevatum
1396 1990 1548 2021 sumtum,
1564 1983 1599 2014 id
1614 1989 1674 2022 eat,

931 2029 1130 2071 impensam:
1155 2028 1213 2060 sed
1234 2027 1338 2059 nescit
1360 2038 1401 2059 ex
1417 2037 1455 2058 ea
1469 2037 1505 2058 re
1519 2027 1674 2058 damnum

933 2073 974 2103 ad
988 2082 1023 2103 se
1039 2082 1109 2103 esse
1122 2078 1304 2109 venturum,
1319 2071 1396 2103 dum
1411 2070 1471 2102 hac
1485 2080 1522 2101 re
1533 2070 1674 2101 maxime

932 2115 973 2147 ab
987 2126 1027 2146 eo
1042 2114 1286 2156 extorquebitur
1300 2119 1479 2156 argeutum.
1511 2113 1550 2144 E.

977 2160 1029 2190 25.
1045 2158 1213 2199 Damnum]
1231 2160 1381 2189 Damm
1402 2157 1452 2188 rei
1473 2163 1541 2193 est3
1563 2157 1675 2187 nalum

934 2212 1021 2240 vero,
1036 2200 1185 2233 hominis.
1210 2200 1377 2232 Persolvet
1387 2200 1543 2232 Chremes
1557 2210 1673 2240 argen-

934 2251 1004 2276 tum
1031 2255 1073 2276 ex
1099 2244 1224 2276 fallacia
1250 2244 1342 2286 Syri:
1374 2243 1460 2285 quod
1486 2243 1548 2274 erit
1571 2244 1676 2283 majus

934 2290 1084 2325 damnum,
1099 2298 1195 2329 quam
1215 2287 1242 2319 si
1261 2286 1493 2330 permansisset
1511 2285 1676 2317 meretrix.

935 2331 1188 2363 C.—Bentleius
1198 2331 1244 2362 ita
1252 2330 1363 2368 edidit,
1374 2332 1433 2361 Nae
1446 2331 1498 2360 ille
1511 2331 1595 2360 head
1607 2331 1676 2368 scil,

934 2375 996 2406 hoc
1007 2377 1133 2415 paulam
1147 2376 1228 2405 lucri
1240 2379 1384 2416 quantum
1399 2375 1450 2411 eii,
1465 2378 1521 2404 etc.
1552 2372 1590 2403 Z.

980 2419 1031 2450 26.
1052 2419 1097 2449 Tu
1116 2420 1214 2449 nescis
1234 2419 1277 2455 id,
1299 2419 1379 2458 quod
1398 2419 1467 2454 aeis,
1484 2414 1613 2457 ὒνοιιιο]
1636 2415 1676 2447 In

938 2461 1108 2498 Eunucho,
1122 2462 1167 2492 Tu
1179 2463 1240 2501 pol,
1253 2463 1281 2492 ei
1294 2463 1387 2501 sapis,
1404 2461 1484 2501 quod
1496 2461 1556 2490 scis
1570 2461 1677 2491 neseis.

939 2505 1015 2536 Non
1166 2514 1205 2536 us
1226 2506 1341 2535 nescire
1362 2503 1447 2544 quod
1466 2505 1598 2534 :cim-
1619 2502 1678 2534 aed

937 2548 994 2586 ita,
1010 2555 1047 2579 ut
1061 2549 1218 2579 concordia
1230 2549 1352 2578 discors.
1384 2546 1475 2587 virg.
1489 2544 1619 2577 AEneid.
1632 2544 1677 2577 xi.

938 2592 1012 2623 695.
1021 2593 1215 2632 sequiturque
1226 2595 1404 2631 sequentem.
1427 2590 1537 2620 Nescis
1547 2590 1591 2626 ia,
1599 2590 1681 2630 qnod

937 2634 1015 2676 seis]
1033 2635 1107 2666 Hoc
1128 2640 1177 2664 est
1193 2633 1278 2674 quod
1299 2632 1428 2670 dicitur,
1443 2634 1523 2673 quod
1539 2634 1610 2670 scis,
1623 2643 1678 2664 ne-

937 2680 1006 2709 scis.
1053 2676 1259 2708 Proverbiale
1285 2682 1344 2714 est,
1371 2682 1406 2707 et
1430 2675 1568 2707 mulmm
1591 2675 1679 2718 apud

938 2720 1123 2752 dialecticos
1138 2726 1327 2750 tractatum:
1350 2725 1397 2757 ut,
1403 2717 1492 2760 jacio
1505 2724 1539 2750 et
1552 2730 1611 2750 m
1619 2718 1678 2760 fu-

938 2767 993 2802 eio,
1010 2765 1298 2795 erowicus-umet
1316 2768 1516 2800 mmet
1534 2763 1680 2793 andioet

939 2819 998 2839 non
1018 2808 1119 2842 audio,
1135 2812 1168 2837 et
1187 2812 1302 2837 caetera
1322 2804 1516 2846 hujusmodi.
1546 2806 1680 2837 C.—-·Ta

940 2849 1054 2890 nescis]
1082 2849 1121 2880 ld
1147 2859 1217 2890 age,
1240 2855 1278 2880 ut
1299 2848 1441 2881 nescisse
1464 2847 1623 2884 videarisz
1647 2855 1681 2880 et

940 2892 996 2925 ille
1012 2902 1071 2935 per
1086 2891 1275 2932 ὑπερβολὴν,
1290 2897 1404 2925 nam
1417 2903 1463 2925 ne
1476 2894 1568 2925 dices.
1597 2892 1636 2924 E.
