1852 3216
548 133 621 176 IN
654 133 1172 179 PHORMIONEM.

1535 138 1620 180 559

213 219 446 271 Parasitus,
468 237 546 277 per
565 238 692 279 quem
712 238 781 266 res
802 232 955 279 agetur
973 241 1192 270 maxume:

154 294 195 324 ³0
212 285 422 328 Voluntas
443 295 586 330 vostra
607 290 643 331 si
662 289 717 331 ad
737 297 909 345 poetam
929 293 1169 334 accesserit.

211 351 325 394 Date
347 368 544 408 operam3
572 354 719 397 adeste
738 370 862 411 aequo
883 357 1020 399 animo
1040 373 1118 413 per
1138 357 1371 401 silentium:

208 416 279 459 Ne
301 418 421 459 simili
442 427 610 462 utamur
630 421 814 472 fortuna,
835 429 964 477 atque
985 424 1049 464 usi
1072 438 1232 473 sumus,

207 482 352 530 Quum
374 499 451 539 per
471 485 696 528 tumultum
713 494 858 529 noster
877 502 984 542 grex
1005 496 1144 530 motus
1165 488 1336 531 loco'st:

206 548 348 596 Quem
368 551 523 592 actoris
543 552 676 593 virtus
697 553 818 594 nobis
839 553 1025 595 restituit
1044 553 1197 604 locum,

148 623 188 653 35
207 614 471 672 Bonitasque
491 625 634 659 vostra
651 619 866 674 adjutans,
887 626 1015 674 atque
1036 621 1340 675 aequanimitas.

286 836 537 884 ACTUS
587 837 813 885 PRIMI
859 837 1110 886 SCENA
1153 839 1413 892 PRIMA.

767 964 933 997 DAVUS.

202 1044 378 1087 Amcus
397 1061 583 1088 summus
603 1060 721 1088 meus
741 1054 785 1088 et
804 1045 1021 1102 popularis
1044 1046 1160 1089 Geta

87 1166 136 1198 bri
152 1167 305 1198 exhibent
316 1170 425 1208 partis.
458 1168 542 1199 Nam
558 1167 643 1208 apud
659 1173 782 1199 veteres
797 1167 825 1199 si

87 1210 249 1251 genitivus
263 1211 306 1252 pl.
323 1212 356 1242 in
373 1214 434 1242 ium
447 1211 523 1249 exit,
544 1211 744 1242 accusativus
767 1211 824 1242 ha-

87 1254 141 1285 bet
155 1256 191 1291 ir,
208 1264 272 1285 non
288 1266 327 1285 es.
361 1254 397 1285 B.

130 1298 180 1328 29.
198 1299 259 1328 Per
273 1309 356 1338 quem
376 1309 424 1329 res
446 1302 555 1337 agetur
573 1296 715 1338 maxime]
740 1297 826 1333 Quia

82 1342 191 1380 primae
204 1346 307 1380 partes
322 1340 417 1372 etiam
434 1340 520 1371 aliud
536 1340 734 1381 significant:
759 1351 825 1372 non

87 1394 163 1424 ergo
186 1394 270 1414 nunc
285 1383 424 1425 primum
441 1390 545 1414 actum
562 1383 649 1421 dicit,
666 1384 722 1414 sed
744 1396 824 1415 sum-

86 1438 150 1457 mas
164 1435 280 1468 partes.
307 1427 349 1458 Et
364 1428 444 1458 bene
459 1429 584 1457 maxime
599 1440 609 1457 :
632 1426 706 1467 quia
721 1434 752 1458 et
769 1437 826 1469 per

85 1470 173 1501 alios.
204 1471 349 1501 D.—Res
365 1468 488 1511 agetur]
508 1470 541 1500 M
546 1480 569 1500 s.
584 1470 623 1500 R.
637 1476 768 1510 geretur.
788 1471 823 1501 L.

84 1513 278 1554 —Plerique
290 1514 379 1544 codd.
394 1514 479 1554 iique
491 1513 638 1544 meliores
650 1524 708 1554 pro
717 1519 826 1554 agetur

85 1556 204 1587 habent
216 1562 349 1597 geretur.
383 1557 418 1587 B.

129 1601 179 1630 30.
202 1601 343 1630 Voluntas
354 1605 453 1630 vestra
467 1602 495 1630 si
510 1601 551 1630 ad
562 1605 678 1639 poetam
693 1611 823 1631 accesse-

84 1645 136 1680 rit,
168 1645 238 1674 date
261 1643 395 1684 operam]
420 1645 454 1674 Si
483 1645 618 1674 voluntas
646 1646 823 1674 accesserit:

83 1696 152 1727 pro,
170 1686 197 1717 si
213 1686 371 1717 faveritis:
389 1696 471 1717 nove
486 1686 532 1717 sie
548 1686 671 1724 Cicero,
683 1686 771 1717 Fam.
781 1686 823 1717 iv.

87 1730 135 1760 13.
153 1731 340 1766 voluntatem,
356 1740 415 1771 pro
430 1730 536 1760 favore
551 1729 651 1770 ponit.
684 1729 724 1760 D.

127 1773 178 1803 31.
196 1774 308 1803 Adeste
334 1784 417 1813 cequo
443 1772 556 1813 animo]
587 1773 691 1803 Favor
712 1773 747 1803 in
770 1783 822 1803 co—

83 1815 201 1847 moedia
224 1815 388 1846 silentium
414 1815 601 1857 spectatoris
622 1822 679 1846 est.
723 1816 824 1847 Recte

83 1869 160 1900 ergo
175 1858 298 1889 addidit
315 1870 372 1898 per
392 1861 553 1890 silentium.
589 1861 688 1899 AEquo
708 1859 822 1900 animo]

85 1902 180 1933 Nunc
210 1901 388 1944 propositio
417 1909 475 1933 est.
515 1902 714 1933 D.—Adeste
741 1914 824 1943 aequo

82 1944 198 1986 animo]
231 1945 402 1986 Subjungit
432 1945 519 1976 illam
555 1945 820 1983 benevolentiam,

82 1998 178 2029 quam
207 1998 334 2029 semper
364 1987 446 2030 petit
474 1988 642 2030 prologus:
674 1994 707 2019 et
731 1995 822 2030 rogat

81 2031 180 2063 etiam
196 2039 232 2063 ut
247 2031 395 2062 audiatur
409 2042 482 2062 cum
497 2031 634 2062 silentio.
665 2032 703 2062 E.

126 2076 176 2105 32.
196 2077 246 2106 Ne
267 2077 360 2105 simili
382 2080 502 2106 utamur
514 2074 642 2115 fortuna
662 2080 753 2116 atque
774 2077 823 2106 usi

79 2117 198 2159 sumus]
231 2118 282 2149 Ne
312 2118 467 2159 populum
502 2117 642 2155 laederet,
665 2117 823 2158 sor-tunam

81 2161 196 2192 maluit
217 2171 374 2192 accusare.
415 2162 550 2192 D.—Ne
571 2163 663 2192 simili
675 2159 820 2203 fortuna]

83 2204 189 2236 Datur
212 2204 265 2236 hic
291 2204 438 2245 intelligi,
465 2204 549 2245 quod
575 2204 642 2235 haec
666 2204 822 2235 comoedia

80 2254 154 2289 post
163 2247 250 2279 illam
262 2247 460 2285 comoediam,
474 2258 543 2289 quae
552 2247 670 2278 dicitur
683 2248 821 2288 Hecyra,

80 2296 147 2321 est:
171 2297 207 2322 ut
229 2291 289 2322 hoc
310 2291 362 2322 hic
386 2291 536 2332 tetigerit,
558 2301 598 2322 ne
621 2291 676 2322 tali
696 2291 823 2322 fortuna

81 2340 218 2371 utamur,
249 2345 311 2375 qua
340 2334 390 2365 usi
417 2345 536 2371 sumus,
567 2334 823 2375 frequentissime

81 2376 212 2408 exclusi.
262 2377 445 2418 Aliquando
474 2384 582 2409 tamen
611 2388 683 2408 cum
714 2377 821 2409 labore

81 2420 222 2451 maximo
232 2421 421 2452 comoediam
435 2421 568 2462 egimus,
582 2420 699 2452 virtute
714 2421 822 2462 potius

80 2463 317 2504 perseverantis
337 2463 462 2501 actoris,
484 2464 538 2505 qui
561 2464 678 2495 totiens
700 2464 744 2495 sit
764 2474 820 2495 ex-

82 2505 199 2537 clusus.
245 2506 297 2538 Ne
321 2512 444 2538 tantum
471 2507 562 2548 quasi
588 2507 705 2538 actoris
733 2507 822 2538 illam

81 2548 268 2580 comoediam
283 2549 395 2581 fecerit
409 2550 512 2581 audiri
527 2550 654 2587 virtute,
671 2550 727 2582 sed
744 2561 818 2592 per-

79 2592 278 2628 severantia3
302 2598 334 2623 et
349 2603 390 2624 ne
406 2603 447 2624 ex
461 2593 520 2624 hoc
536 2593 684 2634 injuriam
701 2593 820 2635 populo

79 2634 217 2672 fecisset,
244 2635 371 2675 adjecit,
393 2637 523 2667 Bonitas
545 2642 645 2668 vestra
665 2637 819 2677 adjutam,

78 2683 168 2719 atque
182 2681 399 2719 aequanimitas.
431 2679 470 2710 E.

123 2723 174 2752 33.
194 2721 290 2756 Quam
302 2733 358 2762 per
373 2724 530 2753 tumultum
543 2721 660 2763 noster]
676 2722 821 2764 Apparet

80 2764 244 2806 Hecyram
264 2771 338 2796 ante
362 2765 587 2796 Phormionem
602 2772 705 2796 actam
728 2776 817 2796 esse:

77 2807 130 2839 cui
158 2807 294 2849 contigit
314 2808 348 2839 id
372 2807 457 2849 quod
483 2808 638 2848 queritur,
667 2808 821 2850 populum

77 2852 301 2882 subaccusans.
346 2853 458 2882 Noster
475 2862 553 2892 grex
566 2856 661 2882 motus
682 2853 744 2882 Ioco
757 2851 819 2892 est]

77 2895 186 2931 Locus,
203 2901 251 2926 est
263 2894 445 2926 distributio
458 2900 647 2936 temporum,
663 2905 734 2935 quae
748 2894 816 2925 cui-

78 2947 140 2978 que
162 2937 195 2969 in
218 2937 435 2979 spectaculum
451 2945 586 2969 venturo
601 2938 820 2969 attribuuntur

77 2980 119 3012 ab
145 2980 314 3014 AEdilibus.
361 2980 455 3012 Unde
482 2983 543 3012 loco
568 2986 663 3013 motus
691 2981 818 3019 dicitur,

869 1167 923 1209 qui
938 1179 1012 1199 suas
1034 1169 1128 1200 horas
1144 1179 1208 1200 non
1224 1169 1398 1202 obtinuerit
1421 1170 1506 1203 inter
1527 1183 1609 1214 prae-

868 1211 1017 1242 cedentes
1033 1219 1065 1243 et
1079 1220 1315 1245 consecuturos.
1360 1214 1448 1255 Ergo
1471 1216 1609 1257 proprie.

869 1255 921 1285 Sic
935 1263 968 1285 et
983 1255 1105 1292 Cicero,
1121 1256 1215 1287 Catil.
1239 1256 1271 1287 ii.
1292 1258 1318 1287 1.
1342 1258 1421 1288 Loco
1441 1260 1493 1289 ille
1514 1265 1610 1291 motus

867 1303 921 1335 est,
938 1309 1025 1338 quum
1040 1305 1086 1329 est
1099 1310 1136 1329 ex
1151 1301 1224 1330 urbe
1236 1302 1350 1339 pulsus.
1383 1301 1423 1331 D.

911 1343 961 1371 34.
988 1341 1080 1375 Quem
1095 1345 1205 1373 actoris
1221 1343 1333 1384 virtus]
1352 1343 1479 1385 Ubique
1500 1344 1610 1376 laudat

868 1391 1027 1415 actorem:
1064 1392 1112 1416 est
1136 1385 1221 1416 enim
1251 1393 1356 1428 poetae
1378 1387 1466 1419 utile.
1514 1387 1608 1422 Quem

868 1430 979 1458 actoris
990 1427 1103 1468 virtus]
1116 1428 1180 1463 Qui
1190 1429 1338 1460 exclusus
1348 1430 1452 1467 toties,
1465 1431 1609 1463 animum

869 1481 932 1501 non
955 1471 1116 1511 abjecerit,
1138 1471 1194 1502 sed
1218 1473 1471 1514 perseveraverit
1492 1485 1607 1515 agere:

868 1512 940 1544 ideo
956 1516 1060 1544 virtus.
1095 1516 1243 1546 Restituit
1256 1515 1365 1556 locum]
1383 1517 1473 1548 Bene
1488 1517 1608 1559 repeti-

868 1556 914 1587 vit
930 1556 1043 1594 locum,
1057 1565 1093 1588 ut
1108 1557 1302 1598 ἀμφιβολίαν
1317 1559 1448 1591 vitaret:
1473 1571 1608 1602 nequem

868 1602 1025 1631 tumultum
1041 1601 1146 1632 (licere
1162 1601 1332 1633 videretur.
1365 1603 1407 1634 D.

911 1644 961 1674 35.
993 1645 1177 1685 Bonitasque
1206 1651 1305 1676 vestra
1334 1646 1487 1687 adiutans,
1517 1653 1608 1688 atque

866 1686 1090 1727 aequanimitas]
1117 1689 1245 1719 Bonitas
1271 1688 1305 1719 in
1331 1690 1480 1721 omnibus
1508 1701 1607 1732 gene-

867 1729 977 1760 raliter
996 1731 1091 1761 rebus
1107 1737 1172 1762 est:
1210 1733 1436 1772 AEquanimitas
1458 1733 1493 1764 in
1515 1744 1607 1776 spec-

869 1773 973 1803 tando.
1019 1774 1072 1804 An
1089 1775 1204 1805 bonitas
1220 1774 1254 1805 in
1277 1776 1449 1816 probandis
1470 1776 1522 1808 his
1536 1788 1608 1818 quae

869 1816 951 1846 bona
978 1823 1061 1853 sunt,
1092 1820 1301 1858 oequanimitas
1333 1818 1367 1849 in
1403 1819 1608 1860 ignoscendis

867 1859 954 1890 vitiis
969 1867 1063 1900 utque
1079 1860 1227 1892 delictis?
1263 1862 1316 1892 An
1331 1862 1525 1901 ταυτολογία
1535 1865 1607 1895 est?

867 1902 920 1932 An
936 1904 1051 1934 bonitas
1061 1902 1146 1934 circa
1154 1914 1265 1935 omnes
1275 1916 1282 1934 :
1306 1907 1515 1945 aequanimitas
1523 1906 1608 1938 circa

865 1945 1052 1976 Terentium
1067 1947 1079 1976 ‘2
1112 1948 1295 1988 Bonitasque
1307 1947 1423 1989 vestra]
1436 1949 1488 1980 Ne
1503 1955 1607 1981 totum

865 1988 965 2020 actori
987 1989 1140 2027 tribuens,
1157 1989 1237 2020 nihil
1259 1990 1378 2032 populo
1399 1998 1517 2033 praeter
1537 1993 1606 2024 cul-

865 2042 940 2073 pam
965 2032 1133 2072 reliquisse
1159 2033 1331 2071 videretur‚
1357 2034 1488 2066 honoris
1511 2046 1607 2068 causa

865 2075 925 2105 hoc
940 2075 1071 2106 addidit.
1109 2076 1278 2118 Atijutans]
1296 2077 1349 2108 Sic
1363 2085 1487 2109 veteres
1498 2078 1606 2111 dicere

865 2117 1056 2156 maluerunt,
1075 2129 1169 2159 quam
1185 2120 1340 2161 adiuvans.
1373 2121 1414 2152 D.

912 2163 937 2192 1.
969 2164 1093 2193 Amicus
1117 2173 1246 2197 summus
1269 2175 1349 2195 meus
1372 2169 1402 2195 et
1429 2164 1602 2207 popularis]

865 2205 959 2240 Quod
980 2205 1014 2235 in
1038 2205 1185 2237 omnibus
1200 2206 1267 2237 fere
1289 2207 1464 2245 comoediis,
1483 2207 1518 2239 in
1534 2209 1605 2249 qui-

865 2248 925 2279 bus
947 2248 1099 2290 perplexa
1113 2255 1300 2289 argumenta
1320 2257 1405 2288 sunt,
1422 2250 1493 2282 fieri
1514 2251 1605 2290 solet,

865 2290 899 2322 id
926 2291 960 2322 in
983 2291 1042 2322 hac
1069 2302 1194 2332 quoque
1217 2293 1389 2324 Terentius
1412 2300 1538 2326 servat:
1569 2302 1607 2327 ut

865 2334 1053 2375 προτακτικὸν
1080 2333 1254 2374 πρόσωπον,
1284 2336 1318 2367 id
1347 2343 1405 2374 est,
1435 2347 1606 2378 personam

864 2386 954 2409 eXtra
970 2385 1202 2419 argumentum,
1226 2378 1356 2411 inducat
1372 2392 1379 2410 ε
1403 2381 1455 2411 cui
1471 2380 1547 2412 dum
1564 2382 1605 2413 ob

863 2421 923 2452 hoc
945 2420 1060 2462 ipsum,
1077 2421 1160 2462 quod
1177 2421 1276 2453 veluti
1291 2422 1395 2454 aliena
1418 2429 1484 2454 tota
1498 2423 1606 2457 fabula

864 2472 922 2501 est,
951 2471 1042 2505 gesta
1070 2474 1122 2495 res
1152 2472 1308 2503 narratur,
1335 2466 1439 2497 discat
1466 2467 1605 2509 populus

864 2514 989 2538 textum
1011 2517 1052 2539 ex
1080 2507 1279 2540 continentia
1305 2509 1351 2549 (et
1377 2510 1604 2553 continentiam)

862 2560 979 2587 rerum,
996 2550 1100 2591 sitque
1112 2550 1287 2583 instructus
1302 2552 1342 2583 ad
1357 2559 1481 2584 caetera.
1514 2556 1603 2586 Anti-

862 2605 914 2625 cus
939 2605 1068 2625 summus
1097 2605 1177 2626 meas
1201 2600 1231 2626 et
1255 2597 1412 2635 popularis
1437 2596 1532 2638 Geta]
1562 2598 1603 2630 In

862 2637 921 2668 hac
943 2647 1048 2674 scena,
1064 2647 1135 2678 quae
1152 2637 1286 2669 docendi
1306 2645 1402 2680 atque
1423 2639 1604 2672 instruendi

863 2679 1051 2721 spectatoris
1072 2690 1167 2711 causa
1188 2681 1361 2719 inducitur,
1383 2681 1464 2714 mire
1478 2683 1602 2715 extrin-

863 2733 954 2754 secus
966 2722 1090 2765 lepores
1103 2723 1287 2765 facetiaeque
1296 2731 1471 2757 cernuntur
1480 2732 1512 2758 et
1520 2727 1604 2760 sales

862 2765 985 2797 comici.
1032 2766 1071 2797 Id
1101 2766 1186 2797 enim
1214 2775 1264 2799 est
1289 2768 1368 2800 artis
1395 2769 1538 2811 poeticae,
1565 2777 1604 2804 ut

864 2819 961 2849 quum
984 2809 1159 2840 narrationi
1179 2811 1360 2851 argumenti
1374 2811 1467 2844 detur
1481 2823 1599 2856 opera:

859 2853 926 2892 jam
949 2858 1054 2883 tamen
1077 2862 1129 2884 res
1150 2853 1211 2894 agi,
1235 2860 1268 2885 et
1288 2854 1444 2887 comoedia
1463 2857 1602 2898 spectari

861 2895 1016 2926 videatur.
1061 2898 1185 2927 Amicus
1206 2907 1336 2929 samnius
1356 2909 1437 2930 nm
1456 2905 1487 2931 et
1503 2911 1600 2941 popu-

861 2940 936 2970 laria
953 2938 1048 2980 Geta]
1074 2939 1254 2972 Insinuatio
1271 2951 1417 2983 personae
1435 2943 1514 2983 ejus,
1529 2954 1601 2985 quae

862 2981 1025 3014 inducitur
1058 2982 1100 3014 ad
1135 2983 1331 3017 audiendum
1365 2992 1598 3028 argumentum.
