1910 3216
436 98 623 137 INDEX
654 100 982 138 VERBORUM
1015 100 1085 137 ET
1116 100 1439 138 PHRASIUM.

1756 107 1800 143 57-

64 188 128 210 res.
150 178 231 210 Hec.
248 178 294 210 iii.
314 180 342 216 1,
359 180 389 210 9.
422 179 520 211 Pueri
536 180 623 211 inter
654 189 719 211 non
756 180 859 212 amori
905 190 1036 222 operam
1076 181 1207 213 dabam.
1245 181 1374 213 Phorm.
1391 192 1420 214 v.
1439 183 1468 220 8,
1486 183 1537 213 23.

65 231 137 252 sese
165 232 245 262 quas
274 231 334 263 pro
361 221 488 254 levibus
514 223 622 256 noxiis
656 222 777 254 Heaut.
804 222 824 254 i.
853 224 880 261 1,
909 225 960 254 58.
1014 226 1106 255 Ιιιαο
1135 224 1206 265 qui-

64 266 130 295 ἕνα
143 270 270 305 gerunt.
297 265 377 295 Hec.
397 264 442 296 iii.
462 266 490 303 1,
504 267 554 296 30.

104 306 283 348 iracundia]
302 308 373 338 Prae
382 310 543 339 iracundia
554 318 620 339 non
636 339 637 343 ,

65 358 136 379 sum
152 349 239 390 apud
254 360 314 380 me.
341 350 461 381 Heaut.
479 360 508 381 v.
523 352 550 388 1,
566 352 618 383 47.

65 391 206 431 Adjutor
238 392 299 423 sim
337 394 406 432 ejus
440 395 617 425 iracundiae.

65 433 205 475 Adelph.
222 434 242 465 i.
266 436 295 471 2,
319 436 370 466 66.
416 436 526 467 Ardeo
553 438 616 468 ira·
636 451 638 457 ν

63 478 184 507 cundia.
203 477 342 519 Adelph.
359 477 405 509 iii.
423 480 452 515 2,
467 479 515 509 12.
545 479 618 510 Jam

63 529 140 550 vero
152 527 265 551 omitte
279 528 366 551 tuam
377 521 481 552 istanc
494 523 617 552 iracun-

63 563 155 592 diam.
178 562 318 604 Adelph.
333 563 375 594 iv.
394 564 425 601 7,
441 563 491 596 37.
531 563 617 596 Tan-

62 604 137 635 dem
152 605 293 646 reprime
308 608 508 644 iracundiam,
522 614 618 647 atque

62 646 101 677 ad
119 653 151 678 te
167 648 246 678 redi.
272 648 410 690 Adelph.
428 659 457 680 v.
475 650 505 686 3,
523 651 552 680 8.

105 690 287 731 iracundus]
320 692 403 722 Cum
433 691 474 722 de
505 692 618 723 eadem

61 742 159 763 causa
181 740 230 764 est
246 735 412 765 iracundus
427 734 530 766 factus
552 735 615 766 ini-

62 774 267 807 micissimus.
308 776 390 807 Hec.
422 777 468 808 iii.
504 779 531 814 1,
565 779 616 809 29.
634 776 636 785 '

63 817 149 849 Ecce
162 825 269 849 autem
283 825 317 850 tu
329 829 455 860 quoque
467 827 617 861 proterve

61 861 227 891 iracundus
251 871 295 892 es.
329 862 410 893 Hec.
435 862 481 893 iii.
506 864 536 899 5,
564 864 614 894 53.

62 902 183 934 Animo
198 906 344 935 iracundo
365 904 448 936 tulit.
473 905 556 936 Hec.
573 905 615 936 iv.

66 946 94 982 1,
113 946 163 976 53.

104 988 237 1029 irascor]
262 988 337 1020 Tibi
352 988 426 1030 ju‘re
441 992 536 1021 irasci
551 1000 616 1021 non

60 1037 166 1071 queat.
181 1031 266 1062 And.
277 1032 309 1062 ii.
323 1034 352 1069 3,
360 1034 411 1063 20.
441 1032 502 1063 Ille
511 1033 615 1064 conti·

60 1083 126 1104 nuo
135 1076 237 1111 irasci,
246 1085 350 1115 neque
360 1085 478 1116 negare
487 1075 615 1106 audere.

61 1115 147 1147 Eun.
164 1117 206 1147 iv.
227 1118 254 1154 1,
271 1120 301 1148 4.
340 1117 484 1148 Rursum
500 1120 615 1149 irasce-

61 1162 121 1190 re?
147 1159 284 1201 Adelph.
304 1160 324 1191 i.
343 1161 372 1197 2,
391 1161 441 1191 56.

103 1202 220 1243 iratus]
241 1203 323 1234 Mihi
336 1203 423 1234 Deos
438 1203 538 1235 fuisse
549 1206 614 1235 ira·

60 1250 115 1275 tos.
134 1245 218 1276 And.
237 1245 279 1276 iv.
294 1247 320 1282 1,
337 1247 388 1277 40.
421 1246 515 1281 Quod
530 1257 616 1278 nuno

60 1293 129 1318 tute
146 1294 252 1319 tecum
265 1291 364 1320 iratus
379 1289 509 1329 cogitas.
530 1289 613 1320 Eun.

59 1329 81 1360 i.
102 1331 128 1367 1,
147 1332 195 1361 19.
238 1332 344 1362 Iratus
357 1341 468 1362 senex.
494 1331 614 1363 Heaut.

61 1372 147 1403 Prol.
175 1373 226 1406 37.
278 1374 332 1405 Ne
359 1374 435 1414 quid
462 1374 495 1404 in
524 1374 615 1406 illum

60 1417 160 1446 iratur
171 1416 245 1457 plus
260 1416 338 1448 satis
350 1416 439 1447 faxit.
459 1417 579 1448 Heaut.
594 1417 614 1448 i.

61 1459 91 1493 2,
106 1459 156 1488 24.
189 1461 307 1490 Iratum
320 1460 502 1490 admodum.
523 1460 614 1491 Adel.

59 1500 105 1531 iii.
124 1502 153 1537 3,
171 1503 222 1532 49.
268 1502 343 1533 Tibi
367 1513 493 1543 quoque
516 1505 615 1533 iratus

60 1543 176 1584 edepol
202 1555 274 1575 sum
306 1545 449 1586 graviter
475 1545 613 1585 quidem.

62 1586 144 1616 Hec.
158 1586 200 1617 iv.
215 1589 245 1623 4,
261 1588 286 1617 1.
321 1588 371 1618 Ne
387 1594 420 1618 te
436 1590 535 1618 iratus
548 1588 615 1619 suis

59 1629 220 1660 saevidicis
235 1629 331 1661 dictis
346 1630 494 1671 protelet.
518 1631 614 1661 Phor.

59 1671 80 1701 i.
95 1673 124 1708 4,
143 1673 194 1703 36.
235 1672 374 1703 Memini
396 1673 536 1713 relinqui
553 1683 614 1710 me,

62 1714 134 1745 Deo
147 1717 227 1746 irato
243 1725 324 1746 meo.
341 1715 470 1746 Phorm.
485 1715 505 1746 i.
520 1717 548 1751 2,
564 1717 614 1746 24.

103 1759 140 1794 is,
150 1769 196 1794 ea,
207 1757 257 1798 id]
275 1759 314 1788 Id
323 1768 453 1799 operam
463 1758 514 1789 do.
529 1759 613 1789 And.

59 1799 80 1830 i.
102 1801 129 1836 1,
149 1802 218 1831 130.
264 1801 337 1831 Jam
359 1807 454 1831 aetate
477 1812 513 1832 ea
532 1811 613 1832 sum.

62 1842 144 1873 Hec.
162 1853 190 1874 v.
212 1844 237 1880 1,
258 1845 306 1874 ll.
355 1843 394 1874 In
413 1845 448 1874 id
466 1843 615 1875 redactus

60 1895 131 1916 sum
148 1885 220 1917 loci.
246 1886 374 1917 Phorm.
393 1897 422 1917 v.
441 1886 468 1923 7,
487 1887 538 1917 86.

103 1927 198 1968 istac]
225 1929 286 1960 Abi
311 1939 389 1960 sane
411 1931 499 1966 istac,
518 1929 613 1960 istor-

60 1981 142 2008 sum,
160 1971 282 2010 quovis.
310 1972 429 2002 Heaut.
446 1971 492 2002 iii.
510 1973 540 2009 3,
554 1972 605 2005 27.

103 2013 178 2054 iste]
197 2015 343 2049 Quorum
356 2014 502 2045 aemulari
515 2025 614 2056 exop-

60 2061 108 2087 tat
130 2057 375 2097 neclegentiam,
391 2057 500 2098 potius
519 2067 614 2098 quam

14 2122 16 2124 .
59 2101 185 2130 istorum
210 2101 379 2130 obscuram
402 2099 614 2140 diligentiam.

60 2141 147 2172 And.
177 2142 262 2173 Prol.
295 2144 346 2173 22.
392 2142 496 2182 Egon’
525 2142 614 2183 quic-

61 2194 156 2224 quam
181 2195 255 2216 cum
276 2187 345 2216 istis
365 2184 457 2216 factis
479 2185 537 2216 tibi
563 2195 614 2216 re-

60 2227 260 2267 spondeam?
287 2228 370 2259 Eun.
383 2227 404 2258 i.
422 2230 451 2264 2,
470 2227 520 2260 73.
552 2229 616 2259 Iste

61 2270 204 2301 Chaerea.
256 2271 320 2301 Iste
344 2270 487 2312 ephebus
516 2270 617 2302 frater

61 2311 228 2344 Phaedriae.
264 2313 349 2344 Eun.
374 2324 404 2344 v.
433 2314 460 2350 1,
487 2314 504 2346 7
530 2319 563 2344 et
585 2315 614 2344 8.

60 2356 157 2386 Istam
183 2355 297 2396 ipsam.
330 2356 414 2387 Eun.
440 2355 486 2387 iii.
510 2357 541 2393 5,
566 2357 615 2387 16.

61 2398 114 2429 Tu
134 2397 192 2429 tibi
215 2401 292 2430 istae
317 2398 451 2440 posthac
474 2398 614 2440 compri-

60 2440 141 2471 mito
161 2451 286 2472 manus.
312 2441 433 2472 Heaut.
452 2441 498 2472 iii.
517 2443 547 2479 3,
564 2442 615 2473 29.

62 2483 240 2515 Hominem
260 2486 351 2515 istum
370 2483 615 2524 inpurissimum

60 2536 156 2566 quam
162 2526 304 2568 primum
310 2526 510 2558 absolvitote.
522 2526 615 2558 Adel.

60 2569 94 2599 ii.
110 2570 140 2605 4,
153 2570 201 2599 18.
227 2569 284 2600 Nil
296 2569 349 2611 pol
361 2570 429 2609 jam
440 2571 524 2600 istaec
536 2569 616 2600 mihi

60 2622 113 2642 res
132 2611 307 2653 voluptatis
328 2611 446 2642 ferunt.
471 2612 555 2643 Hec.
571 2611 615 2643 iv.

104 2699 184 2734 istic,
210 2695 357 2736 adverb]
394 2696 510 2737 Neque
537 2699 618 2734 istic,

61 2749 167 2780 neque
182 2739 259 2770 alibi
276 2739 334 2770 tibi
355 2739 417 2770 erit
433 2749 568 2779 usquam
583 2739 617 2770 in

62 2792 115 2812 me
132 2791 230 2812 mora.
255 2782 341 2812 And.
357 2782 391 2812 ii.
410 2783 440 2818 5,
459 2783 508 2812 10.

106 2827 186 2861 istic,
205 2824 371 2865 pronum]
395 2825 482 2855 Istuc
501 2823 618 2866 ipsum.

65 2867 107 2898 D.
126 2867 234 2907 Atque
243 2869 323 2898 istuc
331 2867 437 2908 ipsum
448 2866 494 2897 nil
506 2866 620 2908 pericli

64 2915 124 2941 est.
143 2909 229 2940 And.
243 2909 276 2940 ii.
295 2911 387 2947 2,13.
419 2910 553 2940 Istucine
568 2909 619 2940 in-

1285 223 1398 265 jubeo]
1445 227 1542 256 Jubeo
1580 224 1796 256 Chremetem.

654 265 726 297 dem
757 266 953 297 contumelia
986 273 1045 298 est.
1085 267 1206 298 Heaut.
1242 266 1328 298 And.
1351 267 1397 298 iii.
1423 268 1500 304 3,1.
1545 267 1640 303 Quod
1655 267 1743 307 jum·
1766 267 1797 298 ei

654 309 802 391 11118ῗέηῇ
833 351 954 382 Iterum
978 354 1070 383 istinc
1095 352 1204 384 exclu—

653 393 752 424 dere?
779 394 861 425 Hec.
879 394 924 425 iii.
943 397 973 431 2,
989 396 1018 425 4.

696 436 881 477 istiusmodi]
896 437 963 468 Vos
976 447 1046 469 esse
1056 440 1206 469 istiusmo-

636 509 638 521 Ι
653 480 695 514 di,
709 486 743 510 et
758 489 817 510 nos
833 490 898 511 non
912 490 992 517 esse,
1006 480 1092 511 haud
1108 481 1205 512 mira-

653 521 768 553 bile’st.
795 522 914 553 Heaut.
931 522 965 553 ii.
983 524 1013 560 4,
1030 522 1058 555 7.

700 563 791 605 istoc]
825 565 973 596 Nimium
998 567 1073 597 istoc
1098 565 1204 597 abisti.

652 606 792 648 Adelph.
807 607 840 638 ii.
861 609 888 645 1,
908 609 956 638 15.

1242 309 1311 341 dari
1330 309 1449 348 bibere,
1466 316 1499 341 et
1513 316 1669 350 quantum
1691 310 1796 351 impe-

1242 352 1322 390 ravi,
1332 352 1416 384 date.
1435 353 1520 384 And.
1538 352 1583 384 iii.
1599 354 1625 389 1,
1637 354 1667 383 4.
1690 354 1796 390 Jubeo,

1242 405 1332 435 cogo,
1344 401 1440 436 atque
1454 395 1587 437 impero.
1611 395 1696 426 Eun.
1714 395 1747 426 ii.
1765 397 1795 432 3,

1242 438 1293 470 97.
1338 438 1404 474 Qui
1425 438 1488 470 scis
1510 449 1552 469 an
1581 448 1653 479 quae
1667 438 1798 479 jubeam

1241 479 1312 511 sine
1328 481 1360 512 vi
1379 480 1501 512 faciat?
1527 481 1611 512 Eun.
1630 481 1671 512 iv.
1689 482 1718 518 7,
1743 482 1794 512 20.

1243 522 1371 554 Fecisse
1381 523 1414 555 id
1423 523 1508 564 quod
1508 524 1672 565 jusseram.
1688 524 1795 555 Heau.

1241 564 1282 596 iv.
1304 566 1330 603 1,
1358 567 1409 597 48.
1462 566 1596 598 Factum
1623 572 1682 604 est,
1709 566 1796 607 quod

1231 607 1368 648 jussisti.
1394 609 1534 651 Adelph.
1561 620 1590 640 v.
1614 610 1644 647 9,
1669 610 1695 640 1.
1744 609 1796 640 Ita

703 650 860 691 istorsum]
897 650 961 682 Abi
998 660 1077 682 sane
1113 650 1204 688 istac,
1242 656 1277 681 ut
1283 650 1387 691 jubes,
1405 651 1530 683 faciam.
1556 652 1639 683 Hec.
1655 651 1698 683 iv.
1716 653 1746 690 3,
1763 652 1793 683 6.

635 694 801 730 jactatam,
818 693 941 733 quovis.
966 693 1086 724 Heaut.
1103 692 1149 724 iii.
1174 694 1203 730 3,
1241 693 1323 728 Quis
1361 701 1392 725 te
1429 694 1519 726 istaec
1547 694 1645 736 jussit
1682 694 1792 735 loqui?

634 735 703 770 Ι27.
749 736 899 767 Concede
930 735 1006 766 hinc
1036 746 1055 766 a
1083 735 1205 767 foribus
1241 735 1369 767 Phorm.
1386 736 1428 768 iv.
1443 739 1472 774 3,
1488 738 1539 768 34.
1571 738 1713 768 Tantum
1720 738 1794 778 jur·

651 777 784 818 paulum
799 781 941 810 istorsum
952 778 1055 810 sodes.
1073 778 1203 810 Phorm.
1238 789 1290 809 sus
1305 789 1386 810 sum.
1411 780 1541 811 Phorm.
1558 779 1599 811 iv.
1614 782 1644 817 4,
1661 782 1689 811 2.

651 830 680 851 v.
701 821 728 857 1,
748 822 796 852 14.

1282 822 1399 862 Judeae]
1416 823 1521 858 Quam
1535 822 1639 863 iniqui
1651 828 1728 854 sunt
1735 833 1793 865 pa-

693 863 788 904 istuc]
814 864 964 895 Concede
987 866 1067 895 istuc
1089 864 1202 905 paulu·
1240 869 1306 894 tres
1318 863 1350 894 in
1365 865 1470 896 omnis
1480 865 1696 897 adulescentis
1701 866 1794 906 judi-

650 904 726 936 lum.
745 906 829 937 Eun.
846 906 888 937 iv.
906 908 936 943 4,
950 908 1000 937 38.
1033 907 1112 938 Post
1126 909 1206 938 istuc
1239 909 1312 936 ces?
1330 907 1449 938 Heaut.
1467 907 1499 939 ii.
1521 909 1547 946 1,
1563 909 1587 939 1.
1620 909 1688 939 Vos
1704 908 1795 941 eritis

651 947 788 979 veniam.
812 949 931 980 Heaut.
949 948 973 980 ii
990 950 1018 986 3,
1037 950 1088 980 33.
1123 951 1205 980 Istuc
1231 948 1364 988 judices.
1393 950 1532 991 Adelph.
1559 950 1644 982 Prol.
1670 952 1700 981 4.
1745 951 1796 983 Te

650 989 746 1021 ibam.
771 991 910 1033 Adelph.
928 1002 957 1022 v.
975 992 1004 1028 3,
1022 992 1073 1022 35.

1229 990 1339 1030 judice
1354 992 1434 1033 ipso.
1458 993 1540 1024 Hec.
1557 993 1591 1024 ii.
1609 995 1638 1031 2,
1655 995 1703 1025 13.
1742 994 1796 1026 Ad

683 1033 1012 1074 ita,adverb.affirm.]
1023 1034 1203 1065 D.Mihin’?
1230 1033 1355 1073 judices
1371 1035 1548 1067 veniemus.
1573 1036 1703 1067 Phorm.
1720 1036 1741 1068 i.
1764 1039 1794 1074 2,

651 1075 683 1106 S.
707 1077 768 1107 Ita.
795 1076 881 1107 And.
899 1087 928 1108 v.
946 1078 976 1114 2,
994 1078 1022 1107 8.

1241 1077 1291 1108 79.
1325 1077 1378 1107 An
1388 1078 1556 1118 quisquam
1561 1079 1662 1119 jude-r
1670 1085 1729 1115 est,
1739 1079 1794 1120 qui

701 1117 791 1159 item]
826 1119 919 1150 Unus
948 1125 981 1150 et
1010 1122 1082 1150 item
1112 1119 1203 1150 alter.
1239 1119 1343 1160 possit
1353 1129 1487 1152 noscere
1502 1127 1558 1152 tua
1569 1123 1677 1161 Justa?
1696 1122 1793 1154 Phor.

651 1160 736 1191 And.
753 1161 773 1192 i.
791 1163 818 1198 1,
835 1163 886 1192 50.
918 1163 995 1193 Item
1011 1169 1048 1193 ut
1065 1162 1204 1193 Menan·
1239 1161 1272 1192 ii.
1293 1162 1320 1199 1,
1337 1163 1388 1194 49.

649 1203 699 1234 dri
719 1204 858 1235 Phasma
878 1215 964 1236 nunc
985 1215 1090 1246 nuper
1104 1205 1203 1236 dedit.

1272 1204 1445 1246 judicium]
1462 1207 1542 1238 Cras
1553 1214 1604 1238 est
1615 1206 1694 1238 mihi
1701 1207 1793 1248 judi-

650 1246 734 1277 Eun.
747 1247 832 1278 Prol.
846 1249 875 1278 9.
887 1247 960 1278 vide
974 1248 1087 1278 Notas.
1120 1247 1204 1279 Aliis
1238 1249 1326 1278 cium.
1351 1248 1435 1279 Eun.
1452 1249 1485 1280 ii.
1504 1251 1533 1286 3,
1547 1251 1599 1280 48.
1638 1250 1794 1282 Vostrum

650 1299 714 1320 non
731 1292 812 1320 item.
837 1290 921 1321 Eun.
938 1290 983 1321 iii.
1004 1291 1031 1327 1,
1049 1292 1077 1320 8.
1111 1290 1145 1320 Si
1163 1300 1204 1321 ex
1231 1289 1385 1329 judicium
1400 1291 1484 1322 fecit„
1508 1292 1629 1323 Heaut.
1643 1293 1728 1324 Prot.
1744 1295 1792 1326 12.

649 1331 755 1372 capite
778 1332 822 1363 sis
848 1343 921 1363 meo
944 1339 1050 1369 natus,
1072 1335 1144 1363 item
1169 1339 1204 1363 ut
1241 1331 1282 1362 Vi
1309 1340 1457 1364 coactum
1481 1341 1513 1365 te
1540 1345 1620 1372 esse,
1643 1335 1793 1373 invitum,

649 1374 741 1405 aiunt
757 1375 941 1406 Minervam
964 1386 1033 1406 esse
1054 1385 1096 1405 ex
1110 1375 1201 1407 Jove.
1237 1373 1319 1414 lege,
1336 1375 1466 1415 judicio.
1499 1377 1628 1408 Phorm.
1651 1378 1671 1408 i.
1694 1380 1723 1415 2,
1741 1380 1793 1410 36.

652 1417 771 1448 Heaut.
794 1428 823 1448 v.
848 1420 878 1454 4,
901 1419 948 1448 13.
991 1417 1050 1449 Ille
1073 1424 1109 1448 ut
1133 1420 1204 1448 item
1242 1417 1453 1458 Magistratus
1479 1419 1552 1455 adi;
1572 1420 1727 1460 judicium
1753 1421 1794 1453 de

649 1466 771 1497 contra,
781 1470 834 1491 me
845 1460 971 1497 habeat,
984 1460 1066 1491 facio
1081 1460 1202 1491 sedulo.

651 1502 789 1543 Adelph.
806 1502 827 1533 i.
848 1504 875 1539 1,
893 1504 943 1533 25.
983 1503 1050 1534 Sin’
1069 1505 1140 1534 item
1155 1509 1205 1534 est

649 1545 690 1575 ob
706 1555 777 1576 eam
800 1556 869 1576 rem
890 1545 1001 1577 iratus.
1027 1546 1108 1576 Hec.
1129 1556 1155 1577 v.
1174 1547 1202 1583 2,

653 1589 700 1618 14.
726 1588 800 1618 vide
815 1588 925 1619 Notas.

692 1630 768 1671 iter]
787 1632 854 1662 Iter
868 1631 928 1661 hac
944 1629 1051 1661 habui.
1077 1630 1161 1662 Eun.
1173 1641 1202 1662 v.

651 1674 679 1710 8,
697 1674 747 1703 35.
795 1673 931 1714 Pergam
951 1684 1015 1713 quo
1036 1673 1121 1714 coepi
1143 1674 1203 1705 hoc

650 1718 717 1746 iter.
745 1716 826 1746 Hec.
851 1717 871 1746 i.
895 1718 923 1753 2,
951 1716 1021 1747 119.
1067 1716 1142 1747 Ain’
1169 1722 1204 1747 tu

650 1758 708 1789 tibi
724 1759 784 1789 hoc
799 1758 1039 1789 incommodum
1056 1758 1203 1790 evenisse

650 1803 734 1832 iter?
759 1801 841 1832 Hec.
870 1801 916 1832 iii.
948 1802 978 1838 4,
1010 1802 1036 1831 1.
1083 1801 1204 1832 Evenit

1239 1459 1351 1491 eadem
1364 1472 1461 1492 causa
1475 1461 1593 1493 iterum
1610 1469 1646 1494 ut
1657 1463 1795 1495 reddant

1240 1501 1318 1533 tibi:
1348 1504 1607 1545 quandoquidem
1633 1505 1694 1536 soli
1717 1506 1795 1538 licet

1238 1544 1291 1575 hic
1315 1545 1356 1577 de
1381 1547 1494 1578 eadem
1517 1558 1614 1579 causa
1637 1548 1687 1580 bis
1700 1548 1793 1589 judi-

1238 1590 1318 1618 cium
1338 1589 1520 1630 adipiscier.
1546 1591 1674 1621 Pborm.
1700 1591 1733 1622 ii.
1762 1593 1793 1629 3,

1240 1630 1280 1663 57
1292 1638 1325 1662 et
1337 1633 1387 1663 59.
1421 1632 1502 1672 Ejus
1509 1633 1631 1673 judicio
1639 1634 1793 1674 permitto

1239 1674 1357 1705 omnia.
1383 1675 1512 1706 Phorm.
1530 1686 1559 1706 v.
1577 1677 1606 1712 8,
1624 1677 1675 1707 56.

1272 1716 1399 1758 judico]
1427 1717 1480 1748 Ex
1495 1718 1631 1750 aliarum
1652 1718 1793 1760 ingeniis

1239 1770 1324 1791 nunc
1338 1770 1388 1790 me
1392 1760 1524 1800 judicet.
1543 1761 1628 1792 Eun.
1640 1760 1661 1792 i.
1677 1763 1707 1799 2,
1721 1763 1792 1793 118.

1240 1801 1366 1843 Edepol
1382 1809 1414 1832 te
1432 1802 1528 1833 laudo
1549 1810 1583 1834 et
1596 1803 1794 1837 fortunatam

649 1844 781 1874 senibus
796 1845 952 1875 ambobus
967 1843 1073 1881 simul,
1086 1846 1146 1875 iter
1156 1843 1204 1875 illi
1230 1845 1348 1885 judico.
1374 1845 1496 1877 Heaut.
1519 1845 1553 1876 ii.
1574 1846 1606 1882 4,
1634 1847 1662 1876 1.
1709 1846 1793 1878 Haec

650 1886 682 1917 in
701 1887 860 1918 Lemnum
881 1893 917 1917 ut
933 1893 1027 1922 esset,
1044 1893 1154 1917 nostro
1170 1887 1203 1917 in
1239 1888 1322 1918 male
1331 1887 1468 1927 judicas.
1497 1888 1636 1930 Adelph.
1652 1888 1673 1919 i.
1692 1890 1722 1925 2,
1740 1890 1792 1921 20.

649 1929 806 1960 Ciliciam.
831 1929 959 1960 Phorm.
977 1929 997 1959 i.
1015 1930 1046 1965 2,
1061 1929 1109 1959 16.
1143 1929 1203 1960 Di-

649 1982 719 2002 cam
736 1972 769 2002 in
786 1975 870 2003 itere.
894 1972 1023 2003 Phorm.
1041 1971 1087 2002 iii.
1105 1973 1134 2009 3,
1152 1973 1202 2003 34.

650 2014 724 2046 vide
742 2015 856 2046 Notas.

693 2057 819 2097 iterum]
835 2057 942 2088 Unam
955 2056 997 2088 eii
1010 2067 1134 2088 coenam
1147 2057 1203 2088 de-

649 2099 701 2130 di:
725 2100 811 2140 quod
833 2099 858 2131 si
879 2102 988 2130 iterum
1003 2099 1083 2130 mihi
1099 2100 1204 2131 danda

650 2142 702 2180 sit,
725 2150 832 2173 actum
854 2142 926 2174 siet.
960 2142 1080 2173 Heaut.
1104 2141 1150 2173 iii.
1176 2143 1202 2179 1,

651 2186 702 2216 46.
733 2186 849 2216 Iterum
861 2185 907 2215 sic
920 2191 1092 2216 memento.
1111 2185 1203 2216 Adel.

650 2227 696 2258 iii.
715 2229 745 2265 3,
763 2228 814 2260 72.
851 2227 946 2259 Prius
962 2238 1058 2268 quam
1074 2228 1137 2258 hue
1153 2237 1204 2258 re—

651 2270 733 2301 verti
746 2277 855 2312 posset
867 2273 985 2302 iterum.
1006 2270 1144 2311 Adelph.
1157 2269 1203 2301 iii.

651 2315 680 2350 5,
692 2314 721 2344 9.
753 2314 805 2344 Ob
815 2323 885 2344 eam
898 2323 965 2344 rem
982 2312 1086 2344 noluit
1095 2316 1204 2344 iterum

650 2355 781 2392 referre,
806 2362 842 2387 ut
866 2358 975 2387 iterum
998 2361 1108 2397 posset
1127 2366 1202 2387 ven-

650 2398 736 2429 dere.
762 2398 845 2429 Hec.
861 2398 946 2429 Prol.
966 2399 995 2431 7.
1039 2398 1204 2430 Judicium

650 2441 691 2472 de
707 2441 819 2472 eadem
837 2451 934 2472 causa
952 2443 1062 2472 iterum
1077 2447 1113 2472 ut
1128 2441 1202 2473 red·

650 2484 730 2515 dant
746 2483 813 2515 tibi.
837 2484 967 2515 Phorm.
984 2483 1018 2514 ii.
1035 2485 1066 2521 3,
1083 2484 1133 2516 57.

694 2525 817 2567 itidem]
835 2527 959 2557 Eadem
974 2527 1043 2557 haeo
1060 2526 1118 2557 tibi
1133 2536 1205 2567 quae

650 2569 730 2605 dixi,
743 2569 847 2600 dicam
860 2571 964 2600 itidem
979 2569 1038 2600 illi.
1062 2569 1147 2600 And.
1158 2569 1203 2600 iii.

652 2613 681 2649 4,
699 2613 750 2642 20.
798 2611 843 2642 Ut
858 2618 914 2643 aut
927 2612 988 2643 hoc
1007 2611 1066 2643 tibi
1082 2611 1205 2643 doleret

651 2657 764 2690 itidem,
778 2660 815 2685 ut
829 2654 909 2685 mihi
925 2653 1022 2685 dolet.
1040 2654 1124 2685 Eun.
1138 2654 1159 2685 i.
1175 2655 1205 2691 2,

655 2699 703 2728 13.
742 2696 917 2734 Celabitur,
933 2699 1038 2727 itidem
1053 2703 1089 2727 ut
1104 2696 1206 2728 celata

652 2739 756 2770 adhuc
770 2746 828 2770 est.
848 2739 967 2770 Heaut.
984 2739 1026 2770 iv.
1041 2741 1070 2776 3,
1085 2740 1135 2770 20.
1160 2739 1207 2770 Ut

653 2782 738 2819 veni,
765 2783 870 2812 itidem
899 2781 1059 2813 incertum
1087 2781 1204 2813 amisti.

655 2824 737 2855 Hec.
754 2824 787 2855 ii.
803 2826 832 2860 2,
845 2825 875 2855 9.
908 2825 1019 2855 Itidem
1034 2824 1068 2855 in
1084 2824 1144 2855 hac
1159 2834 1205 2862 re,

654 2873 691 2898 ut
704 2866 786 2898 aliis.
811 2867 940 2897 Phorm.
957 2866 1003 2898 iii.
1024 2868 1051 2904 1,
1070 2867 1119 2898 12.

696 2909 769 2950 itio]
787 2909 880 2940 Nihil
889 2909 1010 2941 circum
1023 2912 1115 2941 itione
1130 2919 1207 2941 usus

1239 1930 1313 1967 Abi,
1334 1929 1439 1960 virum
1462 1936 1494 1961 te
1508 1930 1627 1970 judic-o.
1651 1931 1792 1973 Adelph.

1238 1972 1279 2004 iv.
1303 1974 1332 2010 2,
1350 1973 1402 2003 25.
1449 1972 1624 2004 Hominem
1647 1974 1793 2007 maxumi

1238 2015 1322 2056 preti
1340 2021 1370 2046 te
1385 2025 1456 2046 esse
1466 2015 1562 2046 hodie
1565 2016 1709 2056 judicavi
1720 2016 1790 2048 ani-

1239 2068 1291 2089 mo
1307 2067 1388 2088 meo.
1405 2057 1545 2099 Adelph.
1556 2069 1586 2090 v.
1601 2059 1631 2096 6,
1645 2059 1675 2089 4.
1706 2059 1791 2090 Tun’

1238 2100 1423 2142 prospicere
1433 2107 1489 2131 aut
1494 2100 1640 2141 judicare
1649 2107 1793 2133 nostram

1239 2143 1273 2174 in
1285 2153 1353 2174 rem
1366 2142 1451 2183 quod
1464 2142 1507 2174 sit
1518 2145 1633 2185 potes?
1652 2143 1734 2175 Hec.
1748 2143 1792 2176 iv.

1242 2187 1269 2224 1,
1287 2187 1338 2216 34.

1273 2227 1403 2269 jugulo]
1429 2228 1536 2269 Papae,
1543 2228 1714 2269 jugulas-ac
1732 2229 1791 2261 ho-

1239 2271 1368 2302 minem.
1399 2270 1483 2302 Eun.
1507 2270 1554 2301 iii.
1578 2272 1605 2309 1,
1630 2272 1680 2304 27.
1726 2271 1793 2303 Suo

1238 2313 1299 2345 sibi
1309 2313 1416 2355 gladio
1425 2313 1636 2355 huncjugulo.
1653 2314 1791 2357 Adelph.

1239 2367 1268 2388 v.
1286 2358 1316 2394 8,
1333 2358 1384 2387 35.

1273 2397 1422 2440 junceus]
1434 2398 1559 2430 Tamen
1570 2399 1630 2430 etsi
1639 2399 1723 2430 bona
1733 2409 1791 2432 nn·

1239 2447 1311 2473 tura
1327 2448 1386 2479 est,
1401 2441 1542 2472 reddunt
1555 2449 1707 2474 curatura
1711 2443 1792 2483 jun-

1239 2495 1316 2516 σθω.
1341 2485 1424 2515 Eun.
1442 2484 1476 2515 ii.
1493 2485 1524 2522 3,
1541 2485 1592 2515 24.

1272 2526 1390 2568 jungo]
1402 2526 1540 2567 Unaque
1550 2537 1609 2558 nos
1620 2526 1683 2559 sibi
1694 2536 1794 2570 opera

1239 2569 1359 2601 amicos
1379 2570 1484 2610 'ungit
1510 2569 1592 2601 Hec.
1609 2580 1639 2601 v.
1657 2571 1687 2608 2,
1704 2571 1756 2602 32.

1281 2613 1361 2643 Iuno
1388 2613 1468 2643 June
1481 2612 1615 2650 Lucina,
1627 2612 1677 2644 fer
1686 2623 1793 2662 opem,

1238 2665 1332 2686 serva
1353 2665 1416 2692 me,
1431 2654 1572 2686 obsecro.
1597 2654 1682 2686 And.
1698 2655 1745 2687 iii.
1765 2657 1793 2695 1,

1243 2698 1291 2728 15.
1309 2703 1342 2728 et
1358 2696 1496 2738 Adelph.
1512 2697 1558 2728 iii.
1575 2698 1606 2735 4,
1619 2698 1671 2729 41.

1282 2739 1423 2780 Jupiter]
1436 2740 1466 2771 Ο
1474 2741 1598 2780 Jupiter
1608 2744 1622 2772 Ι
1643 2740 1721 2782 quid
1732 2751 1793 2783 ego

1240 2782 1358 2813 audio?
1381 2781 1467 2813 And.
1483 2781 1529 2814 iii.
1546 2784 1574 2820 1,
1591 2783 1621 2814 6.
1653 2783 1718 2815 Pro
1732 2786 1791 2816 Ju-

1238 2827 1329 2864 piter.
1354 2825 1439 2856 And.
1459 2824 1502 2857 iv.
1527 2826 1556 2862 3.
1576 2825 1625 2859 17.
1670 2828 1795 2867 Jupiter

1241 2877 1366 2909 magne.
1391 2867 1476 2899 Eun.
1492 2867 1535 2899 iv.
1553 2869 1584 2905 4,
1598 2869 1650 2900 41.
1689 2869 1719 2900 Ο
1734 2871 1793 2901 Ju-

1238 2913 1331 2950 piter,
1340 2910 1473 2942 ubinam
1488 2916 1538 2942 est
1550 2911 1652 2943 fides?
1672 2912 1793 2944 Heaut.

65 2952 239 2983 terminata
250 2962 321 2983 sum
331 2952 408 2983 hinc
417 2951 529 2983 abiens
539 2951 618 2983 tibi?
635 2958 638 2997 λ
655 2962 699 2984 es.
722 2952 809 2984 And.
832 2951 854 2983 i.
878 2953 908 2989 2,
928 2953 979 2983 31.
996 2952 1070 2983 vide
1094 2952 1206 2983 Notas.
1240 2952 1274 2984 ii.
1293 2954 1322 2991 3,
1342 2953 1391 2985 15.
1430 2953 1477 2985 Ut
1491 2953 1592 2992 aiunt,
1608 2954 1794 2986 Minervam

66 2995 152 3026 Eun.
166 3005 194 3027 v.
210 2995 236 3033 1,
250 2996 298 3026 14.
324 2995 395 3037 Ego
410 2996 491 3026 istuc
505 2994 620 3034 aetatis,
635 3006 638 3030 a
655 2995 739 3027 Haec
754 2994 819 3027 inae
834 3001 928 3027 erant
942 2997 1050 3027 itiones
1063 2995 1206 3027 crebrae?
1241 3005 1312 3028 esse
1333 3005 1376 3029 ex
1395 2997 1478 3029 Jove.
1503 2996 1624 3029 Heaut.
1641 3007 1671 3030 v.
1694 2998 1725 3036 4,
1745 2998 1794 3029 13.

919 3037 942 3070 h
