1852 3216
264 154 347 195 lviii
816 154 899 196 DE
934 154 1259 197 THEATRO.

266 250 358 306 post
387 241 582 296 pulpitum
607 250 787 283 exertum
818 241 1036 283 videbatur.
1089 241 1285 296 opertum
1311 252 1395 284 erat
1425 243 1593 285 tentorio
1620 243 1792 296 quodam

267 297 423 349 luigni.
455 305 495 338 et
530 296 638 349 quod
666 296 795 349 ipsum
826 296 1080 348 undecunque
1111 298 1290 345 ambiret,
1319 306 1364 338 ut
1391 298 1431 338 in
1463 311 1511 337 eo
1537 298 1724 338 secretius
1752 307 1794 338 et

360 351 369 360 ’
409 350 541 391 abdite
568 358 786 403 spectarent
840 350 1018 403 rincipes,
1038 350 1104 403 qui
1132 363 1407 404 nonnunquam
1433 351 1525 392 illuc
1552 366 1594 392 se
1613 353 1788 392 confere-

266 405 373 445 bant.
431 405 534 445 Nam
561 418 582 444 e
613 404 728 457 podio
755 403 795 444 lu
825 418 869 444 os
896 418 941 444 ac
968 404 1180 444 comoedias
1206 415 1402 458 spectasse
1431 405 1629 446 Neronem
1656 407 1792 445 scribit

266 458 532 512 Tranquillus.
579 458 737 498 Dictum
755 459 875 503 aiunt.
898 458 1003 511 quod
1024 459 1061 497 in
1073 472 1121 497 eo
1140 470 1378 511 spectatores
1396 469 1463 499 aut
1477 461 1595 499 etiam
1614 460 1792 499 tibicines

267 513 433 567 pedibus
461 513 586 552 innixi
615 522 756 558 essent,
792 526 870 551 non
902 513 1103 552 sederent:
1145 513 1206 551 vel
1240 513 1345 564 quod
1376 514 1414 552 in
1441 527 1488 552 eo
1517 527 1791 565 nonnunquam

265 567 432 630 pedibus
450 566 772 620 gesticularentur
790 567 994 605 histriones
1010 567 1048 605 in
1060 575 1216 605 actuum
1232 567 1547 606 commutatione.
1595 567 1672 606 Pul
1699 569 1790 606 itum

265 635 306 661 tn
338 635 464 668 scena,
497 620 647 671 (Graeci
680 626 799 671 λόγιον
830 619 1053 669 vocabant.)
1083 619 1191 659 locus
1223 629 1320 667 erat,
1356 621 1395 660 in
1427 634 1543 672 quem
1579 634 1626 673 pr
1681 622 1788 660 'bant

264 685 415 715 actores
437 689 459 715 e
486 675 626 714 casulis
644 683 711 713 aut
738 674 980 713 domunculis
1008 674 1087 712 suis
1115 674 1288 721 scenicis,
1307 674 1357 714 ad
1384 675 1637 720 recitandum,
1666 677 1789 715 nostri

266 738 407 769 vocant
440 728 672 780 eschaffaults
733 727 820 767 Fuit
852 728 1096 766 exactissime
1124 728 1240 766 situm
1269 738 1359 767 ante
1386 729 1554 768 frontem
1582 742 1723 776 scenae,
1753 739 1793 769 et

266 783 352 823 loco
373 783 492 835 ipsius
512 782 651 827 medio,
666 782 731 833 qui
753 782 893 821 theatri
908 791 1041 820 centro
1060 781 1325 833 responderet,
1342 796 1495 835 semper
1513 782 1684 835 ligneum
1704 783 1790 830 suit,

265 847 381 890 atque
415 836 609 882 exemtile,
640 836 754 875 etiarn
792 836 822 874 si
857 849 971 874 scena
998 835 1163 874 structili
1201 836 1361 875 materia
1392 845 1613 876 constructa
1639 837 1789 877 suisset.

266 891 599 941 Eximebaturque
644 890 682 929 in
729 889 961 930 athletarum
1006 898 1045 928 et
1091 889 1348 941 gladiatorum
1390 890 1635 942 spectaculis,
1676 905 1791 931 scena

264 945 512 984 nihilominus
548 946 699 996 integra
732 952 921 983 manente.
987 942 1123 982 Paullo
1160 943 1274 983 altius
1310 944 1516 984 videbatur
1551 945 1629 983 ima
1663 959 1790 986 scenae

265 1000 430 1062 porticu,
468 998 507 1037 in
544 1012 622 1050 qua
657 1007 831 1037 actorum
877 998 1013 1037 domos
1049 998 1279 1037 constitutas
1325 1012 1409 1038 esse
1446 998 1693 1038 dicebamust
1739 1000 1790 1039 ad

263 1053 368 1093 idem
395 1053 532 1092 leniter
558 1052 850 1092 adscendebant
876 1061 1027 1091 actores
1061 1052 1377 1103 pronunciaturi:
1433 1052 1539 1092 baud
1566 1066 1678 1104 aeque
1705 1052 1789 1093 lon·

261 1121 356 1161 gum
384 1107 458 1147 fuit
493 1115 609 1158 atque
646 1106 731 1159 ipsa
766 1119 892 1152 scena,
929 1105 1050 1145 altum
1086 1115 1235 1145 tantum
1266 1116 1350 1145 erat
1384 1106 1504 1159 pedes
1531 1107 1713 1158 quinque,
1746 1117 1790 1147 ut

261 1162 328 1214 qui
374 1162 413 1201 in
449 1161 650 1200 orchestra
689 1160 880 1206 sederent,
919 1160 1069 1199 facilius
1115 1160 1260 1212 pedum
1295 1161 1486 1200 motiones
1529 1170 1569 1200 et
1613 1160 1788 1213 singulos

260 1216 458 1268 agentium
501 1223 633 1267 gestus
674 1214 931 1267 perciperent.
988 1214 1037 1253 Id
1072 1215 1240 1267 spatium
1276 1214 1383 1265 quod
1417 1214 1600 1266 utrinque
1636 1229 1661 1254 a
1699 1216 1787 1267 pul-

260 1269 344 1322 pito
381 1269 431 1308 ad
467 1277 683 1308 extremam
715 1281 869 1308 scenam
901 1282 1067 1307 vacuum
1101 1268 1401 1319 relinquebatur,
1434 1267 1566 1308 Graeci
1597 1271 1789 1309 vocabant

254 1323 504 1376 proscenium,
535 1337 584 1362 ne
612 1322 699 1374 quis
730 1322 927 1361 existimet
959 1322 1079 1362 fuisse
1110 1336 1236 1362 scenoe
1268 1322 1403 1362 latera.
1457 1322 1639 1362 Periacta
1671 1337 1787 1363 voca-

257 1386 348 1417 runt
385 1376 516 1416 Graeci
552 1377 592 1415 in
628 1377 753 1416 scenis
788 1377 868 1415 suis
904 1385 1042 1423 turres,
1080 1385 1147 1415 aut
1183 1377 1392 1423 machinas,
1430 1377 1601 1429 trigonae
1637 1377 1787 1416 haben-

259 1440 331 1478 tes,
360 1430 424 1470 vel
451 1430 720 1483 triangulares,
746 1430 846 1470 miro
872 1430 1038 1470 artificio
1066 1439 1321 1477 constructas,
1350 1431 1388 1470 in
1415 1444 1493 1471 uno
1519 1440 1637 1482 atque
1664 1431 1787 1471 altero

257 1499 385 1526 scenae
417 1484 539 1525 latere
569 1485 729 1537 positas,
762 1485 879 1524 variis
908 1484 1104 1524 coloribus
1136 1485 1348 1524 secundum
1378 1484 1541 1538 angulos
1570 1485 1785 1533 distinctas,

256 1538 488 1580 versatiles:
534 1547 579 1579 ut
614 1539 713 1578 inter
750 1553 769 1578 s
821 1539 1015 1584 ctandum‚
1049 1538 1142 1578 dum
1173 1539 1291 1578 animi
1322 1539 1371 1578 ad
1404 1539 1613 1578 histriones
1654 1539 1785 1591 paullo

255 1594 482 1634 attentiores
517 1601 659 1639 essent,
696 1606 773 1645 pau
790 1593 882 1631 atim
919 1592 1224 1638 revolverentur,
1262 1601 1303 1631 et
1334 1592 1452 1632 modo
1489 1593 1629 1639 rubrae,
1667 1594 1785 1633 modo

256 1648 413 1693 virides,
436 1655 505 1687 aut
531 1646 690 1686 alterius
718 1646 858 1686 coloris
877 1655 1133 1698 apparerent:
1172 1660 1262 1698 quae
1287 1660 1349 1686 res
1371 1660 1447 1686 non
1474 1660 1633 1698 parvam
1653 1647 1784 1687 oblec-

255 1702 443 1742 tationem
473 1701 740 1754 spectantibus
775 1700 975 1740 afferebat.
1024 1700 1114 1747 Hae,
1146 1714 1266 1751 quum
1300 1697 1532 1740 sabularurn'
1550 1702 1785 1741 mutationes

255 1764 366 1795 erant
393 1755 551 1802 futurae,
580 1768 649 1794 seu
678 1754 840 1794 deorum
867 1754 1058 1794 adventus
1086 1768 1173 1794 cum
1202 1755 1411 1794 tonitribus
1447 1755 1670 1807 repentinis,
1697 1770 1786 1795 ver·

255 1811 452 1853 sabantnr,
471 1810 751 1861 mutabantque
770 1809 938 1861 speciem
957 1809 1166 1847 ornationis
1186 1809 1225 1847 in
1245 1809 1406 1848 frontes.
1453 1808 1517 1847 Ex
1536 1809 1583 1847 iis
1600 1809 1785 1861 projecti-

253 1863 330 1903 tios
358 1864 468 1915 ignes
496 1863 711 1909 vibrabant,
732 1863 771 1902 in
792 1863 838 1901 iis
858 1862 1055 1915 fingebant
1072 1863 1254 1909 tonitrua,
1277 1862 1443 1915 pluvias,
1467 1872 1507 1902 et
1531 1863 1715 1915 quicquid
1745 1865 1783 1903 in

255 1917 447 1970 tragoedia
474 1916 726 1956 admiratione
754 1916 914 1968 dignum
940 1917 1039 1955 fuit:
1071 1916 1139 1955 sed
1158 1917 1232 1956 hoc
1250 1918 1420 1956 maxime
1441 1917 1481 1956 in
1510 1917 1724 1957 honorifico
1742 1928 1783 1957 et

254 1980 456 2011 sumtuoso
475 1971 753 2011 comoediarum
772 1981 839 2009 aut
858 1970 1136 2023 tragoediarum
1161 1984 1317 2023 genere.
1368 1971 1589 2011 Secundum
1607 1975 1780 2022 πρίασο,

252 2038 392 2078 nempe
412 2025 462 2065 ad
480 2039 607 2065 scenoe
624 2024 757 2072 latera,
778 2025 914 2064 itinera
931 2035 971 2064 et
991 2038 1154 2063 versurae
1175 2034 1445 2077 procurrentes
1469 2036 1591 2070 erant,
1617 2040 1779 2076 quarum

254 2093 334 2119 una
351 2079 557 2125 efficiebat,
577 2088 621 2118 ut
639 2089 790 2118 actores
813 2093 836 2118 a
858 2079 956 2125 foro,
980 2078 1112 2125 altera,
1137 2088 1181 2118 ut
1208 2093 1370 2132 peregre
1397 2079 1565 2132 prodire,
1594 2089 1661 2119 aut
1690 2079 1781 2119 illuc

252 2134 407 2186 regredi
429 2133 665 2172 viderentur.
715 2133 761 2172 In
784 2133 912 2173 media
939 2147 1056 2172 scena
1082 2133 1205 2172 valvae
1231 2134 1353 2195 rcgiae
1378 2133 1630 2173 conformatae
1658 2144 1779 2180 erant,

252 2188 357 2228 circa
375 2201 471 2240 quas
490 2188 683 2239 utrimque
703 2187 859 2227 fuerunt
877 2188 1092 2239 composita
1111 2187 1311 2240 hospitalia
1327 2201 1416 2239 quse
1431 2197 1544 2227 vocat
1563 2187 1779 2234 Vitruvius.

252 2255 275 2281 e
294 2243 435 2294 quibus
453 2251 604 2281 actores
624 2241 814 2294 prodiisse
833 2251 941 2294 puto.
989 2241 1174 2281 Omnium
1192 2255 1407 2288 scenarum,
1427 2255 1522 2292 quas
1547 2241 1711 2282 Romani
1739 2244 1778 2282 in

252 2296 406 2336 theatro
442 2309 611 2348 unquam
646 2305 958 2343 construxerunt,
1004 2295 1118 2347 longe
1164 2295 1401 2335 nobilissima
1445 2296 1518 2335 suit
1563 2310 1622 2343 ea,
1660 2311 1777 2348 quarn

250 2350 314 2390 M.
353 2350 519 2390 Scaurus
561 2350 600 2388 in
645 2349 830 2389 aedilitate
870 2363 941 2389 sua
978 2350 1210 2389 construxit.
1280 2349 1378 2390 Eam
1422 2350 1613 2402 triplicem
1659 2351 1777 2390 fuisse

251 2405 371 2444 refert
406 2403 568 2450 Plinius,
596 2403 798 2443 altitudine
825 2417 944 2443 cccnx
971 2403 1250 2443 columnarum.
1297 2403 1380 2443 Ina
1403 2417 1493 2456 pars
1521 2418 1647 2443 scena:
1675 2418 1777 2443 mar·

250 2471 405 2498 moreos
440 2458 576 2498 habuit
607 2457 787 2510 parietes,
817 2470 892 2497 non
925 2458 1037 2497 facile
1065 2459 1231 2498 dixerim
1258 2467 1386 2498 sectos
1412 2472 1461 2497 an
1488 2458 1623 2498 solidis
1652 2458 1778 2510 glebis

303 2512 408 2552 litos.
458 2511 594 2552 Media
621 2511 696 2551 suit
722 2525 744 2551 e
772 2511 886 2558 vitro,
915 2512 1087 2551 inaudito
1114 2513 1231 2552 etiam
1335 2521 1397 2551 tea
1423 2525 1564 2564 genere
1596 2512 1775 2552 luxuriae.

251 2525 422 2606 gamma!
441 2565 583 2606 tabulis
607 2565 792 2605 inauratis
820 2565 1023 2614 columnae,
1053 2567 1142 2606 imae
1168 2566 1222 2606 du
1275 2566 1587 2619 equadragenum
1615 2566 1774 2618 pedum.

251 2621 371 2673 Signa
389 2633 500 2660 cerea
518 2620 617 2660 inter
633 2619 831 2660 columnas
850 2620 1020 2666 fuerunt,
1043 2621 1116 2660 tria
1138 2620 1260 2660 millia
1282 2634 1456 2661 numero.
1512 2620 1591 2660 Sed
1617 2630 1658 2660 et
1686 2620 1776 2660 reli·

250 2687 351 2727 quus
369 2682 577 2727 apparatus
596 2682 728 2714 tantus
747 2673 918 2714 Attalica
936 2684 1057 2720 veste,
1079 2674 1221 2715 tabulis
1242 2675 1370 2727 pictis,
1389 2684 1611 2727 caeteroque
1638 2674 1775 2715 chora·

248 2728 315 2821 gio
335 2729 421 2774 fuit,
442 2737 484 2767 ut
504 2729 543 2768 in
559 2727 821 2768 Tusculanam
839 2727 969 2767 villam
989 2729 1197 2781 reportatis
1215 2742 1306 2782 quae
1328 2729 1620 2782 superfluebant
1645 2730 1775 2780 quoti·

278 2782 353 2821 iani
390 2795 482 2821 usus
519 2782 680 2829 deliciis,
718 2783 870 2823 incensa
903 2781 994 2821 villa
1022 2782 1072 2822 ab
1102 2783 1210 2823 iratis
1236 2783 1359 2823 servis
1386 2791 1696 2823 concremaretur
1723 2783 1775 2822 ad

249 2835 471 2875 sestertium
498 2835 650 2876 millies.
707 2836 909 2876 Secum-mn
935 2844 1064 2875 autem
1086 2837 1159 2888 (ait
1178 2835 1400 2887 Vitruvius)
1416 2850 1559 2890 genera
1576 2845 1667 2876 sunt
1688 2837 1773 2882 tria,

248 2902 370 2929 unum
387 2889 492 2941 quod
510 2889 652 2930 dicitur
671 2890 869 2945 tragicum,
887 2898 1004 2943 atque
1029 2890 1069 2929 id
1095 2891 1267 2932 omnium
1294 2891 1643 2931 sumtuosissimum
1673 2891 1772 2930 fuit:

246 2942 413 2984 alterum
439 2944 640 2983 emicans.-
689 2945 848 2985 tertium
875 2944 1091 2998 «atqie-a.
1147 2943 1303 2985 Horum
1329 2954 1461 2986 sutem
1490 2954 1648 2986 ornatus
1682 2956 1773 2984 sunt

247 2997 347 3039 inter
377 3010 421 3038 se
449 2996 668 3046 dissimiles,
698 2997 920 3053 disparique
946 2997 1121 3039 ratione:
1169 2999 1335 3052 tragice
1368 2999 1473 3041 enim
1504 2997 1771 3040 deformantur
