1852 3216
222 474 277 522 C.
323 474 669 523 SULPITII
714 475 1069 524 APOLLIN.
1115 475 1511 524 PERIOCHA

112 601 191 648 IN
236 601 568 650 TERENT.
614 602 1621 651 HEAUTONTIMORUMENON.

278 755 342 808 ῙΝ
365 765 551 808 militiam
571 767 785 822 proficisci
804 774 978 822 gnatum
999 766 1177 808 Cliniam

275 831 504 874 Amantem
523 831 788 886 Antiphilam
807 832 1010 888 compulit
1029 833 1162 874 durus
1181 840 1326 888 pater:

276 897 504 951 Animique
526 911 619 938 sese
639 898 837 952 angebat,
859 896 959 939 facti
978 898 1203 952 poenitens.

276 965 385 1006 Mox
407 971 455 1006 ut
474 978 669 1006 reversus
690 971 771 1014 est,
793 963 899 1005 clam
917 970 1083 1018 patrem
1103 962 1329 1004 divortitur

274 1030 349 1072 Ad
370 1029 678 1085 Clitiphonem:
710 1029 745 1070 is
766 1028 935 1070 amabat
957 1035 1142 1069 scortum
1163 1027 1435 1070 Bacchidem.

275 1096 421 1144 Quum
441 1101 678 1137 arcesseret
697 1095 882 1149 cupitam
901 1092 1167 1149 Antiphilam
1187 1092 1337 1144 Clinia,

271 1161 335 1203 Ut
355 1162 449 1216 ejus
471 1159 654 1202 Bacchis
675 1160 790 1201 venit
807 1160 954 1210 amica,
971 1174 1020 1201 ac
1042 1158 1218 1201 servolae

270 1224 479 1266 Habitum
501 1238 654 1279 gerens
675 1221 913 1278 Antiphila,
935 1224 1092 1267 factum
1111 1225 1171 1276 id,
1193 1240 1278 1281 quo
1298 1231 1462 1281 patrem

271 1291 405 1332 Suum
425 1289 582 1332 celaret
602 1288 814 1344 Clitipho:
846 1289 916 1332 hic
936 1290 1100 1333 technis
1122 1291 1233 1346 Syri,

271 1355 435 1398 Decem
454 1356 587 1396 minas
607 1354 887 1405 meretriculae
905 1355 1044 1397 aufert
1065 1371 1090 1396 a
1110 1371 1224 1398 sene.

267 1420 492 1476 Antiphila
512 1419 767 1475 Clitiphonis
788 1421 1000 1476 reperitur
1022 1436 1154 1463 soror.

270 1486 398 1528 Hanc
417 1485 568 1535 Clinia,
590 1484 712 1527 aliam
733 1485 923 1542 Clitipho
942 1501 1119 1528 uxorem
1139 1487 1305 1542 accipit.

142 1755 211 1791 JO.
238 1754 512 1790 CALPURNII
538 1753 820 1790 BRIXIENSIS
844 1754 950 1790 VIRI
975 1755 1261 1793 CLARISSIMI
1288 1755 1343 1791 IN
1368 1756 1407 1791 P.
1435 1755 1576 1792 SEXTI

205 1823 442 1858 TERENTII
468 1821 1100 1860 HEAUTONTIMORUMENON
1125 1823 1514 1860 PROLEGOMENA.

165 1937 253 1968 Haec
271 1937 385 1973 fabula,
403 1935 574 1967 Menandri
587 1936 714 1966 Graeca:
731 1946 801 1976 quae
816 1935 898 1967 facta
911 1947 930 1967 a
944 1937 1096 1968 Terentio
1107 1937 1231 1975 Latina,
1241 1948 1357 1969 nomen
1369 1938 1455 1969 idem
1468 1938 1616 1970 observa-

99 1992 155 2029 vit,
171 2001 212 2022 ne
228 1990 332 2022 Graeci
349 1990 488 2022 nominis
504 1989 696 2031 euphoniam
711 1990 878 2032 perderet:
903 1990 987 2031 quod
1002 1991 1172 2022 Terentius
1188 1991 1294 2023 minus
1306 1992 1409 2023 laudis
1424 1992 1621 2025 existimavit

98 2044 229 2087 propria
244 2044 392 2082 scribere,
408 2055 503 2085 quam
519 2044 631 2075 Graeca
646 2043 826 2075 transferre.
867 2044 995 2075 Nomen
1010 2045 1106 2076 habet
1121 2055 1140 2076 a
1155 2055 1231 2076 sene
1246 2056 1280 2077 se
1294 2045 1399 2087 ipsum
1417 2046 1620 2079 excruciante

98 2100 139 2130 ob
161 2098 220 2130 filii
242 2098 439 2130 absentiam:
464 2108 558 2138 quem
580 2103 749 2134 amantem,
773 2097 893 2128 duritia
914 2108 971 2129 sua
992 2098 1027 2129 in
1048 2098 1196 2130 militiam
1219 2099 1378 2141 proficisci
1398 2100 1618 2142 compulerat:

98 2152 210 2184 ἑαυτὸν
230 2151 463 2193 τιμωρούμενος,
487 2151 613 2188 Latine,
630 2162 663 2182 se
686 2151 792 2193 ipsum
817 2151 1004 2183 excrucians
1025 2152 1263 2194 interpretatur.
1310 2153 1396 2184 Illud
1416 2154 1618 2186 animadver-

99 2207 241 2243 tendum,
263 2217 374 2238 omnes
396 2205 607 2237 Terentianas
622 2205 744 2236 fabulas
760 2216 801 2236 ex
822 2211 956 2246 utroque
978 2216 1095 2247 genere
1114 2206 1233 2244 mistas,
1257 2213 1374 2248 praeter
1394 2207 1487 2239 hanc.
1531 2208 1618 2240 Nam

97 2260 260 2292 comoediae
282 2267 337 2291 aut
352 2262 482 2291 motoriae
500 2265 584 2297 sunt,
600 2266 655 2290 aut
669 2262 815 2297 statariae,
832 2265 888 2290 aut
902 2262 1008 2291 mistoe.
1053 2260 1211 2298 Motoriae,
1235 2260 1444 2292 turbulentae:
1467 2261 1616 2298 statariae.

98 2313 286 2355 quietiores:
312 2314 424 2351 mistae,
449 2324 490 2345 ex
512 2320 646 2354 utroque
669 2319 740 2344 actu
764 2312 984 2345 consistentes.
1031 2314 1072 2345 In
1099 2314 1168 2352 hac,
1191 2325 1262 2355 quae
1282 2315 1457 2356 plurimum
1479 2315 1619 2348 delectat

99 2374 132 2398 et
152 2374 225 2399 actu
247 2374 280 2399 et
301 2368 384 2406 stilo,
407 2368 520 2409 primae
546 2373 654 2409 partes
677 2374 753 2398 sunt
776 2367 962 2398 Menedemi
985 2373 1017 2399 et
1039 2368 1239 2399 Chremetis:
1277 2369 1425 2400 secundae
1447 2369 1562 2401 Cliniae
1584 2375 1618 2401 et

99 2421 307 2463 Clitiphonis:
330 2422 433 2453 tertiae
445 2422 535 2464 Syri:
560 2428 593 2452 et
601 2421 647 2452 sic
660 2421 822 2463 deinceps.
862 2421 942 2452 Haec
953 2421 1059 2460 etiam,
1073 2429 1108 2453 ut
1117 2428 1249 2460 caeterae,
1262 2422 1402 2463 quinque
1410 2429 1500 2454 actus
1510 2423 1616 2462 habet,

98 2475 264 2516 prologum
286 2476 488 2508 concitatum.
538 2477 623 2507 Nam
639 2482 671 2507 et
687 2486 721 2507 se
743 2481 869 2517 purgat,
886 2482 918 2507 et
939 2475 974 2507 in
996 2475 1149 2507 laedendis
1165 2476 1354 2508 adversariis
1370 2482 1419 2508 est
1433 2483 1614 2519 occupatus.

99 2528 335 2569 Argumentum
360 2540 484 2571 quoque
511 2540 576 2561 non
603 2529 758 2571 simplicis
783 2529 905 2570 negotii
932 2529 1037 2568 habet,
1065 2540 1124 2561 nec
1151 2530 1246 2561 unius
1272 2530 1492 2569 adolescentis,
1519 2538 1556 2563 ut
1579 2531 1615 2563 in

101 2581 246 2623 Hecyra;
270 2582 327 2614 sed
341 2583 486 2622 duorum,
502 2590 539 2615 ut
553 2583 587 2615 in
603 2583 727 2615 caeteris
743 2583 868 2615 fabulis.

445 2722 915 2762 ARGUMENTUM
959 2723 1264 2762 EJUSDEM.

162 2820 339 2852 Camenas
354 2819 494 2862 gravidae
510 2819 602 2850 uxori
618 2818 694 2850 olim
709 2819 943 2857 interminatus,
955 2819 981 2851 si
998 2818 1137 2861 puellam
1153 2826 1289 2861 pareret,
1300 2820 1384 2853 nolle
1396 2821 1474 2854 tolli.
1501 2823 1548 2855 At
1558 2823 1614 2856 illa

98 2874 179 2906 clam
195 2874 271 2906 anui
294 2873 470 2906 Corinthiae
491 2872 695 2906 nutriendam
712 2872 809 2904 dedit.
855 2873 951 2905 Hanc
966 2873 1107 2904 adultam
1129 2873 1245 2912 Clinia,
1267 2874 1370 2907 invito
1389 2882 1491 2918 patre,
1506 2888 1613 2911 amare

98 2928 215 2971 coepit3
238 2930 329 2969 cujus
345 2927 464 2959 duritia
478 2933 512 2958 et
526 2926 663 2958 assiduis
679 2926 796 2968 jurgiis
809 2926 843 2958 in
858 2927 1005 2959 militiam
1026 2926 1185 2969 proficisci
1200 2929 1382 2971 compulsus
1395 2936 1452 2962 est.
1498 2932 1614 2965 Postea

100 2981 174 3014 sacti
193 2988 318 3025 patrem
340 2981 570 3013 Menedemum
590 2981 670 3012 adeo
691 2980 851 3023 poenituit,
872 2987 910 3013 ut
931 2981 1038 3013 omnia
1060 2982 1222 3021 venderet,
1242 2991 1275 3015 et
1293 2994 1404 3026 agrum
1426 2993 1555 3025 emeret,
1578 2987 1612 3018 in

835 3043 854 3065 ι.
870 3034 882 3065 l
