1852 3216
81 151 220 180 sci-,NA
242 136 293 192 1.]

689 131 1006 176 HECYRA.

1519 130 1604 173 497

134 228 251 270 Tum
278 233 457 269 matrem
485 240 542 269 ex
570 239 624 269 ea
640 238 688 268 re
715 237 784 267 me
810 230 886 266 aut
905 237 1083 266 uxorem
1114 223 1158 265 in
1177 221 1305 278 eulpa
1333 221 1606 264 inventurum

219 292 405 335 arbitror
420 307 431 334 ε

78 367 120 398 20
136 358 269 406 Quod
290 373 422 413 quum
443 357 502 399 ita
521 372 617 399 esse
645 357 860 407 invenero,
882 355 987 411 quid
1007 362 1155 406 restat,
1177 355 1259 397 nisi
1287 369 1419 411 porro
1437 359 1487 396 ut
1505 353 1604 395 fiam

210 423 338 465 miser
351 425 367 465 2

134 488 249 530 Nam
267 490 415 530 matris
440 488 552 531 ferre
572 489 747 544 injurias
766 502 848 538 me,
871 487 1098 538 Parmeno,
1120 487 1258 543 pietas
1273 486 1427 542 jubet:

135 554 251 596 Tum
271 555 395 596 uxori
412 554 623 596 obnoxius
644 569 736 595 sum
753 570 763 596 :
794 553 854 595 ita
873 553 971 596 olim
993 569 1072 596 suo
1090 569 1157 595 me
1176 553 1349 608 ingenio
1367 550 1570 608 pertulit:

136 619 226 661 Tot
247 635 360 661 meas
380 621 580 675 injurias,
612 635 709 675 quae
730 634 946 675 nunquam
960 620 1004 661 in
1025 619 1111 661 ullo
1126 618 1330 675 patefecit
1348 618 1457 661 loco.

136 684 226 727 Sed
246 700 446 740 magnum
465 685 610 727 nescio
629 685 734 740 quid
753 699 930 727 necesse
951 692 1017 727 est
1038 686 1247 735 evenisse,
1270 683 1498 734 Parmeno,

79 758 119 787 25
138 750 268 792 Unde
289 752 350 792 ira
371 751 481 792 inter
499 766 572 793 eas
593 751 848 802 intercessit,
870 765 967 806 quae
987 757 1073 792 tam
1093 750 1325 805 permansit
1345 749 1435 791 diu.

137 815 250 858 PAR.
282 816 416 858 Haud
438 816 612 871 quidem
640 815 783 858 hercle
812 831 1002 871 parvom,
1025 816 1062 857 si
1090 816 1152 857 vis
1182 830 1284 857 vero
1304 829 1447 856 veram
1476 814 1605 856 ratio-

192 897 290 923 nem
310 882 502 937 exsequi.

136 946 241 988 Non
259 962 494 997 maxumas,
515 961 613 1001 quae
631 961 840 988 maxumae
861 954 962 988 sunt
980 947 1197 988 interdum
1216 946 1307 997 irae,
1325 946 1502 1001 injurias

137 1012 318 1054 Faciunt
335 1029 345 1054 ε
377 1027 475 1053 nam
505 1026 621 1067 saepe
641 1018 723 1063 est,
743 1011 899 1067 quibus
928 1012 972 1053 in
993 1013 1122 1054 rebus
1143 1012 1250 1054 alius
1270 1026 1325 1054 ne
1354 1012 1489 1053 iratus
1510 1011 1602 1066 qui-

221 1078 319 1120 dem
339 1085 422 1128 est,

136 1143 284 1192 Quum
303 1144 358 1185 de
378 1143 529 1185 eadem
548 1157 678 1185 causa
697 1149 765 1184 est
783 1142 1014 1185 iracundus
1034 1142 1174 1185 factus
1194 1141 1520 1184 inimicissimus.

75 1252 182 1294 porro]
195 1254 300 1290 Porro,
312 1252 438 1284 deinde.
463 1252 508 1283 Et
520 1251 585 1283 vim
598 1252 695 1283 habet
703 1251 820 1283 deinde

78 1297 173 1328 modo
199 1296 451 1338 implicationem
472 1295 699 1327 continuarum
720 1294 818 1326 mise-

78 1340 199 1371 riarum
216 1339 392 1371 referentis.
427 1339 468 1370 D.

126 1384 173 1414 19.
197 1385 247 1414 Ex
261 1394 297 1414 ea
314 1393 347 1413 re
361 1381 424 1423 me]
450 1382 491 1413 In
514 1381 578 1413 Ms.
602 1381 643 1412 R.
659 1393 704 1413 me
719 1381 819 1413 deest.

81 1426 252 1466 L.—Lege
271 1427 346 1456 Tum
360 1431 415 1456 aut
429 1430 564 1456 matrem.
597 1425 635 1455 B.

123 1471 174 1500 20.
201 1470 286 1502 Quod
310 1480 399 1509 quum
421 1471 467 1499 ita
489 1479 551 1499 esse
573 1470 720 1505 invenero,
747 1469 822 1508 quid

79 1518 186 1549 restat,
196 1514 257 1543 nisi
274 1523 364 1551 porro
378 1517 413 1542 ut
420 1514 495 1551 fiam
507 1514 597 1542 miser
610 1511 643 1552 ?]
663 1510 820 1542 Ordinem

79 1555 220 1586 servavit
234 1555 446 1593 allocutionis,
468 1555 503 1585 in
518 1565 581 1595 quo
597 1565 616 1585 a
636 1554 819 1596 praeteritis,

78 1609 97 1630 a
111 1598 334 1640 praesentibus,
344 1608 363 1629 a
372 1598 488 1629 futuris
498 1597 661 1629 inducitur
672 1608 819 1639 personae

78 1641 238 1682 loquentis
267 1641 379 1673 oratio.
438 1643 512 1672 Nisi
545 1652 635 1681 porro
664 1646 699 1672 ut
725 1641 816 1682 fiam]

81 1684 186 1722 Porro,
212 1691 332 1726 postea,
359 1684 411 1716 vel
437 1684 472 1715 in
497 1691 704 1726 postremum.
751 1684 819 1715 Alii

79 1728 339 1768 conjunctionem
354 1734 479 1769 putant.
510 1728 552 1758 D.

125 1772 177 1802 21.
194 1772 299 1802 Pietas
303 1770 412 1811 jabet]
430 1771 527 1812 Apte,
543 1770 619 1811 quia
624 1770 712 1812 ferre
727 1770 821 1808 dixit,

82 1814 172 1845 addit
178 1814 281 1854 jubet.
313 1815 355 1845 D.

124 1859 174 1888 22.
210 1859 284 1888 Tum
314 1859 402 1888 uxori
430 1859 571 1888 obnoxius
596 1855 678 1898 sum]
705 1856 822 1887 Matris

81 1910 155 1931 cum
171 1900 316 1937 dixisset,
332 1911 397 1931 non
420 1900 530 1931 intulit
544 1902 655 1936 uxoris,
679 1899 735 1931 sed
751 1910 822 1930 mu-

80 1944 162 1975 tavit
176 1954 277 1975 casus.
316 1945 368 1974 Ita
383 1946 452 1974 olim
473 1955 526 1974 suo
547 1954 591 1974 me
614 1945 732 1983 ingenio
751 1954 823 1983 per-

83 1986 171 2028 tulit]
192 1989 280 2023 Olim,
297 1987 337 2018 ad
353 1986 596 2017 diuturnitatem
614 1985 734 2023 retulit,
758 1996 823 2017 non

82 2029 122 2061 ad
138 2028 276 2071 spatium
295 2029 448 2071 praeteriti
466 2029 628 2071 temporis.
660 2029 702 2060 D.

124 2075 175 2104 23.
195 2075 252 2104 Tot
266 2084 346 2104 meas
361 2072 508 2114 injurias]
527 2073 588 2103 Hae
604 2078 679 2103 sunt
694 2071 820 2112 injuriae

81 2127 159 2157 quas
175 2127 273 2158 supra
285 2116 378 2154 dixit,
390 2118 484 2147 Nocte
499 2117 555 2147 illa
568 2118 668 2156 prima
676 2118 822 2156 virginem

81 2171 138 2191 non
161 2162 291 2201 attigit.-
324 2171 390 2201 quae
413 2164 570 2190 consecuta
594 2165 640 2190 est
665 2170 732 2196 nox,
756 2169 821 2190 eam

82 2205 176 2234 nihilo
196 2206 302 2244 magis.
348 2203 393 2234 Et
416 2202 544 2240 deinde,
572 2204 656 2236 Quid
678 2204 821 2233 interea?

82 2248 184 2278 ibatne
197 2249 239 2277 ad
251 2248 433 2277 Bacchidem
443 2249 459 2277 ἵ
483 2245 633 2280 Quotidie.
675 2247 730 2276 Tot
741 2256 822 2276 meas

81 2288 229 2331 injurias]
262 2289 369 2320 Aliam
400 2288 465 2320 vim
495 2289 592 2319 habet
621 2288 706 2329 quod
729 2288 822 2326 dixit,

82 2343 128 2364 me
145 2335 294 2373 pertulit.
289 2345 296 2351 ·
319 2332 424 2370 aliam,
442 2332 527 2373 quod
548 2331 675 2372 adjecit,
691 2331 823 2373 injurias

83 2356 432 2416 meas:a1iam,qu0‹'1
460 2378 593 2406 reticuit.
641 2377 715 2409 Qaae
744 2386 822 2406 nun-

84 2430 173 2459 quam
193 2420 255 2450 ullo
272 2418 417 2460 patefecit
439 2417 516 2459 loco]
541 2419 617 2449 Non
639 2418 723 2449 dixit
737 2429 822 2459 quas,

84 2461 142 2492 sed
165 2472 241 2502 qaae,
266 2468 304 2493 ut
326 2462 367 2493 ad
388 2461 505 2499 omnia,
530 2472 595 2493 non
619 2461 660 2493 ad
663 2461 824 2536 Dinjurias,

85 2503 243 2535 referatur
272 2511 416 2536 extrema
442 2505 615 2536 conclusio
663 2504 826 2539 D.—Quae

85 2558 129 2578 sc.
146 2557 236 2578 uxor.
268 2547 349 2578 Tres
357 2548 447 2579 codd.
464 2559 615 2589 nunquam
626 2550 695 2586 ullo,
709 2548 827 2579 omisso

85 2590 142 2621 illo
157 2592 217 2664 in.B
244 2590 389 2632 Repme,
413 2602 564 2632 uunquam
584 2593 666 2622 nullo
681 2590 828 2631 patefecit

131 2677 181 2707 24.
205 2677 266 2707 Sed
279 2687 417 2717 magnum
432 2679 530 2708 nescio
544 2678 619 2717 quid
632 2687 748 2708 necesse
763 2676 825 2718 est]

88 2720 177 2751 Bene
190 2720 229 2750 de
241 2719 394 2750 ambabus
405 2719 557 2756 sentiens,
573 2726 667 2760 putat
678 2730 828 2761 magnam

88 2773 216 2794 causam
241 2773 321 2799 esse,
347 2772 418 2803 quae
440 2762 522 2793 iram
546 2762 667 2800 fecerit,
692 2769 725 2794 et
745 2762 828 2794 iram

88 2805 283 2837 diuturnam.
317 2806 358 2836 D.

133 2850 183 2880 25.
204 2851 278 2883 Qaoe
299 2854 360 2880 tam
376 2850 544 2889 permansit
559 2847 629 2888 diu]
654 2848 699 2879 Et
713 2858 732 2879 a
746 2858 781 2879 re
796 2855 830 2879 et

91 2902 111 2923 a
125 2898 279 2934 tempore.
313 2893 354 2923 D.

134 2936 184 2966 26.
217 2937 313 2967 Haud
341 2936 459 2976 quidem
492 2936 589 2966 hercle
621 2945 732 2975 parum
765 2934 828 2975 est]

92 2978 225 3011 servilis
246 2978 327 3011 ratio
343 2985 376 3010 et
397 2977 542 3011 sordida:
570 2986 604 3009 et
624 2988 690 3010 non
711 2977 763 3010 his
777 2988 828 3009 re-

863 1251 1026 1293 spondens
1048 1251 1197 1283 omnibus
1211 1262 1282 1292 quae
1299 1250 1382 1282 dixit
1404 1250 1603 1292 Pamphilus,

862 1295 920 1326 sed
950 1300 1076 1326 tantum
1106 1294 1288 1326 novissimae
1320 1294 1415 1336 parti.
1469 1293 1603 1335 Parum]

865 1338 1137 1375 Subaudiendum,
1164 1349 1281 1369 necesse
1309 1343 1355 1369 est
1383 1339 1524 1374 evenisse,
1551 1337 1604 1368 vel

862 1383 969 1412 evenit.
1015 1381 1101 1412 Nam
1116 1391 1317 1422 consequens
1334 1380 1496 1412 sententia
1510 1380 1605 1418 tollit,

863 1424 948 1465 quod
973 1423 1029 1455 ille
1053 1424 1144 1462 dixit,
1170 1435 1287 1455 necesse
1309 1429 1364 1455 est.
1409 1426 1444 1455 Si
1466 1426 1512 1455 vis
1537 1435 1606 1455 vero

863 1478 962 1499 veram
977 1470 1123 1499 rationem
1144 1466 1281 1508 exsequi]
1311 1468 1396 1505 Vero,
1412 1467 1464 1498 vel
1485 1477 1606 1498 nomen

864 1517 922 1548 est,
936 1510 988 1542 vel
1007 1511 1199 1551 conjunctim
1217 1510 1268 1542 vel
1283 1510 1479 1542 adverbium.
1519 1511 1606 1542 D.—

864 1554 928 1585 Pro
954 1556 1038 1585 haud
1061 1554 1146 1595 quod
1170 1564 1300 1585 sensum
1326 1554 1443 1591 turbat,
1472 1553 1604 1595 Lolgius

861 1597 992 1638 conjicit
1005 1602 1062 1629 at:
1085 1597 1187 1628 codex
1209 1604 1317 1629 autem
1337 1597 1466 1638 quidam
1488 1596 1606 1628 Faerni

861 1641 958 1672 habet
974 1645 1037 1678 aut,
1055 1640 1140 1682 quod
1155 1640 1360 1672 retinendum
1376 1647 1434 1672 est.
1477 1640 1606 1671 Deinde

861 1689 899 1715 ut
927 1694 1041 1715 sensus
1070 1684 1114 1715 sit
1142 1684 1258 1722 salvus,
1284 1684 1357 1725 lege
1386 1686 1413 1715 εἰ
1435 1685 1481 1715 vis
1506 1695 1607 1715 veram

861 1729 954 1759 verba
968 1729 1010 1758 ad
1021 1729 1167 1758 rationem
1182 1730 1274 1768 exigi.
1307 1728 1345 1758 B.

908 1770 959 1803 27.
989 1772 1060 1802 Non
1085 1781 1250 1809 maxumas,
1279 1782 1346 1812 quae
1367 1781 1513 1802 maz-uma:
1535 1775 1606 1802 cunt

864 1815 1014 1844 interdum
1049 1816 1114 1851 irae,
1145 1814 1277 1855 injurias
1297 1813 1439 1865 saciant]
1473 1813 1606 1854 Injuriae

864 1856 986 1887 faciunt
1015 1856 1080 1888 iras
1108 1867 1172 1888 non
1199 1857 1256 1888 irae
1281 1856 1436 1897 injurias.
1471 1857 1528 1888 sed
1551 1856 1607 1887 hic

856 1898 983 1948 saciant
995 1900 1237 1932 ὑπαλλακτικῶς
1248 1900 1339 1949 dixit,
1356 1900 1532 1931 seeundum
1548 1910 1604 1931 su-

867 1942 1026 1984 periorem
1062 1943 1220 1974 rationem
1256 1943 1427 1985 increpans
1463 1953 1605 1974 errorem

868 1986 1038 2027 Pamphili,
1050 1986 1104 2027 qui
1114 1986 1154 2017 de
1165 1986 1222 2017 irae
1234 1986 1456 2027 magnitudine
1468 1986 1608 2018 aestimet

866 2029 993 2069 injuriae
1001 2029 1221 2070 quantitatem.
1245 2029 1312 2061 Alii
1313 2028 1448 2069 faciunt,
1457 2030 1605 2071 probant,

866 2072 1050 2110 ostendunt,
1065 2072 1261 2114 intelligunt.
1295 2073 1397 2104 Caute
1412 2072 1496 2104 dixit
1510 2075 1606 2104 inter-

864 2117 954 2147 dum:
984 2115 1172 2157 plerumque
1194 2116 1282 2147 enim
1303 2116 1360 2147 sic.
1404 2118 1475 2147 Non
1496 2127 1603 2148 maxu-

864 2170 938 2196 mas,
964 2170 1030 2199 quoe
1053 2170 1198 2190 maxumae
1221 2158 1309 2200 sunt]
1335 2159 1454 2190 Sensus
1475 2165 1534 2196 est,
1563 2160 1605 2191 In

865 2212 927 2242 quo
957 2201 1107 2243 primum,
1132 2203 1208 2233 Non
1230 2202 1288 2234 irae
1317 2201 1452 2243 injurias
1473 2202 1604 2241 faciunt,

865 2245 1087 2286 accipiendum
1103 2252 1171 2277 est:
1195 2246 1381 2283 secundum,
1399 2245 1476 2277 Non
1490 2255 1604 2278 maxu-

866 2299 935 2319 mas
959 2298 1127 2320 maxumae.
1166 2290 1306 2326 Faciunt,
1338 2299 1396 2330 pro
1420 2289 1604 2321 ostendunt.

868 2332 1025 2363 D.--N0n
1054 2331 1224 2373 maxumas]
1254 2332 1408 2363 Ovidius:
1441 2343 1607 2374 magnaque

866 2377 903 2406 de
916 2373 1012 2424 facili
1025 2375 1137 2416 jurgia
1152 2378 1205 2406 lite
1220 2377 1341 2407 cadunt.
1379 2375 1509 2407 L.—Ut
1530 2386 1605 2407 sen-

867 2418 977 2449 tentiae
1007 2418 1165 2450 laboranti
1195 2429 1372 2456 succurras,
1403 2429 1525 2461 repone
1549 2431 1607 2451 non

868 2462 1202 2503 maxumoe-injuriaef
1224 2462 1305 2493 adeo
1319 2467 1356 2493 ut
1370 2464 1427 2493 irae
1440 2472 1500 2504 per
1513 2463 1607 2494 Grae-

869 2504 1004 2536 cismum
1017 2505 1158 2547 positum
1171 2505 1213 2537 sit
1223 2515 1283 2554 P¹.⁰
1294 2507 1366 2536 iras.
1401 2505 1504 2554 Apud
1514 2506 1607 2538 Grae·

869 2558 933 2586 cos,
950 2558 1029 2588 quos
1045 2549 1165 2580 Noster
1184 2548 1312 2597 passim·
1320 2547 1474 2589 sequitur,
1489 2559 1607 2581 nomen

870 2591 1015 2632 sequitur
1035 2601 1146 2623 casum
1167 2590 1376 2633 pronominis,
1392 2597 1430 2623 ut
1450 2602 1526 2624 mox
1541 2602 1609 2624 ver.

913 2678 963 2709 29.
977 2677 1074 2712 Quum
1083 2679 1229 2709 decadem
1237 2677 1347 2719 causa]
1359 2677 1496 2710 Rectum
1503 2678 1609 2711 eratsi

869 2719 1001 2758 diceret,
1017 2732 1107 2761 quum
1121 2723 1154 2752 in
1168 2723 1281 2752 hisdem
1296 2723 1384 2752 rebus
1395 2734 1406 2753 .·
1427 2721 1611 2763 adjiciendo

870 2774 962 2795 cama
976 2763 1158 2795 obscuravit
1179 2763 1392 2795 elocutionem
1413 2775 1524 2797 suam:
1551 2765 1611 2798 sed·

871 2806 1023 2838 convenit
1043 2816 1137 2838 servo
1162 2807 1230 2839 haec
1255 2807 1421 2840 humilitas
1445 2808 1608 2841 orationis.

873 2849 959 2880 Nam
981 2849 1113 2891 plenum
1133 2849 1292 2891 (planum)
1317 2857 1395 2889 erat,
1419 2850 1447 2883 si
1470 2851 1607 2884 diceret:

872 2892 959 2923 Nam
974 2902 1060 2934 saepe
1070 2899 1118 2924 est
1127 2893 1242 2934 quibus
1253 2893 1287 2925 in
1297 2894 1393 2926 rebus
1400 2894 1532 2927 aliusne
1544 2895 1608 2928 ira-

872 2942 925 2966 tus
939 2936 1068 2976 quidem
1083 2942 1142 2974 est,
1158 2947 1231 2969 cum
1246 2937 1287 2968 de
1309 2937 1430 2970 eisdem
1449 2938 1546 2971 rebus
1561 2946 1611 2971 est

873 2978 1045 3011 iracundus
1049 2979 1156 3052 {aetus
1166 2979 1415 3014 inimicissimus.
1439 2983 1498 3015 Est
1503 2989 1612 3014 autem

1086 3031 1102 3053 s
