1852 3216
91 165 230 194 scm-{A
255 151 341 207 ιιι.]

235 304 355 345 Dav·
378 303 491 345 Cito.

703 146 1012 194 ANDRIA.

148 239 349 294 Aliquam
380 251 569 288 causam,
590 237 869 292 quamobrem
896 237 1040 292 ejiciat
1060 237 1237 292 oppido.

1310 200 1318 210 ι
1576 154 1634 195 55

1287 236 1405 279 Pin.
1440 237 1600 294 Ejiciat
1616 243 1633 281 ἲ

148 369 268 412 Pin.
285 369 413 412 Cedo
443 370 588 425 igitur,
609 369 714 425 quid
735 368 903 418 faciam,
933 367 1094 409 Dave?
1145 366 1266 408 Dav.
1299 366 1387 409 Dic
1418 374 1461 409 te
1483 367 1636 410 ductu-

234 449 343 476 rum.
405 434 524 477 Pau.
548 434 687 476 Hem!
738 433 857 475 Dav.
882 432 1003 480 Quid
1023 434 1123 474 est?

94 508 134 538 ιο
150 499 267 541 Pin.
293 500 448 555 Egone
468 501 637 542 dicam?
670 500 789 542 Dav,
814 500 905 541 Cur
924 499 1040 540 non?
1073 497 1192 539 ΡΛΜ.
1213 497 1451 553 Nunquam
1468 497 1635 540 faciam.

237 564 357 607 DAv.
380 565 453 607 Ne
475 580 600 620 nega.

149 629 273 672 ΡΑΜ.
307 630 503 672 Suadere
523 630 625 672 noli.
675 630 797 672 DAv.
821 629 895 672 Ex
915 643 966 671 ea
986 643 1034 670 re
1054 628 1159 683 quid
1178 627 1270 678 fiat,
1292 628 1406 669 vide.

149 694 267 736 ΡΑΜ.
292 695 356 736 Ut
376 696 431 737 ab
452 686 523 737 illa
542 694 766 746 excludar,
787 695 874 737 huc
893 693 1142 737 concludar.
1183 694 1304 736 DAv.
1327 693 1432 736 Non
1451 694 1511 736 ita
1529 701 1611 736 est.

150 759 324 815 Nempe
344 760 428 802 hoc
449 761 511 802 sic
530 775 627 802 esse
647 761 801 815 opinor
820 760 1037 802 dicturum
1056 766 1247 814 patrem:

149 823 300 866 Ducas
321 824 417 866 volo
435 824 567 866 hodie
587 839 789 866 uxorem:
823 832 885 874 tu,
908 824 1077 873 ducam,
1100 824 1283 879 inquies.

93 897 132 926 15
150 889 287 939 Cedo,
308 889 413 945 quid
427 889 624 945 jurgabit
642 891 813 931 tecum?
844 889 915 931 hic
936 889 1095 931 reddes
1116 890 1271 940 omnia,

150 954 266 1001 Quae
285 968 400 996 nunc
422 961 522 995 sunt
542 961 661 995 certa
680 953 721 995 ei
741 953 932 1003 consilia,
952 954 1117 994 incerta
1137 960 1185 994 ut
1206 954 1332 1004 sient,

148 1018 252 1060 Sine
272 1019 386 1060 omni
404 1017 589 1074 periclo:

134 1184 164 1214 8.
191 1184 387 1217 Quamobrem
398 1182 504 1223 εἰη-ἰαὶ
519 1182 645 1223 oppido]
658 1182 784 1214 Callide
796 1182 837 1214 ad

89 1227 162 1266 ejus
174 1226 354 1267 periculum
364 1236 399 1256 se
412 1225 582 1262 convertit,
592 1226 646 1256 cui
659 1225 732 1267 plus
747 1236 835 1256 ama-

91 1274 143 1300 tor
156 1269 258 1306 timet,
265 1278 361 1309 quam
371 1268 442 1299 sibi.
469 1268 549 1299 Ideo
561 1268 703 1299 vincitur
715 1268 835 1299 statim.

92 1312 241 1353 Apparet
267 1320 375 1342 autem
407 1311 538 1342 Davum
568 1311 652 1342 male
677 1311 834 1342 suadere:

91 1354 147 1394 qui
170 1360 239 1385 tum
260 1360 373 1385 caveat
399 1353 580 1395 Pamphilo,
602 1364 677 1384 cum
698 1354 839 1384 maxime

91 1396 244 1427 formidat
272 1406 393 1427 senem.
521 1398 528 1404 '
569 1395 583 1437 ]
615 1397 669 1427 Ex
697 1397 838 1428 civitate.

93 1439 213 1479 Ejn'ct'at
222 1438 255 1480 .’]
275 1439 416 1470 Miratur
436 1445 470 1470 et
493 1445 612 1480 stupet.
664 1438 751 1480 cito]
779 1439 840 1470 1110

92 1481 283 1519 admirante,
296 1481 349 1512 bic
362 1481 460 1513 etiam
473 1482 695 1514 confirmavit:
716 1481 841 1512 addidit

93 1531 127 1555 et
154 1531 281 1566 tempus
302 1524 486 1555 celeritatis.
526 1524 716 1555 D.—Metri
743 1534 841 1555 causa

90 1566 352 1598 interserendum
367 1572 417 1597 est
430 1577 506 1603 eam,
526 1573 560 1597 et
581 1566 755 1607 legendum
775 1578 840 1597 eam

90 1612 200 1650 opp-‘do
217 1609 333 1650 ejiciat.
380 1609 468 1640 Dein
491 1619 569 1640 usus
591 1609 743 1649 loquendi
765 1616 841 1640 ante

91 1654 153 1683 cito
166 1652 365 1693 postulatae,
377 1652 465 1692 quod
473 1662 492 1682 a
503 1652 708 1693 praecedente
719 1652 842 1693 syllaba

92 1695 281 1736 absorptum
296 1701 356 1726 est.
392 1695 428 1725 B.

137 1738 167 1768 9.
193 1737 289 1778 Cedo]
302 1737 483 1779 Singularis
494 1743 619 1768 tautum
632 1737 761 1769 numeri
772 1744 839 1769 est
832 1762 839 1768 .

92 1787 210 1811 coetera
231 1780 375 1821 pluralis,
392 1786 430 1810 ut
451 1781 549 1817 Salve,
569 1782 690 1811 salvete.
737 1782 798 1811 Dic
813 1787 843 1812 te

92 1822 271 1863 ‹1201an
297 1822 490 1859 Pronuncia,
506 1825 557 1853 dic
567 1835 577 1852 .·
600 1823 692 1863 quasi
708 1833 778 1854 rem
794 1823 841 1854 fa·

92 1865 199 1902 cilem,
216 1873 250 1897 et
264 1865 386 1896 nullius
399 1865 589 1906 prejudicii.
613 1867 675 1896 Dic
690 1871 720 1897 te
732 1868 841 1896 ductu-

92 1907 176 1949 run]
203 1908 276 1939 Hoc
300 1915 358 1945 est,
382 1908 467 1948 quod
489 1908 530 1939 ab
551 1907 646 1939 initio
667 1908 841 1939 nitebatur.

94 1951 265 1982 D.—Cedo
277 1953 375 1992 igitur
387 1949 598 1992 quidfaciam,
614 1952 700 1982 Dave
713 1950 746 1991 ?]
766 1951 842 1992 Ipsa

153 1993 272 2036 positio
283 1994 512 2035 persuasionis.
551 1995 613 2024 Dic
625 1999 654 2024 te
662 1994 840 2035 ducturum]

91 2003 269 2086 &pugnat
287 2042 400 2068 contra
423 2036 623 2078 Pamphilus.
670 2036 841 2068 Persuasio

91 2079 239 2120 sequitur
268 2079 432 2111 continuo.
491 2079 578 2115 Quid
610 2079 680 2110 lieri
713 2079 839 2117 habeat,

89 2122 190 2164 (lege,
203 2122 346 2162 debean)
362 2122 390 2153 si
406 2123 467 2153 hoc
484 2122 530 2159 fit,
547 2122 607 2152 boc
624 2129 684 2159 est,
700 2122 728 2153 si
744 2123 839 2164 polli-

91 2172 204 2197 ceatur
218 2176 254 2197 se
268 2176 339 2197 esse
354 2166 536 2201 ducturum.
570 2165 608 2195 E.

138 2209 186 2239 10.
210 2210 315 2250 Egone
329 2211 428 2239 dicam
438 2207 472 2249 ?]
488 2208 532 2239 Τὸ
547 2210 615 2249 Ego
630 2207 768 2247 ἔμφασιν
783 2208 840 2239 ha-

91 2251 163 2282 bet:
187 2251 248 2282 boc
264 2257 323 2289 est,
339 2251 391 2282 vel
413 2261 509 2292 quem
532 2261 598 2282 non
621 2257 769 2292 oporteat
790 2251 841 2281 di-

90 2304 175 2332 cere,
185 2294 238 2325 vel
246 2304 344 2335 quem
358 2304 425 2325 non
440 2294 613 2325 conveniat
624 2293 735 2324 fallere
745 2300 841 2334 atque

91 2337 232 2368 mentiri.
272 2339 336 2368 Cur
350 2349 407 2368 non
416 2336 451 2377 ἶ]
475 2337 552 2368 Non
574 2336 763 2377 interrogat,
784 2337 842 2367 sed

91 2379 278 2411 facilitatem
300 2380 348 2411 rei
369 2379 521 2411 ostendit.
559 2378 740 2420 Nunquam]
766 2379 844 2411 Plus

91 2422 190 2453 habet
206 2423 397 2463 negationis,
414 2433 511 2463 quam
526 2434 592 2453 ιιοιι.
625 2422 668 2453 D.

93 2466 188 2543 adl.
202 2467 252 2497 Ex
266 2477 303 2496 ea
316 2477 350 2497 re
365 2467 508 2506 quidfiat
523 2464 610 2506 vide]
619 2464 699 2496 Ἀπὸ
713 2466 773 2502 τῆς
788 2466 842 2504 ἐμ·

162 2520 228 2540 ως.
258 2508 302 2539 D.

140 2551 189 2581 12.
219 2552 261 2582 Ue
275 2553 316 2582 ab
335 2553 391 2581 5110
411 2553 566 2588 excludar,
585 2553 642 2582 hac
661 2550 841 2592 concludar]

94 2592 182 2623 Mire
196 2593 280 2624 hane
302 2604 375 2624 cum
391 2594 585 2635 pronomine
602 2593 774 2635 significat,
791 2594 841 2624 di-

91 2646 169 2667 cens
183 2637 224 2667 ab
237 2637 303 2666 illa.
343 2635 395 2666 Illi
412 2647 473 2668 nec
494 2647 609 2668 sexum
632 2636 784 2673 servavit,
801 2647 842 2668 ne

91 2688 176 2709 uxor
191 2688 262 2709 esse
277 2678 425 2710 vidntur
446 2679 636 2718 (lectionem
656 2687 841 2721 corruptam

91 2721 139 2752 sic
162 2721 300 2752 restituo
316 2733 324 2751 :
356 2723 396 2752 ab
422 2723 487 2752 illa.
523 2723 625 2753 Illinc.
659 2723 741 2753 Huc.
776 2723 844 2753 Nec

90 2775 194 2795 netum
208 2766 349 2800 servavit,
369 2775 406 2795 ne
427 2775 503 2795 ιτα·
522 2776 587 2796 esse
606 2764 774 2804 videam.)
798 2765 844 2796 Et

26 2845 35 2850 ῃ
91 2816 134 2838 ex
148 2807 289 2838 ferarum
299 2806 510 2838 translatione
519 2808 682 2838 concludar
689 2807 788 2843 dixin
805 2813 844 2839 ut

92 2849 180 2887 alibi,
202 2851 370 2881 conclusam
391 2851 442 2880 hie
461 2851 557 2880 habeo
579 2861 700 2881 uorem
722 2861 840 2882 sem

99 2893 142 2923 Ue
162 2894 202 2923 ab
227 2894 283 2923 illa
304 2890 466 2932 excludar]
490 2891 546 2923 ’Eu
700 2904 746 2923 et:
770 2903 845 2925 nam

92 2934 180 2966 aliud
194 2935 303 2971 insert,
325 2941 422 2975 atque
444 2934 599 2976 intelligit
612 2935 742 2966 Davum
756 2935 845 2967 dice-

92 2986 138 3009 re.
179 2978 318 3009 D.—-Ab
340 2980 395 3009 illa
417 2980 572 3015 excludor,
595 2978 844 3018 haemelndar]

633 1018 750 1060 Nam
771 1018 905 1061 hocce
927 1017 1046 1059 haud
1066 1018 1247 1059 dubium
1268 1025 1349 1067 est,
1372 1018 1477 1074 quin
1498 1019 1635 1062 Chre·

149 1082 254 1124 Tibi
274 1098 363 1125 non
382 1083 458 1124 det
476 1090 675 1138 gnatam:
706 1098 787 1125 nec
808 1090 857 1125 tu
877 1097 930 1124 ea
950 1098 1082 1125 causa
1100 1083 1303 1125 minueris

1523 1085 1634 1138 [mes

882 1182 949 1214 Hic
970 1182 1034 1214 levi
1051 1183 1232 1214 mutatione
1248 1183 1339 1215 verbi
1359 1184 1397 1215 fit
1411 1184 1515 1225 figura
1537 1194 1635 1225 paro-

879 1226 1035 1262 nomasia,
1067 1232 1104 1256 ut
1129 1236 1148 1256 a
1174 1226 1326 1267 Glycerio
1353 1227 1553 1265 excludatur,
1581 1227 1634 1258 in-

880 1269 960 1309 quit,
978 1269 1031 1299 hic
1050 1269 1113 1299 erit
1128 1276 1282 1300 eventus:
1314 1276 1349 1301 at
1369 1269 1425 1300 ille
1440 1276 1564 1307 contra,
1578 1269 1635 1311 qui

879 1312 1106 1353 persuadebat,
1136 1312 1288 1349 ostendit,
1320 1312 1393 1353 quis
1426 1319 1563 1344 eventus
1592 1313 1635 1343 sit

882 1354 1021 1392 futurus,
1044 1354 1072 1385 si
1094 1354 1302 1395 polliceatur:
1327 1362 1362 1386 et
1383 1355 1476 1386 facile
1491 1365 1563 1386 esse
1584 1355 1635 1386 di-

884 1396 939 1428 cit.
973 1397 1014 1427 E.

930 1440 978 1470 13.
1002 1441 1119 1479 Nempe
1134 1442 1188 1470 hoc
1202 1442 1246 1470 sic
1260 1439 1341 1480 esse]
1366 1440 1561 1480 conjectura
1586 1446 1635 1472 at-

883 1492 945 1522 que
966 1482 1135 1519 divinatio,
1150 1492 1192 1513 an
1208 1483 1279 1519 hoc,
1302 1493 1343 1513 an
1359 1483 1440 1514 illud
1463 1490 1635 1514 venturum

883 1524 936 1555 sit.
974 1526 1091 1564 Nempe
1105 1527 1159 1556 hoc
1172 1527 1217 1556 sic
1230 1536 1294 1556 esse
1314 1525 1435 1566 opinor]
1459 1526 1512 1556 Ab
1526 1525 1635 1556 imita-

884 1567 983 1603 tione,
1017 1567 1148 1606 μίμησις
1176 1567 1264 1598 enim
1293 1567 1423 1605 dicitur,
1454 1568 1635 1599 deducitur.

887 1611 1001 1650 Nempe
1026 1609 1097 1650 hoc]
1117 1611 1148 1641 A
1162 1610 1319 1651 possibili.
1352 1610 1557 1650 Dae-Nempe
1583 1613 1637 1642 hoe

884 1654 930 1683 ric
955 1663 1019 1683 esse
1043 1664 1150 1692 opnor
1173 1655 1326 1684 dicturum
1348 1659 1492 1693 patrem:
1531 1655 1637 1684 Ducas

884 1697 971 1726 hodie
986 1697 1049 1726 volo
1064 1706 1206 1731 uorem,-
1229 1702 1273 1733 tu,
1293 1698 1412 1732 ducam,
1430 1708 1462 1727 m
1464 1696 1566 1737 quies]
1590 1697 1638 1727 Ut

885 1738 1034 1769 ostendat
1056 1748 1127 1769 rem
1154 1738 1190 1769 in
1215 1738 1322 1770 verbis
1350 1749 1431 1776 esse,
1455 1745 1530 1780 post
1554 1739 1635 1770 nihil

885 1781 1030 1811 futurum
1046 1781 1214 1818 sermonis,
1237 1781 1403 1823 adjungit.
1436 1781 1475 1812 E.

932 1824 981 1854 15.
1018 1823 1114 1864 Cedo]
1144 1825 1224 1854 Cedo
1252 1824 1461 1864 singulariter
1490 1830 1636 1855 tantum:

884 1873 1001 1897 eaeoera
1023 1866 1201 1907 pluraliter.
1248 1867 1328 1897 Cedo
1353 1868 1430 1906 quid
1441 1866 1589 1907 jur-gabis
1599 1866 1634 1908 ⁹]

886 1909 939 1939 Ab
954 1908 1037 1939 utili.
1075 1911 1140 1939 Hic
1154 1911 1262 1939 reddet
1274 1908 1391 1949 omnia]
1408 1910 1472 1940 Hic
1485 1910 1636 1940 adverbi-

885 1961 941 1981 um
956 1950 1019 1981 loci
1034 1961 1099 1981 non
1115 1957 1175 1988 est,
1191 1951 1248 1982 sed
1263 1951 1452 1982 adverbium
1470 1952 1636 2003 temporis.

887 1993 934 2024 Ut
949 1993 1117 2034 Virgilius,
1135 1993 1233 2024 AEn.
1224 2004 1268 2024 ix.
1285 1994 1359 2025 246.
1375 1995 1440 2025 Hie
1457 1997 1548 2026 anuis
1558 2006 1636 2035 gra-

1497 2039 1619 2069 Reddet

885 2078 1008 2115 Facies,
1025 2079 1187 2110 restitues.
1224 2079 1266 2110 D.
1267 2081 1394 2111 —Cedo
1407 2037 1638 2121 quidjurgabii

885 2126 980 2152 tecum
991 2121 1025 2162 ?]
1060 2122 1172 2163 Ipsum
1196 2122 1314 2153 deinde
1337 2123 1431 2164 ponit
1454 2123 1635 2154 dicentem:

884 2166 948 2195 Hic
962 2167 1070 2196 reddet
1080 2167 1190 2201 mnia,
1204 2176 1271 2206 quae
1282 2176 1362 2196 nunc
1374 2170 1460 2196 certa
1470 2170 1551 2203 unt,
1565 2177 1636 2196 con-

884 2209 966 2244 silia,
983 2210 1100 2238 incerta
1114 2213 1149 2238 ut
1163 2210 1251 2239 sient.
1284 2207 1324 2238 Ε.

930 2251 979 2281 16.
997 2252 1119 2281 Incerta
1131 2256 1165 2281 ue
1175 2249 1272 2291 sient]
1288 2250 1354 2281 Hic
1369 2256 1419 2282 est
1429 2257 1574 2282 eventum.
1593 2251 1636 2282 D.

931 2293 980 2325 17.
1012 2295 1085 2324 Sine
1115 2295 1194 2324 omni
1219 2292 1352 2334 periclo]
1386 2293 1460 2324 Hoc
1484 2300 1543 2331 est,
1565 2293 1637 2324 sine

885 2336 1032 2367 ducenda
1061 2336 1264 2367 Philumena.
1298 2336 1440 2367 D.—Ab
1464 2335 1539 2367 utili
1559 2337 1637 2368 zub-

882 2378 1638 2464 {iifflffioffssssissmssffiss'sstsfflmffi‘ff

887 2464 940 2501 tri,
971 2464 1000 2496 si
1030 2465 1187 2496 Chremes
1216 2464 1317 2495 filiam
1344 2475 1436 2495 suam
1467 2464 1639 2506 Pamphilo

886 2507 969 2538 nolit
988 2507 1116 2538 tradere
1136 2517 1281 2538 uxorem.
1321 2507 1406 2538 Nam
1427 2506 1456 2538 si
1471 2507 1551 2538 velit
1565 2514 1638 2539 ten-

887 2556 956 2581 tare
971 2550 1186 2581 adolescentis
1200 2550 1325 2581 animos
1347 2559 1461 2588 senex,
1484 2556 1519 2581 et
1531 2550 1637 2581 eonti-

886 2603 952 2624 nuo
967 2594 1009 2624 ad
1023 2593 1230 2624 Chremetem
1252 2602 1389 2635 pergere
1409 2598 1445 2624 et
1463 2599 1576 2634 petere
1597 2592 1637 2624 fi-

886 2635 975 2674 liam,
1004 2635 1223 2677 periculosum
1255 2642 1314 2666 est.
1362 2635 1440 2666 Ideo
1469 2635 1637 2676 adiungit3

886 2678 1021 2710 fortasse
1037 2688 1133 2720 posse
1155 2678 1263 2718 aliqua
1284 2677 1414 2716 mutari,
1429 2683 1467 2709 ut
1480 2678 1638 2710 Chremes

886 2722 1017 2762 quidem
1033 2732 1120 2752 nunc
1136 2721 1226 2758 nolit,
1243 2727 1352 2752 tamen
1371 2721 1476 2752 tradat
1489 2720 1636 2762 aliquan-

886 2765 937 2795 do.
977 2764 1144 2795 Adversus
1165 2763 1252 2794 istud
1276 2763 1386 2812 igitur,
1410 2761 1461 2795 Ne
1480 2766 1639 2795 amcitiam

885 2812 981 2838 mutet
997 2809 1146 2843 Chremes,
1162 2806 1245 2837 nihil
1269 2805 1359 2838 aliud
1381 2806 1509 2838 consilii
1530 2807 1636 2838 datur.

886 2849 1049 2880 E.-N1si
1064 2849 1154 2890 legas
1171 2851 1288 2889 periclo
1306 2859 1368 2891 pro
1385 2851 1531 2890 periculo,
1548 2856 1582 2880 et
1596 2859 1639 2880 ex

890 2895 970 2924 omni
1002 2891 1104 2923 elidas
1137 2903 1188 2927 n,-
1224 2901 1338 2924 versus
1371 2898 1422 2924 at
1450 2892 1638 2934 impeditus.

892 2936 1038 2966 Faernus
1053 2934 1140 2976 apud
1157 2934 1195 2966 B.

937 2979 984 3008 18.
1010 2979 1077 3008 Nee
1091 2983 1172 3009 tuen
1186 2988 1281 3009 causa
1301 2977 1463 3018 αἰιυιεήε]
1491 2977 1566 3009 Hoc
1591 2983 1640 3007 est

883 2038 930 2067 m's
941 2042 1032 2076 atque
1047 2038 1142 2067 mimi
1162 2042 1300 2068 maturus
1325 2039 1459 2068 Aletloes.
