1852 3216
114 184 253 212 sei-:NA
276 169 357 225 lv.]

670 169 1086 212 EUNUCHUS.

1563 174 1642 214 211

170 260 261 301 Sed
281 273 395 301 nunc
411 258 516 313 quid
534 257 777 300 faciendum
793 273 959 309 censeS‚
975 259 1163 301 Dorias?
1195 257 1285 301 Do.
1305 258 1377 301 De
1393 259 1500 301 istac
1516 273 1646 314 rogas

170 323 381 378 Virgine?
425 322 509 364 ΡΥ.
532 323 624 374 Ita3
656 331 800 365 utrum
819 331 1055 374 taceamne,
1077 339 1131 365 an
1152 324 1414 379 praedicem?
1461 323 1551 365 Do.
1573 324 1647 365 Tu

252 386 341 442 pol,
364 388 399 429 si
420 388 552 442 sapis,

109 461 151 491 55
168 452 303 499 Quod
325 453 422 503 scis,
439 452 595 502 nescis,
618 467 757 507 neque
779 453 835 494 de
854 453 1070 503 eunucho,
1087 469 1228 509 neque
1248 454 1303 495 de
1323 454 1425 495 vitio
1445 453 1619 507 virginis
1636 469 1645 493 z

165 516 265 558 Hac
286 530 333 558 re
354 524 398 558 et
418 524 461 559 te
484 517 598 558 omni
618 517 746 558 turba
764 516 950 567 evolves,
972 525 1016 559 et
1037 517 1095 559 illi
1115 525 1286 573 gratum
1306 518 1475 560 feceris.

166 580 219 623 Id
239 581 368 623 modo
385 582 470 631 dic,
488 582 630 623 abisse
646 582 828 624 Dorum.
878 582 962 623 ΡΥ.
980 582 1049 624 Ita
1061 582 1227 625 faciam.
1266 582 1355 624 Do.
1374 582 1464 624 Sed
1478 582 1646 623 videon’

253 645 481 688 Chremem
497 649 514 692 2

166 709 305 751 Thais
319 711 408 765 jam
425 711 578 753 aderit.

246 775 335 829 jam
357 783 445 816 tum
466 776 687 830 inceperat

165 838 318 880 Turba
338 839 449 881 inter
468 853 560 881 eos.
610 840 694 881 Pr.
717 839 859 883 Aufer
879 856 1032 883 aurum
1050 841 1133 884 hoc
1151 858 1160 883 ε

250 903 356 958 quid
377 904 472 946 siet.

624 711 708 752 Pr.
725 711 846 759 Quid
867 712 926 752 ita
941 713 958 752 2
999 711 1086 753 Do.
1104 711 1236 761 Quia,
1254 726 1386 767 quum
1403 712 1503 753 inde
1520 712 1643 760 abeo,

1202 857 1285 898 ego
1312 842 1431 884 scibo
1459 856 1515 883 ex
1545 841 1644 891 hoc,

371 1013 626 1061 ACTUS
671 1015 973 1068 QUARTI
1019 1016 1272 1064 SCENA
1315 1017 1374 1063 V.

627 1118 866 1149 CHREMES.

909 1119 1126 1150 PYTHIAS.

162 1176 294 1219 ΑΤΔΤ
311 1179 322 1219 !
353 1177 457 1219 data
476 1176 622 1219 hercle
642 1179 775 1220 verba
794 1178 898 1220 mihi
917 1186 1045 1221 sunt:
1077 1180 1178 1221 vicit
1198 1180 1341 1221 vinum
1361 1180 1479 1235 quod
1500 1181 1604 1222 bibi.

106 1265 267 1305 οικονομία
302 1266 342 1298 ad
379 1265 526 1297 futurum
563 1266 688 1298 exitum
726 1266 851 1298 fabulae.

106 1309 192 1340 Nam
212 1309 290 1340 dum
312 1319 348 1340 se
368 1309 536 1340 ulciscitur
552 1309 695 1350 Pythias,
713 1309 751 1340 fit
765 1309 852 1340 indi-

104 1351 192 1383 cium
206 1351 292 1393 patri
303 1352 456 1389 Chaereae,
469 1358 503 1382 et
517 1352 752 1383 confirmantur
767 1362 851 1394 nup-

106 1394 170 1425 tiae.
194 1394 237 1425 D.

150 1437 202 1466 53.
222 1438 283 1467 Sed
300 1447 379 1467 nunc
399 1435 490 1477 quid]
515 1436 582 1467 Hic
604 1447 714 1467 secum
736 1437 854 1468 ancilla

110 1478 279 1516 deliberat,
317 1489 359 1509 an
390 1479 600 1510 indicandum
631 1479 675 1510 sit
702 1479 852 1517 dominae,

109 1521 270 1562 virginem
291 1531 362 1552 esse
377 1521 533 1552 vitiatam.
571 1522 667 1556 Quod
688 1522 778 1553 brevi
801 1533 853 1553 ar-

109 1570 265 1604 gumento
281 1564 491 1605 percurritur.
529 1564 676 1595 Primum
698 1564 745 1595 sic
765 1565 853 1606 posi-

110 1612 179 1637 tum
196 1612 255 1643 est,
275 1608 401 1637 Taoeam
416 1618 457 1637 an
477 1617 546 1637 vero
568 1608 693 1637 dicam?
731 1608 854 1638 Suadet

109 1654 218 1680 autem
238 1655 275 1679 ut
294 1655 407 1686 taceat,
423 1649 464 1680 ab
488 1649 570 1686 utili,
590 1650 637 1680 Tu
651 1651 703 1689 pol
716 1652 744 1680 n·
758 1653 852 1690 sapis,

108 1693 188 1731 quod
208 1693 288 1722 scias
309 1693 415 1728 neseis,
431 1702 525 1732 neque
545 1693 583 1722 de
599 1694 742 1729 eunucho,
759 1704 853 1733 neque

109 1735 147 1764 de
175 1735 249 1764 m’u’o
276 1736 414 1774 virginis.
446 1734 484 1764 Ε.
491 1736 662 1771 -Οεπιεε,
693 1736 807 1765 Dorias
818 1735 852 1775 .⁷]

110 1775 151 1806 V.
162 1776 200 1807 C.
212 1777 331 1813 suades,
341 1778 476 1807 Dorias?
490 1777 853 1818 L—Cemesreperitur

109 1817 144 1848 in
161 1818 232 1849 edd.
249 1825 327 1849 vett.
344 1825 378 1849 et
393 1829 458 1849 uno
478 1829 518 1849 ex
541 1819 680 1850 nostris:
705 1819 739 1850 in
754 1826 852 1850 caete-

109 1860 165 1898 ris,
181 1862 300 1892 suades.
339 1860 521 1901 Utrumque
535 1862 645 1902 probe
678 1861 716 1892 B.

153 1905 205 1934 54.
242 1905 351 1934 Utrum
381 1909 542 1940 manne,
577 1915 618 1934 an
643 1906 805 1944 praedicem
815 1903 849 1944 .⁹]

109 1945 257 1977 Tertium
271 1944 448 1986 παρέλκυνε
471 1946 615 1977 abundat
635 1946 721 1977 euim
745 1953 803 1977 aut
816 1959 852 1977 u·-

109 1993 201 2025 trnm,
216 1994 273 2019 aut
288 2000 324 2019 ne
336 2001 348 2019 .-
370 1995 427 2019 aut
447 1995 534 2019 certe
554 1989 616 2019 hoc
641 1989 687 2026 fit,
704 1996 741 2020 ut
755 1989 798 2020 sit
814 1989 851 2019 fi-

108 2041 190 2072 gura
214 2032 339 2069 τμῆσις.
381 2033 427 2062 Τιι
445 2033 506 2071 pol,
530 2034 558 2062 si
579 2034 671 2071 sapis,
694 2034 774 2072 quod
793 2034 855 2062 scis

107 2072 221 2114 nescis]
245 2073 322 2104 Non
343 2084 517 2115 possumus
538 2074 663 2105 nescire
684 2074 769 2114 quod
791 2074 854 2105 sci-

108 2125 190 2147 mus.
236 2116 301 2146 Sed
323 2116 378 2152 ita,
402 2123 447 2152 ut,
471 2119 628 2147 concordia
650 2119 788 2152 discens,-
820 2123 853 2148 et

109 2158 277 2199 Virgilius,
306 2159 382 2189 AEn.
406 2159 450 2189 xi.
475 2160 548 2190 695.
586 2162 778 2199 sequiturque
803 2170 852 2190 se-

185 2207 252 2232 ten-
280 2202 309 2232 T
307 2213 327 2232 ιι
340 2203 399 2241 pol,
414 2204 442 2232 si
456 2205 548 2242 sapis,
564 2204 644 2242 quod
656 2204 725 2239 scis,
738 2201 851 2242 nescis]

107 2211 296 2292 ffleamus,
312 2254 371 2275 cur
386 2244 468 2275 nolit
482 2251 580 2286 poeta
601 2244 642 2275 de
657 2244 737 2275 vitio
752 2244 852 2285 virgi-

108 2285 160 2317 nis
181 2286 336 2318 continuo
357 2286 440 2317 scire
463 2287 641 2318 Thaidem.
667 2294 785 2324 utrum,
809 2297 851 2318 ne

108 2327 852 2420 ἓῗῗῗέἕιὲῖῗῖζξῗῗῗιῗῗὲξΞὲαὲἳηωίῗὲᾦίἳ.

109 2412 222 2444 habitu
222 2414 388 2462 vultuque
402 2414 466 2446 ista
478 2421 670 2455 cognoscat.
661 2416 673 2437 ⁷
699 2416 786 2455 quod
802 2422 852 2446 est

109 2455 292 2487 actuoeius.
315 2466 403 2497 an‚q
404 2457 468 2488 uod
489 2458 674 2498 proximum
690 2468 768 2488 vero
790 2464 850 2495 est,

109 2503 147 2528 ut
160 2497 248 2528 illam
264 2504 298 2529 et
311 2467 412 2530 Thaiqs
431 2506 465 2531 et
478 2499 587 2537 frater,
600 2500 788 2541 ignorantes
800 2500 848 2531 vi-

110 2539 233 2577 tiatam,
255 2540 432 2573 animosius
455 2542 611 2574 adversus
632 2543 769 2574 militem
792 2543 849 2574 de-

109 2582 253 2619 rendam,
267 2583 442 2631 repetitum
465 2595 536 2615 eam
558 2584 754 2623 venientem,
775 2596 850 2616 cum

109 2631 200 2655 tanto
221 2632 358 2667 strepitu
380 2636 418 2657 ac
439 2626 558 2658 minis?
598 2627 683 2658 Nam
706 2639 770 2668 quo
792 2638 848 2659 ore

106 2674 265 2708 praeterea
286 2667 409 2699 diceret
431 2668 531 2700 Thais
546 2669 722 2707 Chremeti,
738 2671 779 2701 de
794 2681 846 2702 so-

107 2709 190 2740 roris
213 2710 337 2750 pudore
359 2710 507 2748 sollicito,
529 2713 638 2743 educta
658 2718 705 2744 est
726 2715 783 2750 ita,
801 2715 849 2744 uti

107 2757 193 2792 teque
216 2754 329 2792 illaque
358 2754 482 2793 dignum
505 2759 561 2790 est,
586 2754 615 2784 si
643 2754 750 2792 sciret,
776 2765 848 2786 eam

106 2794 267 2843 virginem
292 2805 358 2825 non
384 2797 480 2826 esse?
510 2796 598 2826 D.—
604 2796 650 2834 Si,
677 2800 851 2837 praeaicen,

105 2837 238 2873 retines,
272 2837 398 2869 laborat
426 2848 550 2875 versus,
580 2839 636 2879 qui
671 2839 852 2871 trochaicus

106 2886 174 2915 est,
197 2879 248 2911 sin
273 2890 346 2910 cum
374 2880 533 2912 Vaticano
556 2880 648 2922 legis,
671 2883 848 2921 praedican,

106 2929 266 2963 repugnat
295 2922 466 2954 sententia.
512 2923 619 2964 Igitur
643 2930 733 2955 muta
760 2925 847 2956 ordi-

106 2973 191 3003 nem,
207 2971 308 2996 utrum
319 2968 520 3005 praedieemne
535 2978 576 2998 an
592 2971 706 2998 taceam
717 2970 733 2998 ἲ
760 2967 848 3000 Prae-

896 1267 1008 1299 sertim
1024 1278 1099 1299 cum
1114 1267 1149 1299 in
1165 1268 1373 1300 deliberando
1386 1269 1556 1300 consilium
1573 1280 1642 1300 me·-

896 1310 961 1341 lius
986 1310 1148 1352 posterius
1176 1311 1243 1342 sere
1267 1318 1428 1352 ponatur:
1453 1318 1490 1343 ut
1518 1312 1642 1343 Heaut.

895 1352 942 1383 iii.
960 1354 990 1383 2.
1008 1355 1058 1384 38.
1092 1353 1129 1384 Β.

940 1397 991 1426 55.
1011 1398 1098 1429 Quod
1106 1397 1174 1432 scis,
1184 1395 1298 1437 nescis]
1310 1396 1406 1427 Unde
1417 1396 1452 1427 in
1465 1396 1644 1428 Heautout.

898 1439 1027 1469 Nescius
1053 1441 1133 1478 quod
1156 1440 1225 1475 scis,
1247 1441 1275 1470 ei
1295 1441 1389 1479 capis.
1434 1439 1480 1470 Et
1506 1439 1567 1470 hoc
1595 1446 1646 1470 est

898 1481 983 1520 quod
995 1479 1175 1519 κακόζηλον
1185 1481 1314 1512 dicitur.
1352 1483 1438 1515 Quod
1448 1484 1516 1519 scis,
1528 1482 1643 1523 nescis]

899 1523 1106 1554 Proverbiale
1129 1530 1186 1560 est,
1204 1530 1238 1554 et
1253 1524 1391 1555 multum
1412 1525 1500 1565 apud
1524 1525 1644 1555 dialec-

898 1565 979 1596 ticos
1002 1572 1191 1596 tractatum:
1222 1572 1267 1603 ut,
1291 1568 1395 1603 Facio,
1413 1572 1445 1598 et
1465 1578 1522 1598 non
1535 1566 1644 1607 facio.-

896 1615 938 1645 et,
949 1610 1075 1639 Amicus
1082 1613 1195 1645 sumet
1204 1620 1261 1639 non
1270 1620 1334 1639 eum
1342 1622 1354 1639 .·
1370 1611 1533 1646 et,=Audio‚
1545 1615 1576 1641 et
1587 1621 1645 1640 non

895 1652 996 1687 audio,
1013 1657 1046 1681 et
1060 1657 1177 1681 caetera
1190 1651 1385 1691 hujusmodi.
1424 1653 1474 1682 De
1493 1651 1644 1692 eunucho]

896 1693 984 1728 Quid
1006 1693 1112 1724 fuerit.
1156 1695 1204 1724 De
1222 1693 1372 1734 eunucho]
1395 1694 1491 1729 Quod
1511 1695 1646 1725 Chaerea

897 1736 948 1771 sit,
962 1746 1027 1766 non
1041 1736 1218 1767 eunuchus.
1241 1738 1290 1767 De
1301 1739 1375 1767 vitio
1385 1736 1531 1777 virginis]
1549 1737 1646 1772 Quod

890 1780 958 1818 jam
970 1778 1087 1809 mulier
1095 1778 1176 1809 facta
1186 1778 1238 1809 sit.
1261 1779 1439 1812 D.—Qu0a
1448 1782 1517 1816 scis,
1530 1779 1644 1820 nescis]

895 1821 937 1851 V.
954 1821 992 1851 C.
1010 1820 1100 1854 Quod
1108 1823 1197 1851 scias.
1236 1821 1289 1851 Sic
1304 1821 1338 1851 in
1358 1821 1535 1852 Heautont.
1552 1822 1595 1852 iv.
1613 1825 1644 1852 4.

897 1863 950 1893 26.
984 1864 1030 1893 Tu
1056 1865 1153 1893 nescis
1174 1865 1216 1899 id,
1239 1865 1319 1903 quod
1338 1866 1406 1894 scis.
1452 1863 1588 1895 Plautus
1609 1863 1645 1895 in

899 1904 1017 1941 Milite,
1038 1905 1071 1935 ii.
1096 1905 1125 1935 6.
1151 1906 1201 1935 88.
1226 1907 1286 1936 Nae
1308 1911 1342 1935 tu
1364 1907 1472 1942 hercle,
1495 1908 1523 1936 si
1543 1912 1572 1937 te
1586 1908 1646 1937 Dis·

897 1952 1007 1984 ament,
1028 1950 1162 1988 linguam
1177 1950 1350 1987 comprimes
1371 1949 1523 1979 Posthac.-
1551 1951 1644 1980 etiam

897 1991 984 2026 illud,
998 1992 1077 2030 quod
1090 1992 1176 2026 scies,
1188 1992 1356 2027 nesciveris,
1369 1992 1420 2022 Ne
1431 1992 1553 2028 videris,
1566 1994 1646 2032 quod

897 2034 1019 2063 videris.
1057 2032 1109 2062 Jo.
1128 2032 1275 2063 Sarisber
1290 2032 1394 2074 Epist.
1414 2034 1485 2064 186.
1501 2037 1644 2065 comicum

898 2073 1050 2114 illudfere
1062 2077 1094 2105 in
1106 2077 1234 2106 omnium
1246 2076 1414 2107 volveretur
1423 2078 1544 2115 animis,
1557 2076 1646 2112 Quod

895 2120 965 2153 scio,
982 2120 1089 2148 nescio.
1121 2118 1158 2149 1..

940 2160 990 2190 56.
1014 2162 1086 2191 Hac
1100 2171 1134 2191 re
1150 2165 1179 2191 te
1194 2163 1273 2191 omni
1287 2163 1378 2191 turba
1391 2161 1520 2202 evolvet]
1537 2162 1645 2194 Causa

897 2202 1040 2242 quaesita,
1071 2213 1131 2234 cur
1160 2210 1235 2233 ante
1261 2203 1405 2244 jurgium
1436 2214 1510 2235 cum
1540 2205 1644 2236 milite

896 2245 997 2276 Thais
1018 2245 1141 2276 nesciat
1161 2245 1307 2276 vitiatam
1327 2245 1497 2286 virginem.
1537 2249 1583 2278 Et
1596 2250 1646 2278 ills·

893 2293 1016 2328 gratum
1031 2287 1165 2328 seceris]
1189 2288 1262 2324 Cui,
1286 2288 1348 2319 nisi
1375 2288 1520 2330 virg-ini?
1551 2291 1644 2330 cujus

894 2330 1028 2367 crimen,
1042 2337 1079 2361 ut
1093 2341 1201 2372 supra,
1217 2330 1348 2362 silentio
1363 2332 1493 2368 texeris,
1506 2342 1644 2373 praeser·

894 2373 953 2404 tim
967 2373 1103 2404 tacentis
1116 2373 1267 2413 injuriam
1280 2383 1382 2410 suam,
1396 2380 1429 2404 et
1441 2374 1488 2405 sic
1503 2374 1644 2408 dolentis

894 2415 1045 2446 amissam
1071 2415 1301 2456 virginitatem,
1324 2423 1361 2447 ut
1383 2426 1443 2447 nec
1467 2417 1644 2449 confessio·

894 2468 969 2489 nem
985 2468 1053 2489 suae
1067 2458 1259 2489 calamitatis
1276 2458 1385 2490 subire
1400 2459 1503 2500 possit
1519 2460 1642 2499 (Dane-

894 2501 942 2531 ria
954 2507 1051 2538 recte,
1064 2503 1122 2538 ini,
1138 2501 1250 2532 retulit
1260 2501 1302 2532 ad
1316 2501 1485 2532 Thaidem.
1509 2502 1642 2534 Etenim

894 2553 987 2574 serva
1010 2543 1119 2585 potius
1140 2544 1251 2574 heram
1265 2554 1378 2575 curare
1393 2544 1532 2582 videtur,
1544 2555 1643 2586 quam

893 2586 1042 2617 alienam.
1060 2586 1126 2624 Ζ.).
1158 2586 1201 2617 D.

935 2629 988 2661 57.
1011 2630 1052 2659 Id
1072 2630 1156 2660 modo
1178 2627 1246 2668 dic]
1272 2630 1313 2659 Id
1326 2639 1386 2670 pro
1407 2631 1471 2667 hoe,
1486 2631 1640 2671 subjunc-

892 2671 994 2702 tivum
1009 2681 1069 2712 pro
1083 2671 1300 2720 prepositum
1334 2671 1375 2702 D.

935 2715 987 2744 58.
1015 2715 1108 2744 Thais
1122 2713 1193 2753 jam
1208 2713 1326 2754 ader-ie]
1351 2714 1442 2746 Bene
1455 2714 1548 2753 dixit,
1562 2717 1638 2747 ade-

890 2758 957 2791 rit,·
985 2756 1061 2786 huic
1081 2756 1168 2787 enim
1195 2755 1302 2786 aderit
1319 2755 1428 2788 Thais.
1453 2757 1536 2792 Quia
1549 2770 1640 2799 qm

894 2800 964 2829 inde
986 2797 1076 2838 abeo]
1100 2797 1209 2828 Aliam
1229 2808 1359 2830 causam
1376 2809 1419 2830 ex
1431 2799 1495 2831 alia
1516 2810 1637 2843 suppo-

894 2840 977 2871 suit:
1002 2840 1091 2880 quasi
1108 2840 1240 2877 diceret,
1255 2843 1341 2873 video
1353 2852 1485 2874 caum.
1517 2843 1559 2874 D.

936 2884 987 2914 59.
1016 2881 1123 2922 Tuser
1137 2882 1261 2923 aurum]
1278 2883 1344 2916 Mn.
1360 2883 1401 2916 R.
1418 2891 1452 2917 et
1467 2885 1508 2917 V.
1525 2887 1563 2917 C.
1591 2888 1638 2918 Tu

892 2925 979 2966 aufer
993 2936 1111 2956 aarum.
1143 2926 1180 2956 L.

939 2969 966 2998 1.
990 2970 1092 3000 Atat!
1121 2969 1197 3000 daea
1221 2970 1320 3001 hercle
1341 2972 1432 3002 verba
1453 2973 1528 3002 milti
1548 2971 1637 3011 sunt]
