1852 3216
125 96 264 125 semu
286 82 365 138 vi.]
429 82 1356 128 HEAUTONTIMORUMENOS.

1565 86 1645 128 331

180 173 324 221 Quam
343 180 568 228 argentum
588 173 788 226 haberes,
808 175 926 230 quod
944 175 1124 218 daturus
1139 177 1230 232 jam
1248 175 1325 219 fui.

180 238 260 280 CL.
281 237 401 286 Quid
421 239 552 294 igitur
570 239 709 282 dicam
728 241 807 283 tibi
826 241 920 284 vis?
950 242 1091 293 abisti,
1113 241 1216 284 mihi

124 311 164 343 15
181 303 375 346 Amicam
392 305 589 356 adduxti,
611 322 739 362 quam
759 322 845 348 non
862 306 988 349 liceat
1008 315 1199 363 tangere.

179 370 257 411 SY.
280 369 379 412 Jam
398 385 485 412 non
506 386 599 413 sum
618 372 776 414 iratus:
808 372 885 414 sed
906 373 1007 415 scin’
1027 374 1101 415 ubi
1121 388 1234 416 nunc
1252 374 1308 415 sit
1328 373 1405 416 tibi

178 434 279 477 Tua
309 434 525 478 Bacchis?
574 436 653 479 CL.
675 436 812 494 Apud
838 452 933 480 nos.

267 501 345 544 SY.
367 501 504 558 Apud
523 503 717 547 Cliniam.

996 439 1075 481 SY.
1111 439 1230 481 Non.
1292 439 1372 482 Cr..
1402 438 1492 481 Ubi
1515 441 1650 495 ergo?

180 567 260 609 CL.
278 567 410 610 Perii.
454 568 533 611 SY.
553 568 677 612 Bono
692 571 831 612 animo
843 585 915 613 es:
940 570 1030 626 jam
1046 577 1271 626 argentum
1284 570 1341 613 ad
1356 585 1449 613 eam
1462 570 1647 622 deferes,

182 633 315 681 Quod
334 634 375 676 ei
394 633 625 689 pollicitus.
676 636 756 679 CI..
779 636 960 678 Garris:
991 636 1141 678 unde?
1191 636 1270 678 SY.
1291 635 1336 678 A
1354 643 1430 678 tuo
1447 644 1585 692 patre.

124 706 167 737 20
182 698 263 740 CL.
288 699 427 741 Ludis
447 699 631 743 fortasse
649 717 731 745 me.
782 702 860 744 SY.
882 701 986 757 Ipsa
1003 716 1051 743 re
1072 702 1339 757 experibere.

183 764 262 806 CL.
287 765 372 807 Nae
392 780 475 822 ego
494 766 737 809 fortunatus
756 767 885 810 homo
906 783 1022 809 sum:
1052 768 1205 810 deamo
1224 775 1282 818 te,
1301 767 1423 823 Syre.

182 830 261 872 SY.
285 830 387 878 Qua
405 846 534 873 causa
553 832 597 873 id
616 832 707 883 fiat,
729 847 830 874 cave
850 833 1079 888 quicquam
1099 833 1333 875 admiratus
1355 833 1453 875 sies.

182 895 272 938 Sed
292 904 416 951 pater
433 897 670 951 egreditur,
692 898 987 940 obsecundato
1006 898 1050 939 in
1068 897 1188 940 loco:

183 961 317 1009 Quod
337 962 577 1017 imperabit,
599 962 756 1005 facito:
788 962 976 1019 loquitor
995 962 1192 1018 paucula.

123 1104 285 1146 fingimus,
302 1105 430 1146 quando
447 1116 558 1137 sumus
573 1105 719 1138 collaturi
742 1106 863 1138 benefi-

122 1148 208 1179 cium
231 1148 266 1179 in
287 1148 437 1189 aliquem,
460 1156 494 1180 et
514 1149 685 1191 quicquam
707 1150 865 1187 audimus,

123 1192 209 1232 quod
224 1202 289 1222 non
311 1192 425 1233 placet,
442 1202 502 1223 nec
521 1200 629 1224 tamen
644 1204 703 1224 nos
724 1193 867 1225 infensos

121 1234 245 1266 reddat.
283 1236 415 1266 C.—E.r
431 1241 460 1267 te
476 1238 563 1275 prius
578 1236 716 1277 audisse]
734 1236 868 1268 Gaudeo

123 1278 208 1319 quod
223 1277 307 1309 istuc
323 1289 365 1309 ex
381 1285 413 1309 te
431 1278 522 1320 prius
536 1279 657 1317 audivi,
674 1280 759 1310 unde
777 1280 872 1320 (quod

123 1326 158 1352 ιιι
179 1321 233 1360 Ζ.)
260 1332 312 1352 me
335 1321 457 1359 lusisti,
481 1329 654 1362 antequam
676 1322 734 1354 tibi
754 1333 871 1364 argen-

124 1371 193 1395 tum
209 1364 293 1402 dedi,
309 1365 394 1405 quod
409 1364 543 1396 daturus
557 1365 615 1396 fui.
647 1365 781 1397 E.—-Ut
801 1376 870 1397 me-

123 1407 186 1438 lior
215 1407 258 1438 sit
282 1407 488 1446 constructio,
514 1407 586 1450 lege
612 1419 686 1440 cum
712 1409 781 1440 cod.
808 1409 870 1440 Pe-

125 1450 226 1482 trensi
248 1452 298 1482 Ne
321 1462 366 1482 me
391 1453 470 1482 istuc
490 1453 580 1491 prins
599 1463 636 1483 et
658 1457 688 1483 te
709 1455 870 1484 audivim-

171 1538 219 1568 14.
245 1536 329 1571 Qnu‘d
342 1539 440 1578 igitur
454 1537 570 1579 dican]
585 1537 673 1574 Quid
689 1538 775 1570 enim
794 1549 870 1580 pos-

125 1590 198 1611 sum
213 1580 272 1611 tibi
285 1580 402 1618 dicere,
416 1591 489 1612 cum
505 1581 585 1612 mihi
597 1581 733 1613 amicam
745 1581 871 1613 addux-

125 1623 200 1660 eris,
215 1633 311 1664 quam
325 1634 390 1655 non
412 1623 508 1655 liceat
620 1626 675 1656 re?
700 1625 791 1657 Bene
806 1648 815 1656 .
831 1648 841 1657 .

124 1666 221 1708 longe
230 1666 334 1698 factus
343 1673 391 1698 est
400 1667 586 1699 adolescens
595 1668 635 1699 ab
643 1667 762 1708 injuria
769 1669 869 1708 (Bene

125 1712 186 1741 cito
200 1712 352 1741 remissior
366 1712 452 1751 longe
465 1709 572 1750 sactus
586 1716 632 1742 est
646 1713 815 1743 adolescens
829 1714 869 1743 ab

125 1755 286 1784 iracundia
310 1753 374 1793 Ζ.),
390 1762 560 1795 postquam
582 1754 740 1796 comperit
753 1765 869 1796 argen-

126 1803 196 1827 tum
206 1798 274 1837 1Ῑαιιι
290 1803 447 1838 paratum.
486 1797 685 1828 Ele-Nostri
700 1804 789 1829 recte
802 1797 869 1828 col-

125 1839 243 1876 locant,
267 1841 351 1873 Quid
371 1843 467 1881 igitur
489 1842 546 1871 tibi
561 1843 607 1871 vis
621 1843 745 1872 dican?
783 1840 872 1872 Illud

124 1884 220 1913 abisti
234 1893 308 1914 cum
323 1882 366 1914 sit
381 1883 527 1925 ineptum
541 1896 549 1920 ;
574 1884 674 1924 Syrus
690 1883 777 1915 enim
792 1894 870 1915 nus·

125 1936 221 1966 quam
237 1925 377 1957 abierat:
402 1937 523 1968 repone
538 1929 633 1958 adisti
653 1929 727 1958 milui
741 1939 870 1958 manua:-

126 1968 212 2000 Nam
242 1971 330 2001 adire
363 1981 482 2000 manum
509 1972 603 2001 alicui
633 1977 682 2001 est
711 1970 871 2012 decipere,

125 2020 274 2054 porrecta
288 2023 387 2044 manu
406 2013 537 2053 aliquid,
553 2013 643 2054 quasi
659 2013 793 2045 daturus
815 2013 871 2051 sis,

126 2062 299 2092 ostentare,
311 2063 345 2087 et
359 2067 432 2087 cum
446 2056 528 2088 alter
539 2063 746 2098 accepturum
758 2067 793 2088 se
809 2067 870 2098 pu-

126 2105 183 2136 tat,
198 2099 372 2131 retrahere.
397 2100 451 2131 Sic
461 2100 584 2131 occurit
596 2100 701 2131 Plaut.
715 2101 787 2131 Cas.
799 2111 829 2131 v.
841 2102 870 2131 2.

126 2143 178 2173 45.
202 2142 278 2174 Aul.
294 2143 327 2174 ii.
345 2144 374 2174 8.
392 2144 421 2174 8.
446 2143 536 2174 Poen.
553 2143 586 2174 ii.
606 2144 633 2174 1.
653 2144 701 2174 11.
736 2144 773 2174 Β.

172 2186 221 2216 15.
238 2187 307 2217 Nan
325 2188 416 2217 liceat
436 2185 579 2228 tangere]
601 2186 731 2218 Nimius
752 2195 802 2218 est
817 2197 868 2218 ar-

127 2228 186 2260 dor
210 2229 246 2260 in
271 2229 474 2261 adolescente
496 2241 570 2261 cum
594 2230 702 2261 videat
723 2230 870 2268 amicam,

126 2281 187 2302 nec
202 2278 310 2303 tamen
326 2275 470 2314 tangendi
483 2273 618 2304 facultas
633 2273 736 2304 datur.
768 2274 806 2305 C.

173 2315 223 2346 16.
253 2317 325 2346 lan
347 2328 405 2347 non
426 2328 491 2348 :aa
515 2316 631 2358 iratus]
660 2317 736 2348 Non
762 2323 871 2358 potest

128 2367 196 2398 prae
220 2358 322 2390 nimia
345 2359 459 2391 laetitia
481 2359 603 2392 diutius
625 2360 761 2391 reticere
785 2360 871 2401 quod

128 2399 250 2431 fecerit.
286 2402 407 2443 Imm]
423 2405 528 2434 Iratus
542 2411 592 2435 est
607 2414 648 2434 ex
658 2405 870 2434 causa:1ra-

129 2445 244 2474 cundus
260 2454 302 2475 ex
323 2446 474 2478 moribus.
520 2448 600 2478 Scm’
616 2449 670 2478 ubi
691 2458 769 2478 nunc
783 2449 824 2478 sie
836 2446 874 2487 ²]

131 2486 214 2517 Haec
242 2486 451 2529 interrogatio
479 2490 650 2531 gaudentis
676 2497 735 2528 est,
761 2498 794 2522 et
818 2491 872 2522 cui

129 2529 238 2560 omnia
252 2539 294 2560 ex
310 2538 384 2561 voto
398 2533 620 2564 successerint.
650 2533 688 2565 C.

177 2573 226 2603 18.
250 2574 336 2604 Perii
348 2573 379 2614 l]
405 2574 485 2606 Haec
508 2586 570 2607 vox
584 2583 634 2607 est
648 2576 795 2613 amantis,
812 2576 871 2607 ali·

130 2615 208 2656 quid
231 2616 308 2646 mali
334 2617 536 2658 suspicantis.
579 2619 665 2654 Quia
690 2619 875 2651 amantibus

131 2659 239 2691 omnia
248 2668 324 2691 sunt
334 2668 493 2702 suspecta.
530 2663 601 2693 Ja-
611 2661 787 2703 argentum]
800 2664 871 2695 Jan

909 1105 1043 1137 nimiam
1065 1105 1267 1137 velocitatem
1292 1105 1463 1148 significat.
1508 1105 1654 1148 Μαι-ει]

911 1150 953 1181 ln
964 1149 1027 1180 alia
1039 1149 1275 1190 significatione
1287 1149 1445 1192 accipitur
1453 1149 1534 1181 iuud
1541 1150 1654 1192 Olym-

909 1193 1015 1235 piadis
1044 1193 1085 1224 ad
1115 1192 1349 1231 Alexandrum,
1380 1195 1508 1231 Amabo,
1538 1193 1655 1235 inquit,

910 1238 952 1267 mi
965 1238 1026 1276 fili,
1049 1238 1195 1277 quiescas,
1217 1247 1311 1277 neque
1325 1235 1444 1277 deseras
1464 1248 1520 1268 nie.
1566 1237 1657 1269 Hinc

959 1323 1008 1354 19.
1028 1321 1156 1363 Garris]
1172 1322 1339 1363 Tanquam
1355 1322 1433 1354 avis.
1470 1323 1568 1354 Unde
1578 1334 1657 1365 gar·

913 1367 1007 1396 relus.
1053 1365 1098 1396 Et
1115 1368 1238 1406 garrire
1252 1365 1281 1397 is
1295 1365 1424 1403 dicitur,
1439 1366 1495 1407 qui
1515 1366 1659 1398 inaniter

913 1408 1066 1449 loquitur.
1093 1377 1327 1459 Cf-Plerique
1335 1409 1426 1440 codd.
1436 1416 1524 1441 recte
1533 1409 1658 1441 addunt

994 1454 1081 1486 Quod
1093 1454 1124 1483 e'i
1138 1464 1170 1483 es
1180 1454 1345 1492 pollicitus.
1374 1453 1412 1484 Β.

913 1463 1007 1526 8320.
1045 1494 1249 1536 Eaperibere]
1280 1495 1461 1536 Antiquum
1492 1502 1563 1528 est:
1597 1506 1658 1528 non

913 1538 1050 1570 dicimus
1065 1541 1227 1578 experiere.
1270 1538 1449 1576 Juvenalis,
1464 1539 1530 1571 Sat.
1546 1539 1568 1571 i.
1585 1539 1657 1573 170.

914 1583 1572 1623 Experioe‚qnidconoedaeurinilloe,etc.
1604 1583 1643 1614 C.

954 1626 1005 1656 21.
1029 1624 1267 1667 Naeeg,o]Nae
1283 1625 1506 1663 idesevalde.
1542 1627 1660 1658 Dea-o

912 1674 950 1706 te,
967 1667 1061 1710 Syre]
1082 1668 1122 1699 Id
1141 1670 1397 1706 mevaniam
1435 1669 1661 1707 thocloco

912 1718 1026 1753 auget:
1050 1711 1130 1743 alias
1145 1711 1307 1743 diminuit.
1337 1713 1375 1743 C.
1377 1713 1536 1743 —Deaao
1553 1711 1600 1753 te]
1618 1712 1657 1744 Id

913 1762 973 1792 est,
989 1754 1081 1786 valde
1097 1765 1179 1786 amo.
1211 1755 1251 1786 Ε.

956 1799 1007 1829 22.
1028 1799 1096 1831 Qua
1110 1809 1203 1829 causa
1217 1797 1335 1838 idfiat]
1352 1798 1399 1830 Ut
1414 1804 1583 1839 argentim
1597 1798 1658 1830 ha·

913 1841 1045 1872 beamus
1060 1841 1146 1881 quod
1159 1840 1201 1872 ad
1217 1840 1411 1872 Bacchidem
1426 1841 1561 1873 deferas.
1595 1843 1658 1873 Ob-

913 1885 1075 1915 secumdam
1091 1886 1123 1914 in
1143 1882 1222 1924 loco]
1248 1885 1459 1916 obsecundare
1480 1891 1531 1916 est
1550 1884 1661 1916 omnia

914 1927 955 1958 ad
970 1926 1102 1958 alterius
1116 1934 1231 1958 nutum
1248 1926 1363 1958 facere.
1394 1927 1430 1959 C.
1431 1929 1549 1962 -Qsa
1565 1939 1661 1959 msa

913 1969 1032 2011 idfiat]
1050 1970 1122 2005 Qua
1137 1980 1233 2001 causa
1250 1970 1316 2007 fiat,
1331 1970 1399 2002 noli
1416 1981 1570 2012 quaerere,
1586 1977 1658 2002 ιιιιι-

915 2020 983 2044 ιιιιιι
1006 2014 1191 2054 obtempera
1213 2019 1247 2044 et
1267 2014 1452 2054 obsequere.
1490 2014 1661 2046 R—Cum

915 2057 953 2088 M
956 2063 1047 2087 ureto
1063 2063 1237 2098 transpone
1252 2067 1366 2088 versus
1376 2057 1547 2088 sententiae
1562 2067 1661 2089 caua}

914 2099 979 2130 ita:
1011 2101 1072 2131 Sed
1088 2105 1180 2140 pater
1200 2102 1379 2140 egreditnr:
1409 2111 1480 2132 cave
1501 2102 1661 2141 quiequa-

912 2145 1140 2179 admiramsis,
1154 2142 1222 2177 Qua
1231 2154 1323 2174 causa
1333 2145 1451 2182 idfiae:
1463 2145 1662 2175 obsecundata

913 2189 945 2217 in
975 2188 1058 2217 loco.-
1094 2188 1182 2220 Quod
1206 2188 1376 2226 imperabit,
1403 2192 1460 2218 etc.
1495 2187 1661 2218 15—stoe

913 2232 1071 2270 quicquam
1085 2228 1272 2270 admiratus]
1297 2229 1336 2261 Id
1356 2229 1440 2267 vide,
1457 2240 1498 2261 ne
1521 2240 1590 2272 prae
1608 2229 1661 2261 ni-

914 2273 980 2304 mio
993 2273 1111 2314 gaudio
1123 2272 1302 2310 admireris,
1314 2273 1349 2304 id
1361 2273 1420 2304 tibi
1435 2279 1561 2315 patrem
1574 2283 1660 2315 prae-

912 2316 1039 2358 cipere:
1053 2316 1111 2347 sed
1120 2315 1211 2357 quasi
1221 2316 1349 2347 nescius
1363 2316 1580 2358 suspicionem
1589 2317 1662 2357 ejus

913 2370 933 2391 a
946 2367 978 2390 te
992 2359 1066 2390 dolo
1081 2369 1203 2390 amove.
1233 2359 1273 2390 Ε.

958 2403 1009 2435 24.
1024 2404 1170 2443 Loquitor
1177 2401 1327 2444 paucula]
1340 2404 1479 2434 Pamla
1490 2402 1584 2440 dixit,
1593 2412 1661 2435 non

911 2457 1033 2486 pauca.-
1056 2454 1089 2477 et
1102 2445 1149 2477 sic
1163 2447 1317 2486 majorem
1331 2446 1396 2477 vim
1410 2445 1587 2477 admonitio
1598 2446 1663 2478 ista

914 2489 1065 2521 habitura
1085 2495 1143 2520 est.
1182 2489 1267 2520 Nam
1284 2491 1418 2529 paucula
1439 2499 1548 2521 coram
1567 2496 1662 2531 patre

915 2532 1065 2573 loquetur
1080 2532 1234 2573 Clitipho.
1266 2532 1302 2563 C.
1305 2534 1496 2573 —Loquitar
1507 2531 1660 2574 pauc-Ia]

917 2576 970 2607 Ne
986 2586 1027 2607 ex
1042 2575 1244 2607 sermonibus
1260 2575 1324 2607 tuis
1336 2575 1575 2607 nascaturulla

915 2619 1011 2668 picio.
1036 2617 1425 2660 R—Loquitorpoeuenla]
1437 2619 1528 2652 Serv.
1540 2619 1659 2662 Georg-

914 2662 936 2694 i.
952 2673 1034 2694 vers.
1056 2662 1126 2695 187.
1143 2663 1372 2703 Contemplator.
1404 2662 1443 2694 L.
