1852 3216
91 158 232 188 senna
251 145 334 202 v1.]

668 145 1030 190 PHORMIO.

1526 151 1614 194 639

148 235 251 284 Quo
268 236 403 292 magis
423 235 601 282 credas}
627 243 807 293 patruus
827 237 990 280 interea
1007 237 1108 281 inde
1126 237 1214 282 huc
1231 239 1453 295 egreditur
1472 238 1612 283 foras:

147 301 283 344 Haud
302 300 435 344 multo
453 310 554 358 post
572 316 668 344 cum
686 309 812 359 patre
829 302 944 345 idem
962 303 1115 359 recipit
1134 318 1181 347 se
1199 304 1313 347 intro
1331 304 1499 347 denuo:

90 375 133 406 40
149 366 227 409 Ait
247 375 428 423 uterque
448 368 525 410 tibi
540 375 797 423 potestatem
816 369 910 425 ejus
929 368 1142 412 habendae
1161 370 1289 412 dare:

147 433 348 488 Denique
369 448 451 490 ego
470 434 624 475 missus
644 448 752 484 sum,
769 441 812 476 te
830 442 880 476 ut
898 436 1172 490 requirerem,
1190 443 1319 492 atque
1339 436 1613 480 adducerem.

146 497 238 540 AN.
263 498 379 546 Quin
400 506 504 554 ergo
523 513 627 554 rape
646 514 737 541 me:
768 499 873 555 quid
893 502 1067 542 cessas?
1117 500 1206 543 Gn.
1228 501 1405 544 Fecero.
1454 501 1547 545 An.
1571 502 1614 545 Ο

231 565 288 605 mi
308 564 525 615 Phormio,

147 628 272 671 Vale.
325 629 410 672 Pu.
432 629 557 681 Vale,
578 628 789 686 Antipho.
839 629 974 681 Bene,
994 631 1054 673 ita
1073 646 1140 674 me
1164 631 1227 674 Di
1249 640 1407 684 ament,
1429 631 1614 676 factum!

233 695 416 751 gaudeo,

147 759 332 802 Tantam
352 760 563 803 fortunam
584 761 639 803 de
659 761 887 817 improviso
907 777 1002 804 esse
1022 762 1090 804 his
1110 763 1267 806 datam.

88 834 131 864 45
148 826 320 868 Summa
338 825 540 869 eludendi
559 827 780 869 occasio’st
797 827 901 868 mihi
919 842 1031 870 nunc
1053 842 1192 878 senes,

148 891 211 933 Et
233 891 445 934 Phaedriae
465 907 609 934 curam
630 892 817 934 adimere
838 894 1145 948 argentariam;

146 958 219 1001 Ne
239 959 435 1013 cuiquam
455 973 629 1000 suorum
647 957 873 1013 aequalium
893 958 1076 1014 supplex
1098 960 1194 1001 siet.

147 1023 263 1065 Nam
281 1024 394 1065 idem
414 1023 496 1066 hoc
515 1031 754 1078 argentum,
775 1024 835 1065 ita
856 1031 904 1065 ut
924 1023 1140 1074 datum'st,
1160 1025 1351 1079 ingratiis

147 1089 231 1132 His
252 1090 399 1132 datum
418 1090 523 1131 erit:
554 1088 638 1131 hoc
657 1089 731 1144 qui
750 1104 913 1144 cogam,
935 1103 982 1131 re
1000 1090 1094 1145 ipsa
1114 1091 1301 1145 repperi.

87 1164 132 1195 so
147 1155 277 1198 Nunc
297 1163 445 1210 gestus
465 1155 581 1206 mihi,
602 1155 828 1211 voltusque
847 1162 915 1196 est
932 1155 1171 1210 capiundus
1190 1170 1339 1198 novos.

146 1220 235 1263 Sed
255 1220 354 1263 hinc
374 1221 606 1263 concedam
624 1221 668 1262 in
687 1221 960 1276 angiportum
979 1220 1062 1263 hoc
1081 1236 1361 1277 proxumum:

132 1344 184 1374 40.
201 1343 248 1374 Ut
262 1353 374 1374 versus
388 1342 548 1380 fulciatur,
560 1343 705 1374 Faernus
716 1343 831 1385 probat

88 1386 259 1418 lectionem
291 1386 439 1417 Bembini
461 1386 527 1427 ejus
553 1388 730 1417 adhibenda
749 1388 829 1423 dari,

88 1429 170 1461 adeo
192 1436 228 1460 ut
247 1431 425 1461 adbibendae
446 1429 498 1460 vel
519 1436 658 1470 ponatur
674 1439 734 1470 pro
750 1429 828 1460 sim-

89 1472 167 1514 plici
188 1475 341 1510 habendae,
365 1472 415 1504 vel
444 1472 605 1514 significet
630 1474 830 1503 adscisce-nde

89 1519 122 1547 in
139 1518 367 1547 matrimonium.
407 1515 527 1547 Verum
548 1515 696 1556 equidem
718 1515 828 1555 legeu-

89 1559 167 1591 dum
188 1569 315 1597 censeo,
339 1560 405 1600 ejus
425 1560 555 1590 habenda·
574 1570 607 1590 se
625 1561 708 1590 dare.
747 1559 829 1590 Edd.

90 1602 177 1634 enim
206 1602 326 1634 rectius
352 1602 546 1634 addiderunt
573 1613 606 1634 se
617 1614 629 1637 .-
666 1609 699 1633 et
728 1601 830 1633 nostri

89 1646 181 1677 codd.
212 1654 329 1688 praeter
356 1653 431 1682 tres,
457 1655 568 1676 omnes
598 1645 719 1677 habent
744 1647 828 1676 dare.

89 1690 199 1730 Atque
219 1689 286 1730 eju
302 1690 431 1720 habendi
442 1702 454 1724 ,-
477 1696 521 1724 ut‚
541 1689 658 1720 Heaut.
679 1688 760 1720 Prol.
778 1689 829 1720 29.

91 1744 233 1764 amna
261 1734 417 1772 aepectcndi
432 1745 443 1763 .-
483 1732 566 1763 Hec.
588 1731 634 1762 iii.
658 1733 687 1763 3.
713 1733 761 1763 12.
789 1732 830 1763 de

89 1775 215 1817 virgine
235 1775 301 1816 ejas
322 1777 465 1806 videndi.-
489 1775 544 1806 ubi
566 1775 657 1806 codd.
683 1774 830 1806 nonnulli

89 1820 235 1850 vide-de.
267 1818 361 1850 Ovid.
382 1818 460 1849 Her.
477 1828 531 1849 xx.
548 1818 599 1851 74.
615 1818 655 1849 de
671 1818 827 1860 Cydippe,

89 1865 175 1902 eopia
186 1864 331 1902 placandi
345 1864 388 1893 sit
401 1864 485 1893 nodo
496 1872 595 1902 parem
610 1864 664 1892 lui.
704 1862 758 1893 Sic
773 1861 828 1898 ibi,

90 1911 174 1936 teste
210 1905 357 1942 Heinsio,
394 1905 589 1936 membranae
624 1911 700 1936 vett.
751 1905 829 1936 editi

89 1948 165 1980 libb.
189 1948 272 1980 male
292 1950 458 1988 placandae.
497 1948 617 1979 Nostro
633 1948 703 1979 looo
718 1958 759 1980 ex
773 1950 829 1979 ha-

92 1993 180 2023 bendi
195 2003 226 2023 se
239 1999 348 2022 natum
362 1999 411 2022 est
425 1993 577 2022 habende.
612 1991 647 2022 Β.

133 2036 185 2066 41.
208 2035 259 2066 Ne
274 2037 381 2066 missas
397 2034 430 2065 in
448 2034 560 2065 ultima
574 2044 673 2076 prave
687 2041 830 2072 amatur.

90 2078 162 2120 lege
183 2089 256 2110 cum
279 2078 340 2109 edd
359 2085 435 2109 vett.
458 2089 511 2119 ego
526 2089 591 2109 san
608 2080 723 2109 missu.
764 2077 830 2109 De·

89 2121 166 2153 inde
181 2132 293 2153 omnes
308 2121 408 2152 nostri
423 2123 498 2157 hen,
510 2121 595 2162 quod
607 2128 656 2152 est
668 2121 829 2162 Antipho-

89 2165 151 2201 niz,
168 2174 335 2207 apponunt
350 2164 406 2196 fini
423 2174 542 2195 versus.
575 2164 612 2195 B.

133 2209 185 2240 42.
205 2208 285 2243 Quin
300 2219 371 2248 ergo
380 2219 453 2248 rape
464 2207 526 2248 ne]
541 2207 662 2249 Opinio
675 2207 830 2245 Daca-iae,

89 2251 234 2293 putantis
252 2251 470 2292 Antiphonem
486 2250 628 2282 humeris
643 2250 728 2282 servi
743 2250 829 2282 inse·

90 2294 185 2332 disee,
197 2302 229 2326 et
241 2294 316 2325 inde
327 2302 473 2325 avectum
486 2304 565 2330 esse,
578 2294 673 2335 plane
684 2293 829 2331 ridicula,

90 2337 211 2379 inepta.
227 2345 261 2369 et
281 2337 475 2369 Terentiano
492 2337 617 2368 theatro
634 2337 767 2378 indigna
782 2337 829 2368 vi-

90 2381 186 2412 detur
201 2393 209 2417 3
248 2387 281 2412 et
309 2381 460 2412 abhorret
488 2390 613 2422 quoque
638 2380 678 2411 ab
700 2390 759 2411 usu
781 2379 829 2411 lo-

90 2424 219 2465 quendi.
263 2424 360 2456 Certe
385 2424 451 2455 haec
474 2424 571 2455 verba
597 2423 684 2455 idem
712 2423 830 2461 valent,

91 2467 177 2508 quod
193 2466 277 2498 Eun.
294 2467 327 2498 ii.
345 2468 417 2498 385.
457 2469 575 2503 Abduc,
595 2469 665 2503 dae,
687 2474 830 2507 qnantum

88 2515 182 2550 potes.
222 2509 368 2541 Profecto
382 2510 408 2541 si
425 2518 535 2542 noster
556 2510 700 2552 Antipho
719 2517 829 2551 putas·

90 2561 141 2585 aet
156 2563 191 2584 ae
206 2553 349 2584 humeris
361 2554 453 2585 Getae
465 2561 590 2584 vectum
603 2554 699 2584 citius
710 2553 829 2584 adven·

91 2603 199 2627 turum
212 2596 438 2632 essedomumg
462 2607 526 2628 non
539 2597 644 2628 minus
655 2596 830 2633 delirasset,

92 2650 185 2680 quam
202 2638 312 2670 callus
326 2639 466 2680 quidam,
478 2640 530 2680 qui
548 2648 585 2670 ut
598 2639 694 2670 citius
711 2640 743 2670 in
761 2640 828 2670 An·

89 2683 187 2724 gliam
198 2682 390 2724 perveniret,
399 2690 431 2713 et
444 2693 557 2714 navem
567 2690 598 2713 et
606 2682 703 2714 simul
713 2693 831 2723 equum

91 2733 345 2810 “ff'’ffi?
359 2725 663 2800 ffiffffiffiffiu.
681 2774 731 2799 ..ι
744 2767 798 2816 1230
812 2777 832 2799 2

90 2812 217 2843 duobus
240 2811 325 2842 haud
342 2811 586 2842 contemnendis
604 2811 831 2852 grammaticis,

89 2854 173 2887 alter
187 2866 206 2886 a
219 2855 356 2896 Guyeto,
373 2854 438 2895 qui,
454 2853 510 2885 illo
527 2856 646 2895 gaudeo
661 2860 783 2885 mutato
796 2853 833 2885 in

86 2900 237 2939 plaudite,
259 2897 358 2929 finem
379 2897 478 2929 totius
498 2897 664 2929 oomoediae
685 2896 739 2928 hic
760 2906 831 2928 ene

87 2941 223 2977 atamit3
245 2951 341 2982 quem
356 2950 496 2972 errorem
510 2951 679 2972 coenarum
693 2950 831 2981 sequen·

89 2984 173 3017 tium
186 2986 338 3027 elegantia
352 2990 385 3016 et
398 2986 559 3017 amadeo
572 2983 830 3031 sacilessrefunnt.

873 1342 967 1391 Alter
979 1352 999 1373 a
1014 1342 1149 1380 Faerno,
1163 1352 1258 1383 quem
1271 1342 1416 1384 sequitur
1428 1343 1615 1382 Bentleiua3

873 1393 1023 1459 ῗὲῖἕέῗ
1033 1385 1518 1468 ἔέἕῗέοέηῗῗλᾶᾚαῗὲῗ,
1528 1388 1615 1463 ‘53:51

873 1472 954 1512 quis,
981 1472 1107 1503 caeteris
1133 1472 1381 1510 discedentibus,
1408 1473 1495 1505 solus
1518 1474 1614 1506 relic-

873 1522 925 1546 tus
946 1522 1004 1551 est,
1026 1525 1084 1546 cur
1105 1514 1190 1546 idem
1213 1525 1278 1546 non
1300 1515 1373 1547 aliia
1394 1516 1430 1547 in
1451 1516 1540 1555 locis,
1557 1517 1615 1549 ubi

873 1558 983 1589 eadem
1000 1565 1050 1589 est
1069 1558 1162 1594 ratio.
1180 1557 1298 1590 factum
1321 1560 1394 1590 est?
1434 1560 1562 1592 Deinde
1584 1560 1614 1592 ai

872 1611 1039 1632 scenarum
1063 1601 1199 1633 mutatio
1221 1601 1365 1633 facienda
1395 1610 1473 1641 erat,
1504 1603 1615 1636 statim

871 1651 946 1686 post
955 1646 1085 1685 Antipho
1094 1644 1223 1676 initium
1236 1655 1328 1676 novae
1338 1645 1474 1677 debebat
1483 1646 1563 1678 fieri.
1575 1647 1614 1679 Z.

915 1689 966 1718 45.
978 1690 1099 1719 Suana
1108 1690 1249 1719 eludendi
1259 1688 1390 1730 occasio]
1403 1689 1616 1731 Posteaquam

872 1730 988 1772 puellae
1016 1730 1137 1772 cogniti
1164 1738 1240 1762 sunt
1269 1739 1429 1773 parentes,
1462 1733 1615 1766 Phemio

873 1773 1041 1805 consilium
1056 1773 1186 1816 reperit,
1200 1775 1467 1815 quemadmodum
1481 1783 1616 1818 propter

871 1825 1051 1858 argentum,
1063 1817 1147 1858 quod
1162 1818 1316 1849 Phaedriae
1326 1818 1436 1850 datum
1449 1827 1508 1857 eat,
1519 1830 1615 1852 senen

871 1860 972 1897 ludat,
985 1861 1032 1891 uti
1047 1871 1112 1891 non
1126 1860 1286 1892 reddatur.
1319 1861 1430 1903 Pingit
1443 1861 1564 1904 quippe
1578 1873 1615 1895 ee

874 1903 1026 1935 Phormio
1046 1914 1180 1935 uxorem
1202 1914 1273 1935 eam
1297 1904 1379 1935 velle
1399 1905 1527 1942 ducere,
1542 1916 1615 1947 que

868 1948 935 1987 jam
951 1947 1093 1988 separari
1108 1957 1172 1978 non
1195 1954 1311 1989 potest,
1329 1954 1373 1984 ut,
1389 1958 1462 1979 cum
1478 1948 1527 1980 illi
1548 1959 1615 1981 non

873 1990 1022 2021 dederint
1043 2000 1186 2027 uxorem,
1210 1990 1390 2022 necessario
1411 1991 1519 2023 dotem
1537 2002 1614 2034 per-

873 2033 960 2064 dant.
1007 2033 1080 2064 Hoc
1102 2033 1188 2064 enim
1210 2032 1330 2065 dicitur
1349 2039 1517 2075 urge-tun,
1537 2037 1617 2076 qnod

873 2078 976 2108 datm
997 2082 1044 2107 eu
1065 2079 1218 2117 ing-ratiis,
1240 2075 1340 2108 inuita
1368 2077 1542 2119 arripient!-
1564 2079 1616 2120 (id

873 2131 951 2150 nune
963 2122 1067 2151 invitis
1078 2122 1226 2160 eripietur
1240 2119 1307 2158 Ζ.).
1338 2119 1378 2151 Ε.

915 2163 967 2194 46.
992 2164 1103 2194 caran·
1119 2165 1251 2194 adimere
1265 2161 1488 2204 argentariam]
1503 2163 1613 2204 Varie,

872 2216 932 2247 pro
957 2206 1119 2237 adimendi
1145 2206 1271 2237 occasio
1294 2214 1343 2237 est
1366 2206 1537 2246 (Vm-iem,
1555 2219 1615 2248 pro

872 2251 1013 2280 eludenda·
1027 2255 1056 2280 et
1067 2251 1222 2280 adimendi
1236 2261 1262 2280 ο.
1279 2250 1333 2289 e.).
1365 2250 1408 2280 D.

917 2293 966 2323 49.
991 2294 1058 2324 Hoc
1074 2295 1126 2333 qui
1146 2291 1265 2333 cogatur]
1286 2293 1357 2324 Hoc
1373 2292 1458 2324 unde
1472 2303 1565 2334 agam
1580 2298 1616 2325 et

873 2335 1047 2378 perficiam,
1064 2335 1133 2377 ipsa
1148 2335 1272 2367 ratione
1287 2335 1433 2377 cognovi.
1465 2335 1615 2369 R—Pm

874 2381 935 2410 His
949 2389 1023 2410 cum
1048 2379 1204 2410 Bembino
1221 2378 1307 2410 haud
1321 2379 1417 2410 dubie
1439 2378 1504 2421 legi
1519 2379 1617 2412 debet

873 2423 924 2458 Ei,
938 2422 968 2453 h.
983 2433 1010 2453 e.
1029 2422 1194 2458 Phaedriae,
1209 2421 1260 2454 cui
1274 2432 1383 2453 curam
1399 2422 1615 2463 argentariam

872 2465 1014 2496 adimere
1022 2465 1217 2496 decreverat.
1244 2465 1405 2496 Ceterum
1416 2475 1531 2497 sensus
1541 2465 1618 2504 loci,

874 2519 968 2549 quem
992 2519 1055 2539 non
1081 2518 1194 2539 omnes
1216 2516 1440 2549 assequuntur.
1465 2507 1518 2540 hic
1543 2518 1616 2541 ene

876 2552 1018 2583 videtur:
1044 2552 1138 2588 Nam,
1154 2550 1278 2582 scilicet
1288 2551 1343 2582 illa
1355 2551 1523 2583 occasionn
1533 2551 1616 2584 mihi

875 2595 989 2630 oblata.
1013 2594 1159 2631 efficiam,
1182 2601 1219 2625 ut
1240 2604 1334 2626 senes
1355 2605 1446 2636 eque
1469 2594 1565 2626 inviti
1580 2601 1616 2628 et

874 2638 974 2669 coacti
986 2648 1070 2669 nunc
1085 2637 1239 2669 Phaedriae
1246 2645 1415 2677 argentum
1426 2638 1614 2677 concedant,

874 2691 910 2712 ac
926 2681 1026 2712 coacti
1042 2688 1118 2712 sunt
1135 2689 1230 2711 antea
1251 2680 1330 2711 mihi
1353 2681 1439 2712 idem
1460 2680 1538 2713 iuud
1560 2691 1615 2713 ar·

873 2732 1006 2764 gentum
1022 2723 1108 2755 dare.
1148 2724 1300 2755 Nostram
1315 2723 1615 2766 interpretationem

874 2777 945 2798 eoae
960 2777 1078 2804 veram,
1091 2773 1181 2808 patet
1194 2776 1237 2798 ex
1251 2767 1468 2808 sequentibus.
1479 2768 1548 2799 Hae
1559 2770 1615 2811 μί

873 2821 986 2851 cogam,
1000 2815 1057 2841 etc.
1089 2810 1126 2841 Z.

923 2854 974 2883 51.
999 2854 1061 2884 Sed
1080 2854 1150 2884 hine
1171 2851 1345 2894 concedat]
1368 2852 1469 2885 Ptine.
1490 2852 1546 2886 lib.
1568 2853 1613 2886 vi.

874 2895 1133 2927 L—Hneduo
1154 2895 1355 2928 exnottria:
1386 2895 1614 2930 etaichudat

874 2938 1028 2971 Priscian.
1051 2949 1084 2981 p.
1101 2939 1184 2975 714;
1206 2945 1244 2970 ut
1261 2939 1376 2981 probet
1394 2945 1429 2972 et
1447 2941 1502 2973 be
1521 2943 1612 2983 eugi-

869 2988 990 3024 portm
1003 2988 1038 3015 et
1050 2985 1100 3015 hic
1112 2984 1290 3025 angiportus
1303 2982 1378 3015 dici.
1409 2983 1448 3016 B.
