1852 3216
686 128 1047 174 PHORMIO.

158 220 251 263 AN.
274 218 378 262 Noli
398 226 613 263 metuere:
643 234 730 262 una
746 226 888 262 tecum
908 221 1036 272 bona,
1056 219 1181 273 mala,
1201 220 1490 264 tolerabimus.

160 286 248 329 Gn.
270 286 492 334 Quantum
513 300 622 342 opus
641 293 709 328 est
727 285 806 327 tibi
844 288 1042 342 argenti?
1072 285 1265 343 loquere.
1316 286 1401 330 ΡΗ.
1425 285 1539 329 Solae
1559 288 1634 330 tri-

246 353 365 407 ginta
384 352 521 394 minae.

102 426 144 456 25
162 417 251 460 GE.
287 417 486 473 Triginta
503 420 514 460 1
571 417 662 469 hui,
694 417 942 473 percara’st,
972 417 1189 461 Phaedria.

246 483 338 525 vilis
361 491 442 525 est.
483 497 487 500 ’

162 548 251 590 GE.
275 548 388 604 Age,
410 564 504 604 age,
530 549 723 592 inventas
745 550 936 592 reddam.
974 548 1060 591 Pu.
1083 549 1330 605 Olepidum
1346 552 1503 606 caput!
1541 549 1630 594 GE.

247 613 387 656 Aufer
409 622 450 656 te
471 614 583 657 hinc.
635 615 719 658 PH.
742 615 841 658 Jam
861 629 970 670 opus
991 622 1072 656 est.
1121 614 1209 656 GE.
1232 614 1331 656 Jam
1350 615 1487 658 feres:

162 680 252 722 Sed
275 695 382 735 opus
403 688 471 722 est
490 680 591 722 mihi
612 680 913 723 Phormionem
934 680 990 722 ad
1010 680 1121 723 hanc
1142 695 1232 723 rem
1251 681 1495 737 adjutorem
1514 681 1622 724 dari.

161 745 264 799 (Pu.
288 746 402 788 Abi:
434 746 518 796 dic,
540 754 699 801 praesto
720 754 768 788 ut
790 747 844 788 sit
864 746 1010 800 domi.)

161 810 252 852 AN.
276 811 523 852 Praesto'st:
556 811 836 853 audacissime
857 812 997 854 oneris
1017 812 1186 868 quidvis
1206 812 1390 868 impone,
1407 819 1451 855 et
1469 812 1603 857 feret:

103 885 147 915 30
164 876 289 918 Solus
306 883 372 918 est
387 876 516 917 homo
532 877 668 919 amico
688 877 862 918 amicus.
906 876 995 918 GE.
1013 877 1176 919 Eamus
1193 892 1297 933 ergo
1314 878 1369 920 ad
1385 893 1483 920 eum
1499 880 1632 922 ocius.

162 941 255 984 AN.
286 941 510 996 Numquid
535 948 602 983 est
628 941 746 996 quod
767 956 897 997 opera
916 957 1011 984 mea
1031 943 1151 985 vobis
1171 958 1280 998 opus
1303 944 1388 986 sit?
1438 944 1531 987 GE.
1554 945 1637 987 Ni-

248 1006 332 1057 hil;
364 1021 510 1048 verum
528 1007 598 1048 abi
619 1007 805 1057 domum,

162 1074 224 1117 Et
254 1073 366 1116 illam
394 1074 604 1125 miseram,
636 1088 764 1129 quam
793 1088 875 1130 ego
903 1088 1018 1116 nunc
1046 1074 1161 1116 intus
1191 1076 1278 1117 scio
1302 1089 1398 1117 esse
1420 1076 1636 1118 exanima-

247 1147 333 1182 tam
351 1147 482 1190 metu,

162 1205 394 1247 consolare
412 1222 421 1247 :
455 1207 628 1248 cessas?
675 1204 766 1247 AN.
784 1205 907 1248 Nihil
923 1214 1003 1258 est,
1021 1222 1143 1262 aeque
1161 1207 1278 1262 quod
1296 1207 1446 1250 faciam
1463 1207 1634 1250 lubens.

164 1271 250 1314 ΡΗ.
284 1271 385 1319 Qua
413 1272 480 1312 via
508 1272 620 1314 istuc
650 1270 816 1314 facies?
877 1271 965 1314 GE.
999 1272 1154 1315 Dicam
1173 1273 1216 1314 in
1235 1273 1412 1316 itinere:
1443 1273 1572 1316 modo
1591 1281 1635 1316 te

248 1336 348 1380 hinc
367 1352 528 1379 amove.

103 142 243 174 semu
264 128 355 183 111.]
1548 132 1637 176 615

1251 417 1337 460 ΡΗ.
1369 417 1498 462 Istaec
1529 433 1632 461 vero

276 1546 530 1596 ACTUS
581 1547 881 1602 QUARTI
930 1546 1183 1595 SCENA
1227 1547 1487 1596 PRIMA.

611 1641 845 1673 ΒΕΜῙΡΗΟ.
895 1640 1130 1672 CHREMES.

166 1725 323 1774 Qum?
360 1741 444 1781 qua
464 1725 684 1782 profectus
706 1741 836 1769 causa
854 1725 954 1768 hinc
974 1740 1021 1768 es
1045 1725 1269 1777 Lemnum,
1291 1726 1491 1778 Chreme,

164 1790 406 1833 Adduxtin’
428 1799 569 1834 tecum
588 1791 748 1833 filiam?
799 1791 883 1833 Cn.
907 1791 1024 1833 Non.
1076 1791 1165 1833 DE.
1191 1791 1311 1839 Quid
1330 1793 1390 1834 ita
1406 1793 1522 1835 non?

165 1856 251 1898 CH.
276 1856 511 1911 Postquam
530 1857 648 1899 videt
667 1872 735 1899 me
755 1859 848 1913 ejus
868 1863 1004 1899 mater
1026 1871 1120 1899 esse
1142 1856 1212 1899 hic
1233 1857 1419 1909 diutius;

166 1921 303 1964 Simul
322 1931 463 1964 autem
484 1938 568 1964 non
588 1923 788 1964 manebat
808 1930 911 1964 aetas
932 1923 1105 1978 virginis

130 1996 150 2026 ⁵
168 1987 313 2030 Meam
333 1987 634 2043 negligentiam
653 2004 662 2029 ε
694 1989 830 2044 ipsam
850 2003 945 2030 cum
966 1989 1079 2029 omni
1099 1987 1255 2029 familia

165 2053 240 2095 Ad
260 2067 327 2095 me
346 2053 583 2110 profectam
601 2068 696 2095 esse
715 2054 900 2096 aiebant.
953 2053 1042 2095 DE.
1067 2052 1188 2101 Quid
1207 2051 1291 2095 illic
1312 2059 1400 2095 tam
1419 2053 1493 2096 diu

152 2155 203 2186 24.
227 2155 257 2186 A
281 2155 350 2186 cod.
375 2154 522 2186 Petrensi
545 2154 637 2186 abest
658 2156 716 2186 tibi
732 2165 743 2185 .·
780 2154 849 2186 cod.

108 2198 146 2230 C.
178 2199 215 2229 C.
247 2198 344 2229 habet
372 2200 508 2238 eloquere
525 2210 535 2229 .·
578 2203 612 2229 et
641 2198 710 2229 cod.
742 2197 850 2229 Mead.

110 2241 264 2276 Quantum
288 2246 335 2272 ert
359 2252 431 2281 opus
459 2243 516 2272 tibi
545 2243 674 2282 argenti,
705 2242 850 2282 eloquere.

111 2284 217 2325 Igitur
231 2291 267 2316 ut
281 2296 355 2325 opus
369 2284 411 2315 sit
425 2284 458 2314 in
476 2284 552 2321 ictu,
564 2294 685 2326 repone
700 2286 852 2318 Quantum

108 2333 155 2359 eet
169 2339 241 2367 opus
254 2330 385 2369 argenti,
401 2329 545 2368 eloquere.
578 2328 615 2358 Β.

148 2372 199 2401 25.
207 2372 296 2402 Istoec
303 2382 371 2402 vero
377 2373 445 2402 vilis
455 2370 517 2411 est]
527 2370 702 2402 Amatorie.
716 2371 851 2402 D.—Is-

111 2418 168 2444 ιιι·
181 2425 249 2445 oero
264 2416 332 2445 vilis
344 2413 406 2455 est]
424 2413 587 2445 Amatoris
596 2414 703 2445 animo
712 2414 852 2455 pretium

110 2466 176 2487 non
188 2456 290 2488 credit
302 2467 359 2498 pro
369 2468 406 2488 ea
417 2467 567 2498 magnum
579 2467 659 2493 esse,
672 2468 766 2498 quam
780 2457 853 2488 dili-

110 2501 215 2541 gebat.
246 2500 479 2541 E.—Plerique
494 2500 606 2537 nostri,
623 2502 689 2532 Ista
705 2511 780 2532 vero.
815 2500 852 2531 B.

155 2543 205 2573 26.
235 2543 274 2573 In
296 2543 406 2574 Bemb.
423 2544 513 2575 abest
527 2549 627 2584 caput.
666 2544 746 2575 Tres
762 2543 852 2575 codd.

111 2586 188 2617 boni
200 2584 317 2625 auferte
327 2598 337 2616 .-
360 2596 378 2617 3
392 2587 563 2618 veterrimo
578 2588 668 2618 abest
683 2589 752 2618 hinc
766 2599 776 2617 :
800 2597 850 2617 re-

111 2639 206 2670 pone,
230 2631 306 2669 Age,
329 2640 395 2669 age,
417 2632 552 2661 inventas
571 2632 704 2661 reddam.
744 2631 807 2661 ΡΗ.
828 2632 853 2661 Ο

112 2674 266 2712 lepidum!
310 2672 373 2703 Gn.
397 2671 533 2712 Auferte.
580 2673 642 2704 Pu.
660 2675 730 2704 Jam
745 2674 852 2713 opu’aet.

112 2716 176 2746 Gr..
194 2713 365 2755 Jdmserec.
405 2715 560 2747 Absolute
574 2716 716 2757 positum
732 2723 782 2747 est
795 2727 852 2747 au·

102 2757 188 2798 ferte
200 2768 243 2789 sc.
256 2759 445 2797 ample-rari,-
466 2759 541 2799 quia
554 2766 688 2800 uterque
697 2760 851 2800 proesgau-

111 2801 166 2832 dio
182 2801 215 2832 in
231 2800 399 2842 ampiexus
415 2801 506 2832 Getoe
521 2802 665 2832 ruebant.
698 2802 735 2832 B.

156 2846 206 2876 28.
233 2844 296 2875 Hic
314 2854 424 2876 versus
438 2851 525 2875 recte
541 2855 559 2875 a
576 2845 702 2876 Faerno
715 2844 851 2876 subditi-

110 2888 176 2919 tius
199 2887 371 2928 Judicatur.
419 2887 503 2919 Nam
531 2887 642 2919 Bemb.
674 2894 706 2919 et
731 2888 851 2919 Victor.

134 2931 207 2962 lane
237 2931 415 2962 omiserunt
430 2943 438 2962 ε
475 2938 572 2972 atque
603 2930 751 2962 Phaedria
779 2941 853 2963 cum

108 2941 180 3017 Fpee
187 2975 303 3007 Getam
307 2974 488 3014 comitetur,
495 2983 561 3006 11011
568 2974 769 3007 videturhaec
777 2984 852 3016 poe-

894 2164 929 2185 se
938 2160 1026 2185 recte
1035 2153 1203 2196 imperare.
1214 2164 1286 2195 quae
1295 2153 1347 2185 hic
1358 2153 1574 2196 reperiuntur.
1597 2155 1636 2186 Β.

938 2198 988 2228 29.
1012 2199 1129 2228 Praesto
1149 2203 1194 2229 est
1208 2210 1219 2228 .·
1243 2196 1460 2239 audacissime]
1486 2197 1638 2239 Optimus

894 2250 931 2271 ac
968 2240 1166 2272 necessarius
1199 2240 1350 2281 utrinque
1379 2250 1508 2282 semper
1536 2241 1638 2280 adest,

894 2283 1106 2325 quodcunque
1120 2293 1202 2315 onus
1216 2283 1412 2325 impositum.
1444 2284 1483 2315 E.

939 2328 989 2357 80.
1014 2329 1100 2358 Solus
1121 2332 1166 2358 est
1183 2329 1265 2358 homo
1278 2329 1374 2358 amico
1387 2325 1518 2368 amicta]
1534 2327 1637 2369 Apol-

894 2370 1034 2407 lodorus,
1056 2369 1150 2409 μόνος
1172 2369 1338 2402 ἐπίσταται
1363 2370 1470 2410 φιλεῖν
1489 2369 1564 2402 τοὺς
1584 2370 1638 2411 φί-

895 2419 971 2446 λους
989 2414 1151 2455 (Guyetus
1173 2413 1327 2455 reposuit,
1341 2412 1436 2451 μόνος
1451 2414 1558 2453 φιλεῖν
1576 2413 1638 2455 ’γὰρ

897 2456 971 2489 τοὺς
986 2457 1099 2497 φίλους
1114 2455 1306 2495 ἐπίσταται).
1339 2457 1379 2487 D.

941 2501 991 2531 34.
1016 2502 1106 2531 Modo
1121 2505 1150 2531 te
1165 2502 1234 2531 hinc
1249 2499 1365 2540 amove]
1387 2498 1476 2531 Hinc
1498 2499 1638 2532 discede.

898 2543 978 2574 Vult
989 2543 1075 2574 enim
1085 2543 1172 2574 solus
1184 2553 1292 2574 secum
1303 2543 1473 2574 consilium
1485 2553 1638 2584 querere,

896 2586 1055 2627 quomodo
1081 2586 1151 2617 fieri
1176 2586 1287 2628 possit,
1315 2593 1351 2617 ut
1376 2585 1560 2618 inveniatur
1585 2597 1637 2619 ar-

895 2636 1039 2671 gentum.
1067 2629 1251 2669 E.—Lege,
1269 2631 1378 2660 Dicam
1393 2631 1425 2661 in
1440 2632 1525 2662 itere.
1561 2630 1637 2663 vid.

897 2673 937 2704 ad
956 2673 1072 2704 Heaut.
1091 2672 1122 2703 ii.
1141 2673 1169 2703 3.
1188 2674 1238 2703 30.
1271 2673 1309 2703 Β.

942 2717 968 2747 1.
996 2715 1077 2750 Quid
1090 2718 1106 2746 7
1128 2727 1188 2756 qua
1198 2715 1351 2757 prqsecttu
1365 2715 1476 2757 cauea]
1493 2716 1575 2748 Haec
1588 2722 1640 2749 est

895 2759 1036 2790 narratio
1046 2758 1193 2800 simplex.
1219 2759 1376 2794 D.—-Qua
1383 2758 1534 2800 profectu
1544 2771 1637 2793 msa

895 2803 965 2833 hinc
985 2813 1016 2833 es
1038 2803 1181 2833 Lemnum
1190 2800 1224 2843 ?]
1250 2802 1290 2833 In
1310 2802 1369 2833 hac
1382 2813 1480 2834 scena
1494 2803 1636 2836 narratio

894 2844 1021 2876 itineris
1037 2852 1069 2876 et
1083 2844 1277 2877 reversionis
1297 2845 1478 2888 simplicem
1491 2846 1638 2879 continet

896 2887 1140 2930 expositionem.
1173 2888 1212 2919 E.

939 2931 968 2962 6.
993 2931 1111 2963 Scribe⁴
1125 2933 1241 2963 aibant.
1285 2931 1420 2975 Semper
1440 2932 1528 2967 enim
1547 2933 1636 2976 apud

897 2974 1053 3007 Nostrum
1068 2980 1118 3008 0111
1131 2974 1319 3017 disyllabon.
1351 2976 1389 3008 Β.
