1852 3216
108 141 246 169 scam
268 126 318 182 1.]
395 123 1341 168 HEAUTONTIMORUMENOS.

1550 122 1635 165 273

220 216 472 259 Tractaret:
502 230 651 258 verum
671 229 749 258 nec
769 221 818 257 tu
837 213 954 257 illum
977 216 1079 257 satis
1098 229 1294 263 noveras,

222 282 320 325 Nec
340 290 382 325 te
404 281 496 325 ille:
528 281 698 337 hocque
717 281 782 331 fit,
803 281 878 323 ubi
900 295 984 322 non
1006 295 1104 323 vere
1126 281 1294 322 vivitur.

221 348 295 390 Tu
314 347 430 390 illum
450 362 667 402 nunquam
688 347 915 390 ostendisti
934 347 1080 401 quanti
1101 346 1329 402 penderes,

222 414 319 457 Nec
340 414 417 456 tibi
436 413 561 455 ille'st
581 412 758 457 credere
777 427 924 462 ausuS,
945 427 1042 467 quae
1062 420 1130 454 est
1149 426 1316 467 aequom
1337 411 1463 466 patri.

141 488 199 518 105
221 480 354 528 Quod
376 480 411 520 si
431 487 546 521 esset
567 478 740 527 factum,
762 478 855 520 haec
877 492 1094 532 nunquam
1113 477 1356 519 evenissent
1376 477 1466 518 tibi.

223 546 352 587 ΜΕΝ.
378 545 443 586 Ita
463 559 532 587 res
551 552 633 595 est,
655 544 815 586 fateor:
847 551 1072 598 peccatum
1092 559 1117 584 a
1137 558 1203 585 me
1223 543 1518 585 maximum’st.

224 611 308 652 Cn.
331 610 605 657 Menedeme,
626 617 670 652 at
690 624 820 665 porro
839 617 956 652 recte
977 624 1119 664 spero,
1142 617 1186 650 et
1207 607 1322 650 illum
1343 609 1421 650 tibi

222 675 393 718 Salvom
413 669 660 718 adfuturum
682 690 778 717 esse
797 675 881 725 hic,
902 674 1089 725 confido,
1111 675 1377 730 propediem.

223 741 351 784 ΜΕΝ.
388 741 562 783 Utinam
594 742 652 783 ita
684 740 744 782 Di
773 740 922 782 faxint.
974 741 1060 783 Cn.
1082 740 1284 782 Facient:
1316 755 1430 782 nunc
1461 740 1496 780 si
1524 754 1635 780 com·-

307 807 548 856 modum'st‚

140 881 200 911 110
221 873 431 928 Dionysia
449 871 519 914 hic
539 880 661 914 sunt:
693 871 823 914 hodie
843 872 961 928 apud
980 887 1046 914 me
1069 871 1126 914 sis
1148 871 1257 913 volo.

222 939 350 981 ΜΕΝ.
383 937 489 980 Non
522 953 712 992 possum.
763 937 847 979 CH.
875 937 965 978 Cur
999 938 1113 978 non?
1153 952 1316 991 quaeSO,
1354 937 1526 978 tandem
1563 935 1638 978 ali-

305 1002 555 1059 quantulum

105 1111 310 1136 accusaverat
327 1110 509 1145 utrumque,
526 1113 599 1135 cum
615 1103 746 1141 diceret,
763 1105 848 1134 ambo

105 1149 267 1179 ace-mandi
276 1161 287 1179 .-
302 1148 398 1179 modo
412 1154 584 1187 utrumque
600 1146 752 1184 defendit,
763 1147 848 1187 quod

105 1191 190 1222 hunc
206 1193 324 1232 ingenio
346 1193 403 1223 levi
419 1191 511 1230 (leni)
528 1190 616 1227 dicit,
633 1196 667 1221 et
687 1189 777 1221 illum
798 1192 849 1221 ob-

103 1239 281 1275 sequentem,
304 1234 332 1266 si
354 1234 462 1265 minus
477 1233 598 1274 aliquid
619 1233 662 1273 (si
683 1235 766 1265 modo
787 1235 846 1265 ali-

104 1277 188 1319 quis)
202 1285 289 1309 recte
302 1284 335 1309 et
349 1277 515 1309 commode
527 1282 697 1308 tractaret:
714 1276 851 1308 alterum

105 1332 180 1352 nam
196 1321 256 1352 hoc
267 1321 387 1352 factum
403 1331 473 1351 esse
485 1320 575 1358 dicit,
588 1320 673 1360 quod
687 1327 801 1351 neuter
816 1330 851 1351 se

104 1364 233 1395 noverit
246 1363 421 1404 (Westerh.
445 1374 463 1394 e
486 1363 556 1394 cod.
573 1362 707 1399 addidit,
725 1372 850 1393 verum

106 1416 187 1439 nnc.
211 1408 286 1439 Hoc
300 1408 419 1438 factum
441 1416 512 1437 esse
527 1405 615 1443 dicit,
631 1405 716 1447 quod
737 1413 853 1437 neuter

105 1451 241 1482 alterurn
258 1450 335 1482 satis
350 1449 486 1482 noverit.
520 1449 584 1489 Z.).
612 1449 651 1480 E.

152 1495 223 1526 101.
255 1494 405 1534 Plerique
434 1492 525 1524 codd.
557 1504 650 1533 neque
687 1498 720 1523 tu
753 1493 848 1523 illum.

108 1537 214 1578 Igitur
228 1545 265 1570 ut
279 1539 332 1568 ille
347 1543 380 1568 et
401 1542 434 1568 tu
448 1542 583 1567 accentu
603 1536 780 1573 eleventur,
797 1545 849 1567 re-

106 1591 202 1622 pone,
218 1592 308 1612 unum
323 1583 415 1621 nique
431 1581 515 1610 illum
532 1580 565 1610 112
579 1581 665 1615 satis.
682 1584 738 1610 etc.
771 1578 810 1610 Β.

152 1625 222 1656 102.
251 1625 312 1655 Ubi
324 1635 381 1655 non
397 1634 463 1654 vere
478 1621 607 1663 vivitur]
635 1622 700 1654 Ubi
716 1632 781 1653 non
797 1621 848 1653 in-

107 1673 196 1708 tegre
211 1667 276 1699 vita
292 1666 483 1703 ostenditur,
497 1665 554 1697 ubi
569 1675 635 1697 non
651 1665 800 1702 nudatur,
813 1671 851 1696 ut

106 1710 179 1751 quis
193 1710 297 1752 qualis
317 1710 369 1747 sit,
392 1709 522 1751 agnosci
545 1715 649 1750 queat.
681 1709 848 1740 E.-Hoc-

106 1755 220 1794 qnoefit,
236 1753 322 1795 quod
342 1759 374 1784 et
388 1752 423 1784 in
438 1752 549 1784 Bemb.
565 1751 736 1793 reperitur,
752 1751 851 1783 efficit

108 1807 234 1828 versum
254 1796 414 1828 claudum.
451 1795 520 1826 Alii
541 1795 632 1826 codd.
648 1797 702 1826 hoc
724 1797 776 1835 qui
787 1797 849 1834 fit,-

105 1839 247 1880 quidam,
269 1842 323 1871 hoc
348 1841 393 1870 ibi
407 1841 457 1878 fit.
487 1838 632 1879 Repone,
647 1840 700 1869 hoc
715 1838 794 1878 quod
798 1840 849 1877 fit,

105 1883 138 1914 h.
151 1893 179 1914 e.
196 1883 230 1914 id
244 1883 330 1924 quod
345 1882 414 1914 fieri
431 1881 522 1919 solet,
538 1881 593 1912 ubi
606 1891 671 1912 nou
684 1892 761 1918 vere,
777 1881 809 1913 h.
819 1891 848 1913 e.

104 1932 203 1964 recte,
222 1933 256 1958 et
274 1925 400 1958 ratione
421 1925 550 1957 vivitur.
582 1924 631 1956 Cf.
648 1924 742 1956 Adel.
763 1934 793 1956 v.
819 1923 848 1956 9.

151 2014 222 2044 103.
242 2012 358 2047 Quanti
374 2010 538 2052 penderes]
555 2010 677 2046 Quanti
697 2009 789 2041 illum
804 2009 851 2041 fa-

105 2066 205 2088 ceres.
234 2056 388 2087 Tractum
403 2056 443 2086 ab
459 2054 610 2095 antiquis,
625 2053 681 2095 qui
696 2061 771 2085 ante
786 2053 852 2095 sig-

105 2106 213 2131 natam
235 2098 416 2140 pecuniam,
431 2109 475 2129 aes
496 2104 529 2129 et
549 2104 719 2139 argentum
739 2099 851 2136 pende-

107 2144 188 2174 bant.
226 2142 306 2174 Inde
318 2144 449 2182 pendere
460 2152 566 2182 paenas
582 2140 728 2177 dicimus,
743 2140 776 2171 id
792 2146 851 2178 est,

106 2185 183 2218 dare
204 2196 263 2218 seu
277 2185 367 2217 luere
382 2195 504 2227 poenas.
545 2185 631 2215 Nam
646 2183 852 2224 antiquorum

106 2239 211 2271 poenae
225 2235 318 2261 erant
328 2228 531 2270 pecuniariae.
560 2227 642 2259 Inde
653 2229 785 2267 pendere
800 2226 850 2257 di-

105 2272 208 2304 cimus
231 2272 390 2304 aestimare
420 2282 477 2303 seu
506 2270 606 2302 liceri.
646 2270 729 2302 Inde
757 2269 851 2301 nihili

106 2315 256 2356 pendere,
273 2315 307 2347 id
322 2322 380 2353 est,
394 2315 488 2346 nihili
504 2314 618 2346 facere.
658 2314 740 2345 Inde
755 2312 848 2355 parvi

106 2358 258 2399 pendere,
279 2358 371 2391 flocci
391 2358 544 2400 pendere,
564 2357 674 2398 magni
695 2357 847 2399 pendere.

108 2401 306 2475 (liis-wi
323 2401 487 2443 penderes]
504 2402 670 2438 Quantum
686 2400 847 2442 diligeres.

155 2487 225 2518 104.
247 2488 314 2521 Nec
339 2489 397 2519 tibi
422 2489 544 2519 eredere
569 2486 679 2528 amus]
711 2486 848 2518 Adoles-

108 2529 256 2561 centibus
268 2529 441 2571 gioriosum
456 2537 516 2569 est,
532 2530 559 2562 si
578 2530 736 2562 modestia
750 2537 848 2561 utun-

110 2579 163 2604 tur
178 2579 212 2604 et
226 2573 346 2622 pietate
360 2573 394 2604 in
409 2582 570 2615 parentes,
585 2580 623 2605 ut
643 2573 725 2605 nihil
740 2573 851 2604 dicant

109 2622 166 2648 aut
179 2615 300 2647 faciant
313 2615 375 2648 nisi
387 2616 521 2648 consilio
534 2625 716 2658 parentum.
747 2617 784 2648 C.

156 2659 226 2690 105.
246 2660 333 2693 Quod
345 2661 374 2690 ei
386 2658 599 2699 ascesa-tum,
615 2661 668 2690 hoc
682 2657 849 2700 uunquam]

109 2701 145 2733 Si
161 2709 268 2734 autem
282 2708 317 2733 tu
331 2712 437 2733 mores
449 2708 530 2740 tuos,
546 2709 603 2734 aut
616 2701 671 2734 ille
680 2702 739 2734 tibi
749 2702 852 2743 qualis

108 2752 202 2782 esset,
219 2745 413 2782 ostenderet,
426 2744 518 2776 facile
533 2745 574 2776 ad
586 2745 646 2776 hoc
662 2745 852 2777 calamitatis

108 2798 211 2830 genus
227 2799 292 2819 non
307 2788 528 2830 perveniretis.
561 2788 600 2819 E.

154 2832 224 2864 106.
250 2833 302 2863 Ita
325 2843 373 2863 res
398 2830 460 2872 est]
492 2830 653 2867 Quoniam
683 2838 854 2872 utrumque

108 2875 342 2916 quodammodo
365 2881 570 2906 accusaverat
590 2874 754 2912 Chremes,
770 2874 856 2916 quod

110 2925 224 2950 neuter
249 2918 294 2950 ibi
318 2918 404 2958 (sibi,
425 2925 490 2955 aut,
513 2929 590 2955 mos,
606 2924 671 2955 aut,
686 2919 778 2949 alteri
802 2918 854 2957 Z.)

111 2971 214 2993 mores
244 2961 447 2997 ostendisset,
477 2971 570 2992 omne
598 2960 720 2992 crimen
749 2960 856 3002 potius

891 1102 1018 1134 derivat
1030 1102 1138 1142 (addo,
1151 1103 1181 1133 in
1194 1114 1225 1133 se
1243 1102 1296 1141 Z.)
1313 1112 1423 1140 senex,
1436 1113 1473 1133 ac
1486 1102 1573 1139 dicit,
1580 1102 1637 1143 sa-

891 1151 964 1183 teor,
985 1152 1141 1187 peccatum
1165 1157 1184 1176 a
1211 1157 1256 1177 me
1279 1148 1439 1176 mimum
1468 1151 1521 1177 est.
1555 1146 1639 1176 E.—

892 1191 1054 1220 Peccatum
1069 1201 1088 1220 α
1104 1188 1165 1230 me]
1191 1189 1230 1220 V.
1246 1190 1282 1220 C.
1300 1190 1462 1220 Peccatum
1477 1200 1580 1220 meum.
1598 1189 1636 1220 L.

892 1233 1049 1264 —Bemb.
1067 1232 1170 1264 Vatic.
1188 1239 1221 1263 et
1238 1243 1350 1263 omnes
1373 1233 1439 1263 fere
1462 1232 1562 1263 nostri
1579 1232 1636 1263 ha-

894 1276 972 1307 bent
995 1287 1174 1312 maxumum,
1200 1282 1319 1317 praeter
1339 1276 1408 1307 cod.
1427 1276 1548 1307 Victor.
1572 1275 1638 1313 ubi,

894 1322 1031 1357 maxime,
1046 1319 1216 1361 reperitur.
1255 1319 1294 1350 B.

942 1362 1011 1395 107.
1036 1364 1132 1393 Porro
1151 1367 1230 1393 recte
1246 1361 1348 1402 spero]
1372 1363 1477 1399 Porro,
1494 1362 1639 1402 ejusdem

895 1404 1149 1446 significationis,
1172 1407 1264 1446 cujus
1285 1416 1353 1436 vero
1380 1411 1411 1436 et
1436 1410 1557 1436 autem:
1581 1415 1640 1446 pro

893 1448 1009 1489 quibus
1026 1454 1124 1479 tamen
1145 1459 1266 1490 ponere
1283 1458 1348 1478 non
1369 1448 1482 1489 possis.
1506 1448 1640 1489 Signifi-

893 1498 946 1523 cat
966 1491 1065 1523 etiam
1078 1491 1164 1533 apud
1175 1497 1288 1533 poetas
1304 1493 1398 1532 longe,
1415 1497 1506 1529 certe,
1522 1497 1639 1531 postea,

893 1537 982 1566 ultro.
1006 1536 1099 1575 Spero
1113 1545 1173 1577 pro
1187 1535 1295 1573 crede,
1308 1535 1463 1566 usitatum
1479 1542 1546 1566 est:
1571 1535 1640 1566 sive

893 1578 934 1610 de
948 1578 1102 1620 praesenti
1123 1578 1302 1619 loquamur,
1318 1577 1386 1609 sive
1401 1578 1442 1608 de
1463 1577 1639 1619 praeterito.

893 1621 1051 1653 Similiter
1069 1623 1180 1661 confido
1202 1631 1263 1663 pro
1284 1620 1391 1659 credo,
1407 1628 1477 1652 tum
1499 1620 1533 1652 in
1556 1631 1640 1663 prae·

893 1664 999 1703 terito,
1016 1672 1085 1696 tum
1100 1664 1135 1696 in
1146 1663 1310 1706 praesenti,
1324 1670 1394 1695 tum
1407 1663 1442 1695 in
1458 1664 1576 1696 futuro.
1602 1665 1639 1696 C.

892 1707 1127 1749 —Menedeme]
1151 1708 1205 1740 Ad
1226 1717 1416 1749 personam:
1440 1708 1501 1739 hoc
1520 1718 1561 1740 ex
1574 1707 1641 1740 illis

893 1761 965 1792 quae
986 1762 1084 1793 supra
1105 1750 1264 1793 promisit,
1285 1750 1433 1782 inveniet
1452 1750 1530 1791 quid
1552 1751 1640 1782 adfe-

892 1801 953 1832 rat,
969 1794 1093 1826 scilicet
1114 1794 1387 1826 consolationem:
1410 1794 1569 1835 siquidem
1589 1794 1639 1826 di-

892 1837 947 1875 cit,
959 1839 1061 1877 filium
1083 1836 1260 1878 adfuturum
1270 1839 1320 1868 hic
1334 1839 1447 1877 confido
1458 1839 1640 1877 propediem.

895 1882 1024 1920 Confido,
1040 1880 1101 1911 hoc
1118 1887 1177 1918 est,
1194 1880 1345 1911 fiduciam
1366 1890 1452 1921 gero.
1486 1880 1639 1913 liz—Me-

893 1926 1022 1961 mdeme,
1038 1929 1073 1955 at
1090 1922 1198 1965 porro]
1227 1923 1363 1955 Rectius
1384 1922 1522 1961 videtur,
1544 1923 1572 1955 si
1594 1923 1642 1955 sic

896 1966 1131 2008 distinguatur:
1170 1968 1353 2004 almozem,
1381 1973 1415 1997 at
1438 1977 1530 2006 porro
1559 1973 1642 1999 recte

896 2021 1005 2050 sperem·
1033 2012 1118 2041 illum
1141 2011 1200 2041 tibi
1222 2011 1344 2042 Salvum
1372 2009 1549 2051 adfictumm
1577 2021 1643 2042 eree

895 2055 945 2084 hic
959 2054 1071 2092 confido
1081 2054 1263 2093 propediem.
1292 2053 1330 2084 L.

943 2097 1013 2128 109.
1036 2098 1161 2128 Utinam
1175 2094 1362 2137 Diisaxint]
1385 2096 1480 2133 Fato,
1496 2096 1641 2128 futurum

895 2146 1024 2181 tempus
1039 2145 1184 2171 tantum:
1203 2139 1264 2176 vel,
1280 2145 1317 2170 ut
1331 2139 1397 2177 alii,
1413 2139 1642 2181 promissivum

894 2183 1025 2214 modum
1041 2182 1193 2214 ostendit.
1225 2182 1431 2214 c.—0mnes
1444 2182 1512 2214 fere
1527 2182 1640 2221 nostri,

895 2237 974 2257 nunc
999 2229 1026 2257 si
1055 2231 1101 2257 est
1125 2227 1304 2257 commodum
1320 2239 1331 2257 .-
1360 2225 1463 2267 magis
1485 2236 1528 2258 ex
1550 2236 1640 2258 more

894 2269 1044 2300 auctoris.
1076 2269 1115 2300 B.

937 2313 1007 2344 110.
1031 2313 1183 2353 Dionysia
1202 2314 1251 2344 hic
1271 2311 1359 2353 sunt]
1384 2311 1459 2343 Hoc
1481 2318 1540 2351 est,
1558 2312 1640 2344 Bac-

892 2355 1048 2387 chanalia.
1082 2357 1227 2396 Diooeysii
1241 2362 1359 2392 autem,
1375 2355 1431 2396 qui
1445 2361 1479 2386 et
1494 2355 1641 2389 Bacchus

893 2399 1021 2437 dicitur,
1035 2409 1135 2437 sacra,
1151 2409 1170 2430 a
1184 2398 1347 2441 plerisque
1359 2398 1494 2430 Graeciae
1509 2399 1642 2431 urbibus

894 2442 1035 2474 triennio
1050 2452 1176 2483 quoque
1195 2442 1449 2473 celebrabantur.
1480 2442 1640 2474 C.——Dio·

893 2488 982 2527 nysia
1006 2488 1055 2517 hic
1077 2485 1165 2526 sunt]
1190 2486 1332 2527 Optume
1357 2485 1486 2522 factum,
1510 2491 1547 2517 ut
1568 2492 1643 2528 post

894 2538 1055 2560 narratam
1070 2528 1296 2565 calamitatem,
1313 2528 1366 2559 cui
1380 2528 1509 2569 quidem
1524 2536 1644 2571 praeter

892 2571 1145 2604 consolationem
1160 2571 1332 2603 subvenire
1348 2582 1412 2602 non
1429 2578 1575 2613 poterats
1593 2581 1640 2604 ta-

893 2626 970 2648 men
985 2616 1019 2647 in
1036 2626 1074 2647 eo
1089 2615 1175 2656 quod
1190 2625 1232 2646 ex
1253 2614 1324 2656 ipso
1345 2614 1468 2646 auxilio
1490 2625 1560 2648 esse
1581 2626 1640 2658 po-

896 2659 1019 2695 tuisset,
1038 2658 1106 2690 vult
1121 2669 1196 2690 eum
1215 2657 1256 2689 ad
1271 2667 1397 2689 coenam
1413 2668 1544 2695 vocare3
1566 2658 1644 2700 quia

894 2702 983 2740 dicit,
1000 2704 1086 2733 hodie
1100 2703 1250 2742 Dionysia
1265 2705 1346 2739 sunt,
1361 2710 1433 2742 quoe
1452 2708 1530 2734 sum
1550 2711 1643 2736 sacra

896 2745 1008 2776 Liberi
1035 2745 1137 2786 patris
1163 2743 1251 2785 apud
1274 2744 1422 2776 Athenas
1449 2744 1640 2784 (Atheniens.

898 2789 963 2828 Z.).
995 2788 1185 2819 E.-Prava
1208 2787 1375 2819 distinctio
1397 2786 1444 2819 sic
1466 2794 1516 2820 cet
1541 2789 1640 2821 refin-

897 2831 1014 2873 genda,
1031 2832 1181 2871 Dionysia
1196 2832 1246 2861 hic
1260 2835 1332 2862 suut
1346 2832 1432 2863 hodie
1442 2843 1454 2863 .·
1475 2834 1568 2872 apud,
1583 2837 1640 2864 etc.

946 2919 1015 2948 lll.
1042 2915 1166 2957 Quaeso]
1190 2916 1332 2950 Primam
1357 2928 1527 2960 personam
1555 2918 1640 2950 indi-

899 2960 995 2992 cativi
1011 2960 1108 2991 habet
1129 2960 1294 2992 duntaxat.
1318 2960 1411 2992 Licet
1430 2973 1560 3002 quesere
1576 2962 1640 2993 lec-

1012 3013 1033 3033 κ
1052 3014 1073 3034 n
