1852 3216
91 175 233 206 semu
253 161 342 218 nn]

688 159 1049 204 PHORMIO.

1528 160 1615 204 619

144 252 234 296 Gr„
254 251 408 299 Visum
427 257 495 294 est
511 248 629 302 mihi,
648 255 697 293 ut
713 250 809 306 ejus
826 257 1036 293 tentarem
1054 249 1330 293 sententiani

87 326 127 357 15
144 317 317 361 Prendo
337 317 550 359 hominem
567 314 725 359 solum:
755 330 833 358 cur
853 330 953 367 non,
974 316 1162 372 inquam,
1183 315 1402 367 Phormio,

142 383 295 434 Vides,
315 383 426 425 inter
444 397 519 424 vos
537 382 598 425 sic
616 381 711 424 haec
729 382 873 438 potius
893 396 990 424 cum
1009 382 1123 424 bona

144 449 208 491 Ut
228 456 534 505 componantur
553 447 705 503 gratia,
725 462 852 502 quam
871 463 968 490 cum
987 448 1126 491 mala?

142 514 291 558 Herus
310 514 495 557 liberalis
516 522 597 564 est,
616 522 660 556 et
677 513 864 569 fugitans
882 513 1041 556 litium:

143 581 259 624 Nam
277 582 420 623 caeteri
439 580 612 636 quidem
629 579 773 622 hercle
792 580 915 622 amici
934 594 1080 622 omnes
1100 578 1228 622 modo

86 655 127 686 20
146 646 245 689 Uno
265 661 338 689 ore
358 654 554 689 auctores
575 646 709 696 fuere,
730 652 778 687 ut
797 646 1059 701 praecipitem
1079 645 1189 687 hanc
1209 645 1346 687 daret.

143 711 234 754 AN.
257 712 376 760 Quid
396 712 466 754 hic
483 718 660 767 coeptat,
674 718 748 753 aut
764 726 850 766 quo
867 712 1022 754 evadet
1036 711 1196 754 hodie?
1247 710 1336 753 GE.
1354 709 1428 753 An
1442 708 1609 766 legibus

144 778 359 821 Daturum
380 793 530 834 poenas
552 777 684 827 dices,
707 777 742 818 si
761 775 873 818 illam
891 778 1093 832 ejecerit?

143 844 242 886 Jam
261 844 305 886 id
324 842 669 899 exploratum’st:
700 841 813 892 heia,
834 843 1008 885 sudabis
1031 843 1148 893 satis,

145 910 192 952 Si
211 926 306 953 cum
327 909 398 951 illo
418 910 610 965 inceptas
632 908 824 950 homine:
855 923 907 950 ea
925 907 1168 963 eloquentia
1187 909 1277 950 est!

87 985 127 1015 25
145 975 322 1027 Verum,
344 990 455 1031 pone
475 989 571 1017 esse
591 975 748 1016 victum
766 987 886 1015 eum:
918 980 963 1015 at
981 973 1154 1015 tandem
1174 980 1316 1015 tamen

144 1042 248 1084 Non
267 1041 418 1097 capitis
437 1041 530 1096 ejus
549 1055 618 1082 res
640 1040 794 1095 agitur,
815 1041 893 1083 sed
911 1041 1118 1096 pecuniae.

144 1109 379 1163 Postquam
400 1107 612 1149 hominem
630 1106 697 1148 his
717 1107 857 1148 verbis
878 1106 1014 1148 sentio
1033 1105 1255 1148 mollirier:

146 1173 235 1216 Soli
256 1188 400 1215 sumus
422 1188 533 1214 nunc
553 1172 637 1223 hic,
654 1172 850 1228 inquam;

880 1171 963 1214 eho
983 1172 1066 1222 dic,
1089 1172 1195 1227 quid
1213 1171 1315 1214 velis
1336 1172 1430 1214 dari

143 1239 247 1282 Tibi
265 1239 308 1280 in
326 1254 495 1280 manum
508 1240 539 1280 ἲ·
555 1246 604 1280 ut
621 1237 753 1280 herus
772 1238 840 1280 his
861 1237 1040 1279 desistat
1058 1236 1228 1279 litibus:

87 1313 129 1343 30
146 1304 256 1347 Haec
274 1304 374 1347 hinc
394 1304 593 1354 facessat,
615 1311 662 1345 tu
679 1302 882 1345 molestus
900 1317 954 1345 ne
975 1303 1073 1344 sies.

134 1407 183 1437 14.
204 1405 283 1437 cod.
311 1411 419 1436 noster
445 1410 522 1435 vett.
549 1414 608 1445 pro
637 1404 703 1444 qim
730 1403 828 1435 habet

85 1451 193 1490 prium
217 1449 298 1480 alter
313 1449 376 1480 900
388 1457 543 1479 annorum
559 1449 643 1487 prius
658 1446 744 1487 ejus.-
761 1454 824 1478 ter-

88 1492 154 1523 tius
167 1492 233 1533 ejus
252 1497 492 1533 pertenptarem.
526 1489 716 1539 Certe-illud
732 1492 824 1530 temp·

88 1535 439 1610 ‹memfflfflff
452 1533 829 1619 ἳέροῖἶρέἒέυἰῗῗιᾝ

88 1625 134 1653 ist
154 1625 204 1661 mi,
219 1627 254 1653 ιιι
269 1622 335 1663 ejas
349 1624 522 1662 tenpedrem
539 1622 628 1661 prius
641 1622 827 1651 sententiam.

89 1665 183 1740 RIG.
201 1710 276 1740 Gan
289 1710 363 1739 bom
382 1713 417 1738 ut
428 1705 654 1748 componantur]
671 1706 756 1737 Vide
770 1716 828 1748 po-

89 1752 155 1784 tius
177 1759 215 1783 ut
239 1752 307 1783 haec
329 1761 402 1782 cum
428 1751 512 1782 bonu
533 1750 637 1792 gratia
657 1760 829 1792 compona-

89 1806 172 1832 mus,
186 1805 251 1826 non
270 1794 364 1830 mala,
380 1804 438 1836 per
453 1794 603 1834 injuriam
619 1800 714 1834 atque
730 1793 829 1824 litem.
848 1809 852 1811 -

91 1838 264 1870 R-lnud
278 1840 324 1869 sie
337 1845 424 1869 recte
438 1838 529 1869 abest
544 1837 577 1868 in
593 1836 715 1877 aliquot
729 1836 828 1868 libris-

93 1882 133 1913 In
149 1881 259 1913 multis
273 1891 332 1923 pro
346 1892 396 1912 vos
411 1887 459 1912 est
471 1891 531 1918 noe,
547 1880 595 1911 uti
611 1880 687 1911 olim
704 1879 829 1921 Eugra-

89 1925 186 1967 phius
201 1924 317 1966 legisse
331 1924 467 1955 videtur.
505 1924 613 1960 Quare
628 1923 698 1964 lege
714 1930 770 1954 aut
784 1925 829 1954 m·-

91 1970 193 2000 demu
208 1971 288 1999 inter
302 1979 364 2004 nos,
377 1974 433 1998 aut
448 1969 556 1998 videtis
571 1969 650 1998 inter
660 1978 719 1998 vos.
744 1966 830 1998 Nam

89 2014 171 2044 inter
191 2023 253 2048 noe,
275 2011 326 2042 vel
349 2013 429 2042 iuter
454 2022 514 2048 vos,
536 2009 703 2051 utriusque
728 2010 830 2052 partis

90 2055 229 2087 officium
242 2061 340 2086 notat.
373 2054 410 2085 B.

136 2100 184 2130 18.
200 2100 351 2140 fugitans
366 2096 481 2138 litium]
498 2096 650 2128 Genitivo
665 2095 752 2127 casui
767 2095 832 2127 vim

89 2142 230 2174 nominis
245 2142 341 2173 habet
351 2140 495 2182 fugitans
511 2141 678 2180 junctum:
701 2149 831 2170 accusa-

90 2185 166 2223 tivo,
183 2185 248 2216 vim
271 2191 395 2216 tantum
417 2183 589 2226 participii.
629 2185 777 2224 Fugieaus
791 2185 830 2214 11·-

90 2228 183 2270 tim]
207 2228 307 2264 Quasi
323 2227 408 2268 quod
423 2227 493 2258 vult
515 2226 550 2257 in
571 2225 702 2258 domino
717 2227 830 2264 facere,

89 2271 203 2313 idjiun
218 2271 252 2303 in
268 2282 307 2303 eo
322 2281 392 2302 esse
408 2270 504 2302 dicit:
527 2279 712 2312 praeparnns
726 2269 830 2300 homi-

89 2325 165 2347 nem
179 2315 220 2346 ad
235 2321 431 2346 contemtum
454 2313 608 2355 pecuniae,
624 2323 695 2354 quae
795 2323 829 2344 e-

90 2365 144 2389 tur
158 2358 276 2389 statim.
305 2358 494 2389 D.—-Herus
509 2358 644 2388 liberalis
662 2361 708 2387 eet
748 2356 828 2387 Per·

90 2411 242 2433 suasurus
266 2401 417 2432 Phormio
439 2400 515 2432 mali
539 2400 616 2441 quid
640 2407 697 2436 est,
725 2399 830 2440 primo

90 2451 246 2476 terrorem
267 2467 276 2476 .
293 2467 302 2475 .
318 2468 326 2476 .
344 2467 353 2476 .
376 2467 385 2476 .
408 2467 417 2476 .
440 2451 535 2485 atque
562 2443 663 2474 inicit.
704 2442 831 2474 Deinde

91 2488 190 2527 (Quia
203 2499 401 2528 persuasum
414 2493 460 2519 est
466 2489 647 2523 Phormioni,
659 2487 757 2526 primo
769 2491 831 2517 ter-

91 2542 187 2562 rorem
214 2530 324 2571 injicit,
346 2533 461 2562 deinde.
496 2530 575 2570 Ms.)
602 2529 766 2561 blanditur
791 2530 831 2560 ab

91 2573 174 2611 utili,
197 2580 230 2605 et
252 2573 341 2611 dicit,
363 2574 512 2606 dominus
534 2573 676 2604 liberalis
699 2580 757 2609 ent,
776 2573 831 2613 qui

90 2617 183 2648 facile
192 2617 312 2648 donare
323 2624 437 2658 potest,
450 2624 483 2648 et
496 2617 571 2649 lite·
584 2616 694 2657 fugere
709 2617 766 2648 sen
781 2614 836 2648 rix·

95 2667 155 2692 etc.
172 2670 213 2691 an
230 2659 358 2701 (sugere
372 2663 477 2692 emit.
513 2669 590 2691 run
607 2668 760 2696 σιτ-ειη,
776 2667 826 2691 etc

95 2704 281 2744 Quanquam
310 2703 363 2743 Z.)
396 2703 466 2734 fieri
566 2703 591 2734 't
619 2713 660 2734 ex
692 2702 831 2734 auctori-

91 2754 158 2779 tate
180 2746 363 2783 multorum,
390 2746 475 2787 quod
489 2745 608 2788 expelli
629 2745 737 2787 puella
758 2753 830 2787 pot-

95 2798 153 2822 est.
182 2790 222 2821 E.

136 2834 187 2865 21.
207 2832 289 2868 Quid
308 2834 358 2863 hic
379 2836 491 2872 caepm
500 2830 533 2872 ?]
557 2831 653 2862 Nunc
671 2830 833 2873 accipiens

91 2876 177 2909 servi
188 2876 357 2908 consilium
373 2875 518 2916 Antipho
532 2874 689 2905 irascitur.
721 2874 760 2906 Ε.

135 2921 186 2952 22.
199 2922 251 2951 An
265 2921 380 2960 legibue
394 2921 536 2950 duarum
545 2917 669 2959 poems]
682 2918 828 2960 Respon-

91 2962 278 2995 sioexsola
385 2962 392 2968 '
430 2961 576 2992 'oneest
603 2961 678 2992 Hoc
693 2967 831 2999 agnon

869 1403 986 1434 silium.
1011 1404 1088 1434 Post
1097 1403 1306 1444 quaestionem
1322 1404 1390 1435 sola
1401 1404 1614 1446 promissione

869 1447 1055 1477 dissolutam
1072 1453 1180 1485 terret,
1195 1456 1258 1488 quo
1274 1447 1398 1479 facilius
1421 1449 1614 1490 persuadeat

870 1489 1065 1521 Phormioni.
1093 1490 1132 1521 E.

914 1534 964 1564 25.
996 1534 1113 1571 Verum,
1136 1544 1212 1574 pone
1233 1543 1296 1565 esee
1317 1533 1444 1575 victum]
1476 1534 1615 1567 Etiamsi

870 1576 1030 1607 contrario
1045 1585 1163 1608 eventu
1183 1576 1339 1608 efficiatur
1361 1584 1425 1609 tota
1449 1578 1615 1620 persuasio

870 1619 974 1658 facile,
989 1626 1023 1651 et
1043 1620 1191 1651 vincatur
1210 1620 1383 1662 Demipho,
1404 1629 1533 1663 poenam
1555 1632 1614 1664 pe-

871 1663 976 1694 cuniae
1002 1673 1081 1701 esse,
1105 1674 1170 1695 non
1196 1663 1320 1705 capitis.
1362 1664 1436 1695 Hoc
1460 1671 1519 1701 est,
1535 1675 1613 1697 con-

872 1706 1016 1738 demnari
1037 1706 1157 1748 poterit
1170 1707 1256 1748 quod
1277 1707 1429 1746 effecerit,
1449 1715 1483 1739 et
1496 1708 1614 1740 libera-

873 1755 925 1781 tus
948 1752 968 1772 ¹
992 1750 1179 1791 pecuniaria
1205 1750 1267 1782 ista
1290 1750 1392 1781 multa
1414 1750 1521 1782 futura
1545 1758 1613 1783 est:

872 1803 937 1824 non
955 1793 1049 1834 (quod
1062 1793 1195 1834 ejecerit,
1208 1795 1262 1824 sed
1276 1795 1457 1825 liberabitur
1467 1797 1614 1834 pecunia-

872 1838 920 1867 ria
932 1838 993 1867 ista
1007 1838 1102 1868 multa
1116 1839 1222 1868 soluta-
1257 1838 1341 1878 Ergo
1355 1849 1412 1873 non
1429 1837 1482 1877 Z.)
1499 1838 1615 1870 metuit

873 1879 1070 1919 ejectionem.
1120 1879 1341 1921 E.-—Vulgari
1373 1880 1504 1912 lectioni
1537 1891 1615 1921 poue

872 1922 989 1964 praeser
1005 1922 1153 1954 Bembini
1167 1934 1251 1963 pono,
1268 1923 1300 1954 h.
1313 1933 1341 1954 e.
1357 1924 1507 1955 concedo.
1531 1924 1570 1956 Β.

916 1967 967 1997 26.
992 1966 1079 2007 Lege
1093 1977 1167 1997 cum
1183 1973 1245 1997 vet.
1262 1966 1331 1998 cod.
1348 1967 1435 2009 apud
1449 1968 1615 2009 Guyetmn

873 2011 910 2046 ei,
927 2016 963 2040 ut
975 2009 1225 2051 monosyllabon,
1239 2019 1299 2051 pro
1309 2010 1384 2050 ejus.
1411 2009 1448 2041 Β.

916 2054 966 2083 28.
984 2054 1065 2084 Πανί
1088 2055 1144 2084 ciba·
1169 2055 1201 2084 in
1223 2052 1358 2093 manum]
1388 2053 1493 2085 Datur
1521 2053 1550 2085 ei
1577 2053 1614 2086 in

875 2105 1015 2134 manum,
1030 2096 1084 2136 qui
1100 2095 1208 2127 furtim
1226 2095 1404 2137 (separatim
1419 2096 1468 2128 ed.
1487 2097 1542 2128 Du
1559 2097 1614 2139 B.)

874 2139 992 2181 accipit
1018 2139 1089 2171 sine
1116 2139 1245 2176 arbitro,
1273 2146 1329 2170 aut
1351 2139 1547 2182 interprete:
1578 2147 1617 2172 ut

874 2182 1107 2223 praevaricator,
1127 2189 1183 2213 aut
1202 2183 1302 2222 judex
1317 2192 1410 2214 corru
1435 2190 1495 2215 tus.
1528 2183 1617 2215 D.—

877 2225 959 2259 Quid
982 2229 1028 2257 nie
1053 2227 1123 2256 dari
1153 2227 1210 2257 tibi
1234 2228 1267 2257 in
1289 2237 1407 2257 manum
1454 2227 1528 2258 Hoc
1554 2232 1615 2266 est,

874 2275 1025 2309 quantam
1047 2268 1216 2310 pecuniam
1238 2268 1273 2300 in
1293 2269 1444 2311 prasenti
1468 2269 1534 2302 acci

873 2312 931 2348 vis,
947 2319 983 2343 ut
998 2312 1147 2343 dominus
1162 2313 1202 2343 ab
1221 2312 1281 2343 hac
1303 2312 1360 2343 lite
1380 2312 1544 2345 discedat?
1573 2313 1614 2346 Β.

872 2356 963 2386 —Ut
978 2358 1098 2397 iuquam
1112 2355 1203 2386 sitin
1219 2355 1295 2394 ictu,
1310 2355 1381 2397 lege
1402 2364 1476 2387 cum
1496 2357 1616 2390 nostri·

873 2399 1030 2436 omnibus,
1058 2400 1121 2430 Soli
1148 2409 1248 2430 eamus
1276 2410 1363 2436 nunc,
1393 2399 1524 2440 inquam,
1554 2402 1614 2432 Mc.

874 2442 968 2479 Tum,
983 2450 1112 2473 auctore
1128 2442 1285 2473 Bemhino
1305 2441 1397 2480 libro,
1420 2444 1471 2474 aio
1485 2443 1566 2481 dele,
1581 2450 1616 2476 et

873 2487 946 2517 velis
960 2492 1049 2516 muta
1063 2485 1097 2516 in
1112 2487 1166 2516 viz.
1199 2485 1236 2516 B.

917 2530 967 2560 29.
986 2529 1037 2560 Ne
1057 2531 1146 2559 herus
1166 2535 1258 2559 extra
1278 2527 1378 2560 ictum
1396 2529 1526 2571 penitus
1539 2530 1614 2563 ab·

874 2572 1040 2610 condatur,
1053 2581 1183 2613 repone,
1197 2574 1286 2602 hiras
1300 2577 1334 2602 ιιι
1348 2573 1404 2609 his,
1417 2577 1473 2604 etc.
1506 2570 1544 2604 B.

923 2616 973 2646 30.
990 2617 1068 2647 Haec
1081 2617 1151 2646 binc
1162 2613 1316 2656 sace-teat]
1331 2615 1394 2646 Pro
1408 2616 1493 2647 Hinc
1511 2626 1544 2648 se
1556 2615 1615 2657 sa·

880 2661 952 2695 ciat,
968 2658 1002 2689 id
1017 2666 1076 2696 est,
1091 2659 1200 2689 abeat:
1224 2665 1270 2694 ut,
1287 2659 1358 2689 Huc
1378 2668 1410 2690 ee
1423 2658 1537 2699 saciat,
1550 2660 1614 2692 huc

875 2701 1014 2738 accedat,
1030 2701 1199 2742 significat.
1216 2702 1293 2732 Haee
1304 2701 1533 2744 Musaeum]
1550 2703 1615 2736 Pro

874 2747 972 2782 cedat,
988 2744 1067 2776 alias
1078 2743 1192 2784 saciat.
1218 2744 1306 2785 Ergo
1327 2744 1408 2776 duas
1421 2755 1474 2777 res
1488 2746 1613 2788 signifi-

875 2794 927 2819 cat
941 2787 1000 2819 boc
1021 2797 1121 2818 unum
1134 2788 1276 2819 verbum.
1308 2787 1362 2818 An
1384 2789 1454 2820 hinc
1463 2788 1612 2830 samm,

874 2830 1129 2872 proverbialiter,
1144 2829 1234 2871 quasi
1249 2829 1439 2870 Maesa-ut.
1469 2829 1612 2873 Phatne,

873 2879 1030 2915 argentam
1043 2875 1112 2905 hinc
1125 2872 1235 2914 facite.
1280 2875 1352 2906 Haoe
1366 2879 1395 2907 te
1408 2874 1472 2916 sce
1484 2875 1613 2916 dieitur,

873 2927 932 2959 pro
946 2919 1005 2948 huc
1025 2918 1141 2949 aceede.
1173 2914 1344 2949 D.—Hine
1354 2917 1509 2961 sumt]
1530 2920 1613 2953 Dio-

874 2960 957 2992 med.
973 2960 1027 2992 lib.
1043 2959 1065 2992 i.
1093 2960 1183 2994 Serv.
1199 2960 1276 2993 AEn.
1290 2960 1334 2993 iv.
1349 2970 1415 2995 ver.
1431 2963 1504 2995 295.
1520 2964 1614 3006 jum

91 3006 127 3039 id
141 3006 323 3044 metuimus,
338 3005 493 3038 habemus
507 3003 594 3037 enim
608 3011 733 3037 certum
751 3014 830 3036 con·
865 3002 1032 3045 facescant.
1063 3002 1102 3035 1..
