1852 3216
115 210 253 239 semu
275 195 336 250 v.]

657 192 1071 235 EUNUCHUS.

1548 192 1633 234 ‘241’

119 294 157 324 10
174 285 391 341 Quicquid
412 284 541 340 hujus
562 283 789 334 factum’st‚
812 281 938 338 culpa
957 297 1042 324 non
1062 282 1275 324 factum‘st
1295 297 1399 324 mea.

171 352 254 393 LA.
278 350 427 399 Quid?
473 349 585 392 PAR.
609 349 748 391 Recte
769 363 869 390 sane
889 349 1184 403 interrogasti:
1216 348 1406 403 oportuit

169 417 280 459 Rem
299 430 588 471 praenarrasse
607 430 688 458 me.
736 414 855 456 Emit
875 414 1088 469 quendam
1110 413 1312 455 Phaedria

169 481 444 531 Eunuchum,
465 495 592 536 quem
612 481 726 522 dono
746 479 845 522 huic
866 480 1002 522 daret.
1055 480 1138 521 LA.
1162 479 1270 522 Cui?
1322 479 1435 521 PAR.
1457 478 1632 521 Thaidi.

170 547 253 589 LA.
277 547 425 589 Emit?
465 547 574 602 perii
592 545 762 588 hercle!
803 546 980 601 quanti?
1033 545 1146 588 PAR.
1170 545 1336 601 Viginti
1354 546 1490 587 minis.

114 622 152 651 15
171 613 254 655 LA.
266 613 494 655 Actum’st.
544 612 659 654 PAR.
674 612 789 654 Tum
797 611 1232 668 quandamfidicinam
1241 610 1430 653 amathic
1439 609 1650 653 Chaerea.'

171 679 255 721 LA.
278 678 408 729 Hem,
430 678 564 734 quid?
602 680 743 720 amat?
783 693 838 719 an
858 677 939 720 scit
952 677 1041 733 jam
1060 676 1130 719 ille
1150 677 1255 733 quid
1274 677 1477 719 meretrix
1498 677 1605 719 siet?

169 744 243 786 An
263 744 306 785 in
327 744 442 785 Astu
462 744 605 785 venit?
644 742 759 785 aliud
777 758 833 785 ex
853 742 935 784 alio
954 741 1130 784 malum!

167 809 281 851 PAR.
305 808 441 860 Here,
463 824 516 850 ne
535 823 603 851 me
623 815 814 864 spectes:
846 823 913 851 me
933 808 1164 864 impulsore
1185 807 1278 850 haec
1299 823 1384 850 non
1404 807 1518 851 facit.

171 874 254 917 LA.
278 873 440 916 Omitte
462 874 516 916 de
537 882 579 916 te
599 874 766 916 dicere:
798 888 881 929 ego
900 881 959 925 te,
979 873 1167 924 furcifer,

113 1003 154 1034 de
164 1012 215 1034 me
227 1012 298 1034 esse
313 1002 433 1033 credas,
458 1001 521 1032 Sed
532 1001 592 1032 hoc
604 1000 701 1032 stulte
717 1000 853 1036 factum;

113 1045 178 1077 nisi
199 1045 321 1077 crimen
340 1044 392 1076 vel
410 1044 533 1075 facinus
554 1043 699 1081 dixisset,
717 1054 856 1084 purg-are

113 1098 179 1120 non
201 1088 313 1120 debuit
331 1097 502 1130 personam
519 1097 620 1118 suam.
662 1087 740 1118 ldeo
755 1096 856 1118 senex

112 1131 290 1172 interrogat
310 1132 385 1171 quid
396 1129 517 1171 sactum
538 1133 588 1162 cit.
624 1130 670 1161 Et
685 1130 854 1167 Parmeno,

112 1175 214 1212 Recte,
224 1173 343 1215 inquit3
360 1176 493 1214 oportuit
504 1184 567 1205 rem
577 1183 786 1213 praenarrasse
798 1184 852 1204 me.

114 1217 188 1248 Hoc
200 1224 258 1254 est,
270 1217 402 1254 crimen,
412 1217 497 1257 quod
509 1223 557 1248 est
566 1215 751 1253 admissum,
763 1216 854 1258 prius

112 1261 255 1302 oportuit
269 1260 386 1297 dicere,
399 1267 432 1291 et
443 1259 489 1291 sic
500 1259 646 1291 adhiberi
659 1259 693 1290 in
706 1259 855 1291 omnibus

112 1304 346 1345 purgationem.
376 1303 610 1343 R—Plerique
625 1302 716 1334 codd.
730 1305 765 1333 id
778 1304 858 1343 quod

112 1357 162 1378 ree
176 1353 241 1378 est:
264 1353 301 1378 ut
315 1357 422 1388 supra,
438 1346 481 1377 iv.
498 1346 527 1377 6.
548 1347 597 1377 10.
630 1346 666 1376 B.

160 1391 208 1421 10.
236 1391 387 1430 Quicquid
397 1388 613 1430 hujussactum
625 1387 687 1429 est]
701 1388 856 1420 Absolute

114 1435 152 1464 ut
166 1443 273 1474 supra,
290 1439 319 1464 et
335 1434 478 1473 quicquid
490 1432 580 1472 hujus
593 1431 670 1472 feci,
686 1443 778 1463 causa
792 1434 855 1463 vir-

112 1478 196 1516 ginis
202 1475 277 1517 [σοι’.
300 1476 370 1507 Aut
384 1475 474 1507 deest
488 1478 534 1506 rei
547 1489 557 1506 .·
581 1482 617 1506 ut
631 1474 682 1513 sit,
695 1475 786 1516 hujus
800 1476 855 1506 rei.

115 1519 333 1550 stomachose.
366 1519 407 1549 D.

161 1563 209 1593 11.
236 1564 319 1596 Quid
329 1560 362 1603 ?]
376 1561 466 1599 Quid,
477 1561 670 1602 interrogat3
689 1560 761 1601 quis
770 1561 857 1592 enim

115 1612 200 1643 ante,
216 1605 349 1642 crimen,
365 1615 461 1646 quam
478 1604 646 1645 obiiciatur
665 1611 721 1635 aut
738 1615 855 1646 propo-

115 1654 220 1684 natur,
237 1657 342 1689 neget.
379 1650 472 1679 Recte
493 1646 582 1688 sane]
607 1647 710 1678 Docte
732 1648 855 1678 Teren-

115 1691 180 1723 tius
206 1691 276 1733 ipse
302 1701 337 1722 se
364 1690 582 1733 reprehendit.
628 1691 714 1722 Nam
743 1691 856 1722 ordine

116 1734 236 1766 factum
248 1745 313 1766 non
326 1740 376 1766 est
389 1744 457 1776 prae
472 1733 587 1766 timore
603 1740 635 1765 et
649 1733 855 1765 conscientia.

163 1822 212 1851 12.
238 1822 320 1852 Emit
341 1821 487 1860 quendam
508 1822 654 1851 Phaedria
675 1819 855 1860 eunuchum]

117 1863 203 1895 Vide
222 1862 438 1895 narrationem
454 1873 475 1894 a
488 1862 677 1894 necessariis
692 1868 726 1893 et
740 1873 857 1904 urgen-

118 1907 204 1938 tibus
226 1914 373 1949 coeptam,
396 1916 461 1937 non
483 1905 517 1936 in
540 1916 575 1937 se
597 1905 772 1942 continere,
795 1905 859 1936 nisi

117 1950 203 1990 quod
218 1951 265 1981 rei
283 1949 426 1980 conditio
447 1949 534 1990 cogit
555 1948 657 1979 fateri.
695 1950 789 1986 Emit,
806 1948 856 1979 in-

116 1993 197 2033 quit,
219 1995 366 2034 quendam
391 1994 566 2029 eunuchum,
588 2003 673 2033 quem
694 1993 769 2022 dono
790 1994 860 2022 huic

116 2035 221 2076 daret]
246 2036 320 2067 Non
339 2035 431 2072 dixit,
448 2035 500 2066 cui
523 2035 608 2066 dono
629 2035 738 2070 daret;
767 2034 860 2066 aliter

116 2080 157 2110 ab
172 2079 290 2110 amoris
305 2078 468 2110 mentione
480 2078 639 2120 coepisset.
679 2077 807 2109 Deinde
821 2076 860 2109 τὸ

117 2124 264 2163 quendam
289 2122 504 2162 ἐξουθενισμὸν
523 2121 694 2163 significat,
717 2127 749 2151 et
773 2119 858 2152 εὐτέ-

118 2171 208 2197 λειαν
222 2164 338 2206 ἀνδρός.
366 2165 539 2196 0.-Επιίι
553 2167 699 2205 quendam
715 2166 861 2195 Phaedria

117 2207 298 2250 eunuchum]
322 2208 404 2239 Cum
425 2207 658 2249 AEthiopissam
681 2206 787 2244 etiam,
811 2214 859 2239 ta-

118 2262 194 2283 men
208 2252 249 2283 de
264 2252 412 2283 eunucho
427 2258 552 2282 tantum
568 2258 686 2288 narrat,
700 2250 776 2291 quia
790 2250 860 2292 ipse

118 2294 260 2336 pertinet
281 2295 322 2326 ad
343 2305 482 2332 causam,
509 2301 542 2325 et
567 2305 609 2325 ne
639 2293 804 2325 dominum
826 2293 861 2325 in

119 2338 308 2370 muneribus
323 2348 456 2369 onerare
472 2337 628 2369 videatur.
660 2338 698 2368 E.

166 2381 214 2412 13.
238 2380 338 2421 Hm‘c]
355 2383 439 2412 Huic
453 2391 542 2412 more
557 2383 617 2412 suo'
637 2380 720 2411 dixit
742 2379 860 2422 potius,

121 2433 216 2463 quam
230 2426 390 2455 meretrici.
428 2423 616 2460 Quinetiam
635 2423 859 2464 interrogatus,

125 2467 237 2497 Thaidi
258 2467 365 2508 potius
386 2467 530 2499 dicturus
552 2474 610 2504 est,
627 2476 722 2507 quam
744 2473 780 2498 ut
801 2477 860 2497 no-

122 2518 197 2540 men
209 2508 303 2546 dicat,
315 2520 378 2550 quo
391 2510 563 2541 offenditur
574 2520 683 2541 senex.
722 2511 862 2541 Eunuchi

123 2558 231 2583 autem
246 2551 344 2584 solius
359 2553 480 2584 mentio
496 2553 676 2585 necessaria
697 2559 764 2588 est:
787 2552 863 2593 quia

123 2594 268 2626 dicturus
289 2601 348 2632 est,
361 2607 418 2636 pro
438 2598 570 2628 eunucho
591 2599 751 2628 deductum
775 2597 861 2627 Chae-

122 2649 214 2669 ream.
246 2638 287 2670 D.

169 2682 218 2712 15.
252 2683 362 2712 Actum
388 2681 451 2722 en]
481 2682 692 2723 Desperantis
719 2683 861 2713 verbum.

125 2725 201 2755 Tum
217 2726 366 2764 quandam
375 2726 531 2764 fidicinam
545 2730 627 2756 amat
646 2727 696 2757 hic
720 2725 861 2766 Chaerea]

124 2767 211 2798 Mire
240 2773 274 2798 et
303 2766 483 2799 necessario
510 2767 647 2798 variavit
662 2780 669 2798 :
702 2767 757 2799 ille
783 2770 864 2805 emit,

122 2817 161 2842 ut
186 2810 371 2842 eunuchum
396 2809 504 2841 mittat
533 2810 574 2841 ad
603 2810 779 2842 Thaidem:
812 2811 864 2842 hic

122 2859 215 2891 amat,
245 2860 282 2884 ut
308 2853 424 2884 deduci
454 2863 489 2884 se
517 2863 578 2894 pro
601 2853 748 2885 eunucho
775 2853 863 2885 velit.

125 2898 284 2930 Qumdma
297 2895 473 2937 fidicinam]
498 2896 695 2928 Extenuatio
719 2896 863 2928 criminis

123 2946 190 2971 est:
213 2950 279 2971 non
296 2939 441 2980 (excidit,
458 2941 569 2976 dicem,
587 2939 642 2979 Z.)
664 2939 750 2980 quod
764 2939 862 2981 virgi-

123 2992 207 3020 nem,
220 2983 306 3024 quod
321 2982 424 3014 civem
438 2981 609 3014 vitiaverit.
641 2982 791 3014 D.-—Pro
805 2985 864 3021 hic,

124 3035 243 3067 repone
265 3029 342 3064 hinc,
367 3026 397 3057 h.
422 3036 448 3056 e.
472 3026 583 3057 eadem
605 3025 738 3058 Thaidis
760 3026 863 3058 domo.

900 1000 954 1031 Sic
975 1000 1123 1037 occurrit,
1146 1006 1229 1031 amat
1250 1012 1270 1032 a
1291 1004 1456 1039 meretrice,
1480 1013 1501 1033 a
1527 1004 1636 1034 lenone.

899 1043 983 1074 Vide
998 1043 1038 1074 ad
1054 1054 1083 1074 v.
1100 1044 1130 1074 4.
1145 1044 1175 1074 5.
1207 1044 1245 1074 B.

944 1086 994 1117 16.
1018 1087 1107 1123 Hem,
1129 1088 1229 1127 quid?
1258 1092 1341 1118 amat
1350 1086 1382 1127 ?]
1408 1086 1488 1119 Haec
1511 1087 1638 1128 singula

897 1129 1314 1214 ffifflssisssssszssttss‘aaffi
1339 1130 1638 1214 ⁸233¹52¹30¹2¹¹22⁸3

897 1218 972 1257 quid
992 1218 1133 1247 meretrix
1154 1219 1212 1247 siet
1221 1216 1254 1257 ?]
1271 1216 1356 1252 Quia
1377 1216 1516 1254 fidicina,
1533 1225 1637 1248 mere-

898 1259 964 1291 trix
993 1266 1051 1291 est.
1093 1259 1282 1291 D.—Hem.⁷
1317 1261 1417 1300 quid?
1453 1263 1560 1291 amat?
1598 1272 1638 1291 an

898 1305 958 1334 scit
971 1302 1058 1343 jam]
1082 1303 1174 1333 Licet
1197 1302 1338 1334 breviter
1359 1313 1457 1344 supra
1480 1304 1640 1334 Parmeno

898 1352 1070 1386 utrumque
1097 1345 1285 1383 narraverit,
1310 1345 1361 1377 vel
1386 1346 1492 1388 ipsum
1523 1347 1638 1378 emisse

899 1391 919 1410 θ
937 1388 1026 1428 (Etsi
1051 1388 1292 1420 Westerhovius
1314 1396 1419 1429 negat,
1442 1400 1476 1420 se
1498 1389 1532 1420 in
1557 1390 1638 1421 Mss.

899 1431 1046 1462 lacunam
1068 1431 1247 1466 invenisse:
1271 1442 1388 1463 nomen
1410 1438 1527 1470 tamen,
1551 1434 1637 1464 1³11ae-

899 1477 1007 1511 driam,
1039 1474 1196 1506 excidisse
1225 1474 1353 1506 videtur
1384 1475 1437 1516 Z.)
1467 1475 1639 1513 meretrici,

900 1517 952 1549 vel
964 1518 1130 1549 Chaeream
1143 1528 1249 1549 amare
1260 1518 1414 1560 coepisse3
1438 1525 1545 1550 tamen
1559 1519 1639 1550 utri-

900 1571 1001 1601 usque
1022 1560 1213 1593 calamitatis
1234 1571 1348 1592 sensus
1369 1562 1456 1603 (lege
1476 1574 1573 1599 sensu,
1589 1562 1641 1593 vel

900 1615 986 1635 sensu
1005 1606 1202 1644 perturbatus
1225 1604 1289 1644 Z.),
1311 1615 1412 1636 senex
1432 1605 1574 1646 graviter
1589 1605 1638 1636 in-

900 1647 1051 1688 dignatus
1072 1647 1297 1688 conqueritur:
1321 1650 1380 1679 scit
1391 1648 1462 1689 jam
1482 1650 1544 1685 ille,
1567 1650 1642 1689 quid

899 1693 1041 1721 meretrix
1050 1693 1066 1721 ,⁹
1098 1691 1161 1721 Sed
1173 1690 1219 1721 ita
1230 1701 1294 1721 uon
1307 1691 1502 1722 adolescenti
1517 1691 1640 1723 crimen

899 1733 1049 1770 instituit,
1066 1733 1149 1774 quod
1163 1733 1212 1765 vir
1226 1734 1284 1769 sit:
1309 1734 1365 1765 sed
1379 1734 1464 1775 quod
1486 1738 1552 1772 scit,
1567 1737 1642 1775 quid

899 1778 1041 1807 meretrix
1056 1779 1122 1808 siet.
1154 1779 1208 1808 An
1224 1776 1299 1818 quia
1311 1777 1392 1816 (Aut
1406 1777 1560 1818 cujusdam
1570 1777 1641 1818 jam

903 1819 955 1859 Z.)
972 1819 1109 1860 quodam
1123 1827 1195 1851 astu
1209 1828 1242 1851 et
1260 1820 1444 1857 calliditate,
1468 1821 1551 1852 mala
1572 1821 1641 1851 haec

902 1862 982 1893 mihi
997 1862 1194 1903 ingeminata
1210 1869 1295 1899 sunt,
1311 1869 1349 1894 ut
1369 1865 1456 1894 aliud
1475 1866 1586 1894 malum
1607 1874 1642 1894 ea:

902 1907 963 1936 alio
974 1913 1167 1937 nasceretur.
1200 1905 1301 1937 Aliud
1316 1905 1402 1937 enim
1417 1906 1537 1937 malum
1552 1917 1639 1938 com-

927 1954 996 1979 utat
1017 1949 1217 1984 eunuchum;
1249 1948 1346 1986 aliud,
1369 1949 1454 1989 quod
1475 1949 1581 1980 minor
1602 1950 1641 1980 fi-

902 1959 965 2022 iius
981 1991 1115 2033 coeperit
1129 2001 1236 2022 amare
1251 1992 1461 2023 meretricem.
1494 1992 1642 2030 E4-Ne,

902 2040 994 2071 amat,
1011 2034 1095 2075 quod
1115 2034 1150 2065 in
1172 2034 1365 2076 repetitione
1386 2035 1458 2066 acui
1480 2035 1584 2073 debet,
1606 2035 1642 2067 in

903 2077 1003 2108 Thesi
1014 2077 1121 2115 lateat,
1134 2077 1215 2108 illud
1226 2079 1306 2109 Hem
1319 2088 1446 2119 appone
1458 2078 1557 2120 priori
1568 2089 1641 2110 ver-

903 2120 962 2151 sui.
1016 2120 1143 2152 Deinde
1173 2120 1302 2159 colloca,
1328 2133 1369 2152 an
1390 2121 1460 2161 jam
1488 2124 1547 2153 scit
1580 2123 1642 2159 ille,

902 2169 958 2195 etc.
992 2164 1029 2195 B.

950 2208 998 2239 17.
1014 2209 1066 2238 An
1074 2209 1106 2238 in
1115 2209 1195 2238 Astu
1203 2209 1285 2238 venit
1291 2205 1324 2247 ?]
1338 2208 1376 2238 ln
1387 2209 1478 2245 Astu,
1487 2207 1520 2238 in
1531 2208 1644 2238 urbem

904 2250 944 2281 de
961 2250 1074 2282 Piraeo.
1113 2249 1166 2281 Sic
1183 2250 1398 2281 Athenienses
1412 2251 1568 2281 vocabant
1588 2260 1643 2281 ur—

904 2293 976 2324 bem
999 2303 1107 2324 suam:
1140 2293 1226 2324 unde
1250 2292 1313 2335 ipsi
1336 2293 1450 2324 incolae
1473 2292 1564 2325 ἀστοὶ
1586 2304 1642 2324 vo·

905 2343 1029 2368 cantur.
1059 2338 1157 2368 Aliud
1170 2347 1207 2367 ea:
1221 2338 1282 2367 alio
1296 2335 1443 2377 maluml]
1462 2336 1535 2367 Hoc
1551 2346 1643 2378 sepa-

904 2379 1000 2411 ratim
1023 2379 1107 2411 dixit
1129 2390 1238 2416 senex,
1255 2379 1329 2410 fixis
1352 2379 1386 2410 in
1411 2379 1646 2411 Parmenonem

905 2423 1015 2454 oculis.
1048 2423 1185 2454 D.—-An
1198 2425 1231 2453 in
1246 2425 1420 2454 Astuvenie
1430 2422 1464 2464 ?]
1485 2422 1645 2454 Asconius

906 2466 1037 2498 Pedian.
1069 2466 1103 2497 in
1134 2465 1167 2496 ii.
1197 2466 1290 2497 Verr.
1323 2466 1476 2498 Priscian.
1507 2465 1561 2497 lib.
1591 2476 1643 2497 xv.

905 2510 992 2540 Acro
1015 2509 1055 2540 ad
1077 2509 1141 2541 xiv.
1160 2509 1264 2550 Epist.
1289 2509 1404 2540 Horat.
1429 2509 1581 2550 Stephan.
1604 2509 1645 2540 de

906 2552 1018 2584 Urbib.
1037 2551 1170 2592 ἐλέγετο
1192 2552 1226 2583 δὲ
1248 2554 1317 2584 κατ’
1336 2552 1452 2592 ἐξοχὴν
1465 2550 1558 2584 πόλις
1579 2551 1643 2586 (Α-

905 2595 1087 2636 lexandria)
1104 2595 1156 2627 καὶ
1170 2596 1299 2627 πολῖται
1319 2596 1352 2635 ἐξ
1374 2596 1480 2633 αὐτῆς·
1502 2596 1543 2627 ὥς
1564 2595 1647 2627 ἄστυ

906 2639 939 2670 αἱ
952 2640 1087 2677 Ἀθῆναι,
1106 2638 1158 2669 καὶ
1174 2638 1274 2675 ἀστοὶ,
1292 2638 1343 2670 καὶ
1365 2637 1488 2670 ἀστικοὶ
1509 2637 1645 2676 01'A0n2

906 2683 994 2719 ναῖοι,
1008 2683 1049 2714 ὡς
1063 2681 1115 2713 καὶ
1132 2681 1182 2712 ἐπὶ
1196 2681 1314 2720 Ῥώμης
1327 2679 1459 2720 λέγεται
1473 2681 1560 2721 οὔρψ.
1590 2681 1636 2713 L.

953 2726 1001 2756 18.
1025 2727 1078 2756 Me
1093 2727 1251 2764 impulsore
1266 2726 1329 2755 hac
1343 2735 1401 2755 non
1413 2723 1514 2766 facit]
1532 2724 1646 2767 Ipsum

906 2770 1036 2800 accu‘sat
1056 2767 1270 2799 conscientia:
1297 2777 1363 2798 non
1385 2767 1472 2799 enim
1493 2768 1578 2808 quod
1598 2767 1646 2800 le—

907 2811 979 2843 vius
994 2817 1052 2848 est,
1068 2810 1161 2847 dixit,
1177 2821 1222 2842 me
1236 2812 1347 2842 sciente
1358 2823 1369 2845 .-
1390 2820 1488 2852 qunm
1504 2810 1574 2851 (ted
1589 2823 1647 2852 quo

909 2854 964 2894 Z.)
979 2854 1053 2896 plus
1068 2853 1193 2891 inferat,
1206 2864 1251 2884 me
1266 2855 1434 2894 impulsore.
1465 2854 1646 2893 D.-H0re,

905 2909 943 2929 ne
968 2909 1013 2929 me
1039 2895 1170 2937 spectes]
1195 2896 1346 2928 Narratio
1367 2907 1473 2929 causae
1496 2897 1582 2929 redit
1605 2898 1648 2929 ad

907 2940 1126 2972 defensionem
1151 2950 1252 2977 suam,
1274 2950 1368 2980 quam
1391 2950 1490 2982 supra
1515 2941 1645 2972 dimise-

907 2990 966 3015 rat.
1000 2983 1039 3014 Ε.
1386 3003 1396 3013 .

955 3028 1002 3058 19.
1027 3028 1092 3068 Ego
1106 3025 1292 3074 te,surct‡ser‚
1309 3029 1336 3058 si
1357 3026 1437 3068 vivo]
1457 3027 1555 3059 Modo
1578 3038 1645 3059 om-

1095 3079 1106 3101 ι
1124 3079 1135 3100 ι
