1852 3216
87 170 225 207 scaxA
248 164 327 220 lv.]

645 163 1061 207 EUNUCHUS.

1541 168 1624 209 207

146 254 242 296 Nec
263 254 577 309 comparandus
598 253 669 296 hic
688 254 863 309 quidem
882 254 939 295 ad
959 252 1153 296 illum’st:
1184 252 1254 297 ille
1275 262 1371 298 erat

90 326 128 355 15
146 318 345 360 Honesta
365 318 474 360 facie
495 326 540 360 et
560 318 738 361 liberali.
790 318 877 359 Pu.
897 317 964 359 lta
985 319 1101 360 visus
1123 325 1190 361 est

145 383 340 433 Dudum,
363 384 464 438 quia
483 384 599 425 varia
619 391 739 426 veste
758 390 994 425 exornatus
1012 383 1115 425 fuit:

145 447 276 489 Nunc
298 448 376 489 tibi
397 448 568 490 videtur
589 447 749 498 foedus,
771 448 873 503 quia
892 446 1006 489 illam
1025 462 1111 490 non
1131 447 1279 490 habet.

143 511 227 553 ΡΥ.
250 512 385 563 Tace,
407 513 612 555 obsecro:
645 514 769 568 quasi
789 527 892 555 vero
911 511 1088 567 paulum
1108 513 1317 555 intersiet.

143 576 218 618 Ad
239 592 317 618 nos
338 578 553 619 deductus
574 578 704 619 hodie
725 577 1089 629 adolescentulus,

87 650 128 679 20
146 641 288 689 Quem
310 649 356 684 tu
377 643 523 689 videre
543 657 646 685 vero
666 642 811 692 velles,
835 642 1053 684 Phaedria.

143 705 231 748 Hic
251 713 319 748 est
339 707 492 757 vietus,
515 714 654 758 vetus,
675 715 946 758 veternosus,
967 722 1115 758 sena,

143 770 299 813 Colore
320 771 576 813 mustellino.
630 771 716 813 ΡΗ.
739 771 870 822 Hem,
893 787 991 827 quae
1011 772 1106 814 haec
1127 779 1195 814 est
1215 772 1392 816 fabula?

85 886 170 916 quem
182 878 197 906 ?
226 882 345 917 praeter
362 875 566 913 Bembinum,
583 875 680 906 etiam
698 886 738 907 ex
757 886 831 908 nos-

85 918 145 950 tris
161 918 353 950 veterrimus
367 925 455 949 recte
471 918 576 949 habet.
610 918 647 948 B.

132 962 181 992 14.
214 964 288 993 Au!
321 972 357 992 ne
385 962 604 1001 comparandus
633 963 683 991 hic
712 962 832 1001 quidem

85 1003 148 1044 est]
159 1006 220 1041 Au,
231 1003 412 1043 interjectio
422 1011 471 1035 est
482 1004 681 1034 conturbatae
691 1003 831 1041 feminae,

85 1057 145 1077 nec
161 1046 338 1077 constantis
353 1046 424 1077 sibi.
457 1046 595 1076 D.--Ne
612 1048 832 1086 comparandus

84 1088 129 1129 t's]
147 1089 201 1120 Sic
223 1089 497 1129 distinguendum,
518 1095 555 1119 ut
576 1088 620 1119 sit
641 1098 765 1125 sensus,
789 1091 832 1119 ad

83 1133 178 1168 illam,
204 1134 257 1171 qui
282 1134 325 1162 ad
349 1143 401 1162 nos
426 1134 517 1167 venit,
542 1133 592 1162 hic
617 1133 770 1162 eunuchus
794 1142 831 1162 ne

82 1176 300 1214 comparandus
336 1176 463 1214 quidem.
512 1174 664 1205 E.—Ncc
692 1184 753 1215 pro
783 1185 830 1212 ne,

83 1217 275 1248 auctoritate
291 1216 442 1248 Bembini
459 1216 542 1247 male
554 1216 656 1247 edidit
674 1216 829 1248 Faernus.

84 1259 169 1290 Nam
184 1266 399 1300 praeterquam
415 1259 499 1300 quod
515 1270 552 1290 ne
566 1261 686 1299 quidem
708 1259 831 1291 centies

83 1303 170 1343 apud
194 1302 274 1333 alios
297 1302 447 1339 occurrit,
470 1302 567 1333 etiam
591 1301 695 1333 nostn'
718 1312 831 1333 omnes

83 1345 204 1376 habent
218 1357 264 1376 ne.
297 1345 334 1376 B.

130 1389 179 1418 15.
211 1389 268 1419 [112
293 1393 360 1418 crat
383 1389 506 1418 honesta
523 1386 610 1427 facie
634 1393 663 1418 et
690 1386 829 1428 liberali]

83 1430 133 1469 Τᾷ
157 1429 324 1469 ἰδιωτισμᾷ
344 1435 421 1466 erat,
438 1429 527 1470 quasi
551 1429 591 1460 de
614 1436 751 1466 mortuo,
774 1436 831 1461 aut

84 1473 139 1513 qui
163 1483 228 1503 non
254 1479 312 1509 est,
337 1472 462 1503 scilicet
485 1472 603 1503 Thaidi
627 1473 700 1511 (non
726 1478 772 1503 est
798 1475 831 1503 in

82 1517 168 1546 domo
192 1517 340 1550 Thaidis,·
371 1515 426 1546 lib.
450 1515 612 1555 uterque),
638 1514 713 1555 quia
737 1515 829 1555 sugit.

83 1559 221 1589 Honesta
235 1558 322 1598 facie
348 1563 378 1589 et
403 1556 541 1598 liberali]
567 1557 744 1588 Commode
771 1558 828 1589 de-

82 1601 222 1642 scriptus
238 1607 287 1632 est
302 1600 446 1631 Chaerea.
479 1600 520 1631 D.

129 1644 178 1674 16.
221 1645 316 1674 Varia
344 1649 424 1674 veste
458 1642 637 1683 exornatus]
675 1642 828 1674 Eunuchi

82 1692 173 1717 veste
186 1687 361 1717 utebantur
375 1685 578 1723 versicolore,
594 1693 631 1717 ut
646 1685 757 1717 multis
772 1696 826 1717 co-

82 1728 204 1759 loribus
219 1735 310 1759 texta
324 1728 493 1769 fulgerent.
524 1728 564 1759 E.

130 1771 179 1803 17.
203 1773 294 1802 Nunc
308 1782 342 1802 eo
357 1773 415 1802 tibi
430 1769 681 1811 videtursoedus]
699 1771 829 1808 Facete,

74 1814 182 1854 soedus
193 1816 322 1844 videtur.
361 1813 438 1844 Non
447 1819 498 1844 est
512 1813 609 1844 enim.
642 1814 828 1854 D.-—Lege‚

83 1859 175 1887 Nunc
189 1867 223 1887 eo
236 1855 475 1896 videtursoedns.
514 1856 600 1886 Nam
615 1867 648 1886 eo
664 1858 722 1886 tibi
736 1856 828 1886 codd.

81 1899 149 1930 sere
171 1909 293 1930 omnes.
333 1899 398 1930 Sed
420 1899 484 1929 duo
499 1904 576 1929 vett.
602 1900 659 1929 eibi
682 1908 747 1929 non
769 1898 826 1929 ha-

81 1943 168 1973 bent.
208 1941 337 1972 Deinde
353 1951 418 1972 non
434 1940 493 1972 soli
511 1940 672 1981 Pythiadi,
688 1941 746 1972 sed
760 1940 829 1972 cui-

82 1995 144 2025 que
159 1984 214 2015 alii
230 1984 334 2015 foedus
350 1984 527 2015 videbatur.
558 1983 595 2014 Β.

129 2028 176 2058 18.
196 2029 284 2064 Tace,
296 2026 431 2067 obsecro]
445 2027 531 2068 Apte
543 2026 666 2057 dictum
678 2031 728 2056 est
740 2027 828 2061 Tace,

82 2069 223 2101 femineo
244 2070 421 2106 stomacho,
443 2069 535 2109 quasi
556 2068 764 2110 impudenter
778 2078 829 2099 as-

81 2112 210 2143 sistenti
239 2112 350 2143 formae
377 2112 542 2153 improbae,
575 2118 609 2142 et
640 2117 831 2151 argumenta

81 2155 223 2186 inaniter
238 2155 512 2196 pertinaciter-que
528 2154 703 2185 invocanti.
741 2155 829 2191 Tace,

81 2197 218 2238 obsecro]
237 2198 288 2228 De
304 2197 538 2228 consuetudine
554 2197 676 2228 dictum
693 2202 743 2227 est
768 2198 829 2227 Ta-

82 2251 136 2275 cc,·
158 2247 192 2272 et
206 2241 289 2271 bene
304 2240 435 2271 additur
453 2241 591 2277 Obsecro,
607 2250 649 2270 ne
675 2241 754 2270 Tace
776 2239 827 2280 ip-

82 2293 153 2314 sum
183 2283 331 2314 videatur
362 2282 490 2323 injuria.
538 2281 725 2316 D.—Quasi
761 2293 830 2312 vero

79 2325 253 2366 paululum]
278 2325 388 2356 Vestis
409 2325 548 2366 adjectio
571 2324 695 2365 aliquid
718 2324 830 2355 formae

82 2368 194 2407 adjicit
218 2368 270 2399 vel
297 2368 447 2406 detrahit,
475 2378 541 2399 non
573 2374 681 2398 tamen
712 2376 828 2398 novam

84 2410 191 2441 effiCit-
223 2411 262 2442 E.

130 2453 179 2483 19.
202 2455 303 2484 Hodie
317 2458 363 2484 eet
377 2453 479 2484 edidit
496 2452 602 2484 Bentl.
636 2453 674 2484 Z.

129 2496 180 2525 20.
206 2494 299 2530 Quen
311 2501 345 2526 tu
357 2506 427 2527 vero
438 2497 540 2527 videre
550 2497 650 2533 velles,
662 2494 827 2535 Phaedrn'a]

84 2538 255 2568 Commota
289 2537 444 2570 adversus
479 2538 672 2575 Phaedriam,
703 2537 830 2578 cogitur

85 2590 160 2611 eum
175 2579 316 2617 laudare,
332 2580 385 2611 cui
398 2581 481 2612 irata
492 2587 559 2612 est:
583 2587 616 2612 et
631 2580 705 2612 ideo
725 2587 829 2611 totum

84 2622 209 2653 callide.
261 2624 355 2656 Quem
385 2629 419 2654 tu
445 2634 515 2654 vero
549 2623 668 2664 videre]
701 2623 829 2660 Facete,

85 2665 177 2705 quasi
189 2675 250 2696 nec
262 2665 358 2702 hunc,
371 2675 432 2696 nec
446 2665 554 2707 ipsum
569 2665 625 2707 qui
638 2665 739 2703 misit,
751 2676 829 2697 con-

84 2715 232 2748 spectum
258 2707 345 2738 velit.
394 2707 488 2742 Quem
512 2707 564 2748 tn]
593 2710 697 2745 Quen,
722 2708 829 2739 talem.

86 2751 133 2782 Et
147 2749 288 2781 breviter
303 2751 373 2789 ejus
392 2750 496 2781 forma
514 2750 646 2781 laudata
667 2756 734 2781 est:
757 2761 832 2782 cum

85 2793 245 2834 prolixius
257 2792 345 2823 illius
357 2791 400 2823 sit
411 2792 622 2823 describenda
636 2792 832 2824 deformitas.

88 2838 183 2872 Quem
199 2841 233 2866 tu
248 2846 316 2866 vero
330 2834 450 2875 videre]
471 2835 556 2872 Vera,
571 2834 716 2876 pulchre.
754 2835 832 2866 Pul-

85 2878 164 2910 cher
193 2878 281 2909 enim
305 2884 364 2915 est,
390 2879 482 2917 cujus
506 2877 609 2908 forma
636 2887 696 2908 nec
723 2877 834 2909 odium

85 2930 146 2951 nec
167 2920 350 2952 convicium
377 2919 579 2951 commeruit.
626 2919 772 2951 Lucilius
796 2920 832 2952 in

87 2963 201 3005 Satyra
218 2962 427 3004 Athymnidis
442 2965 462 2984 ⁶
478 2974 516 2993 ez·
522 2961 609 3002 facie
620 2964 727 3001 florem
749 2964 830 2995 dele-

873 879 959 916 geris
973 877 1090 916 (Varie
1102 877 1170 908 haec
1183 877 1353 918 leguntur:
1388 879 1452 911 Ms.
1466 879 1509 911 H.
1522 882 1624 920 Athy-

875 921 952 949 midi
971 917 1067 958 sacti.
1119 920 1180 951 Ed.
1211 921 1293 952 Ven.
1324 922 1426 953 1490:
1462 924 1562 954 Lucil.
1593 926 1627 954 in

876 963 963 1002 Saty.
988 964 1133 992 Athiuidn·
1157 965 1239 994 sacci
1263 975 1301 994 e:
1316 963 1346 1004 s
1364 964 1394 1005 f
1420 970 1441 995 t.
1466 968 1625 1007 delegeris.

875 1003 937 1034 Ed.
960 1003 1063 1035 altera
1086 1005 1186 1035 1512:
1214 1006 1303 1036 Luci.
1323 1009 1356 1037 in
1380 1009 1470 1038 Satis.
1485 1010 1626 1039 Attinidn'

875 1047 963 1077 Sacri
974 1057 1011 1077 ez·
1015 1046 1102 1087 facie
1117 1049 1275 1087 delegeris.
1316 1049 1428 1080 Douza
1444 1060 1485 1081 ex
1499 1050 1625 1082 incerto

876 1088 1063 1130 Satyrarum
1085 1089 1168 1120 libro
1184 1100 1266 1121 vers.
1289 1091 1360 1122 128.
1384 1102 1426 1122 ex
1449 1093 1513 1123 Ms.
1538 1093 1623 1124 Rod.

875 1131 990 1162 Snellii
1014 1131 1141 1163 laudat:
1174 1134 1224 1163 Ex
1239 1132 1327 1172 facie
1342 1136 1450 1172 florem
1473 1137 1623 1176 delegem.

876 1174 940 1205 Ms.
953 1174 1076 1205 Boend.
1087 1177 1248 1206 Athimudi
1256 1179 1347 1207 sacci.
1380 1177 1478 1208 Forte
1493 1178 1626 1219 scripsit

875 1216 1031 1255 Lucilius,
1047 1220 1095 1248 Ac
1110 1220 1239 1258 thymini
1260 1222 1343 1250 succi
1364 1230 1402 1250 ex
1414 1218 1502 1259 facie
1516 1222 1624 1259 florem

874 1261 1050 1300 delegeris).
1088 1262 1181 1294 Quem
1195 1267 1227 1292 tu
1240 1261 1359 1302 videre]
1373 1263 1482 1298 Quare
1498 1268 1532 1294 tu
1542 1266 1558 1294 ?
1580 1274 1623 1295 an

874 1302 949 1342 quia
965 1302 1026 1333 iste
1037 1304 1105 1343 jam
1122 1313 1188 1334 non
1205 1303 1283 1334 velit
1297 1305 1418 1341 videre,
1435 1305 1537 1336 iratus
1558 1306 1621 1337 sci-

874 1345 952 1376 licet
973 1346 1014 1375 ob
1031 1345 1175 1376 vitiatam
1193 1346 1374 1386 virginem?
1398 1358 1440 1378 an
1463 1353 1507 1385 tu,
1530 1348 1623 1388 quasi

873 1394 1036 1429 spectator
1049 1387 1180 1428 elegans
1198 1388 1384 1428 formarum,
1400 1395 1434 1421 et
1455 1391 1510 1430 qui
1532 1401 1621 1422 ama-

874 1436 925 1461 tor
939 1429 984 1461 sis
999 1430 1157 1461 Thaidis?
1191 1431 1234 1462 D.

918 1474 969 1503 21.
992 1474 1057 1503 Hic
1078 1478 1124 1504 est
1145 1479 1238 1510 vetus,
1254 1476 1360 1512 vietus,
1376 1480 1622 1512 veter-nocuas&

873 1515 947 1556 nex]
988 1515 1041 1546 Sic
1078 1516 1140 1546 hoc
1182 1522 1286 1548 totum
1330 1518 1622 1558 pronunciandum,

871 1558 964 1598 quasi
978 1557 1136 1589 irascatur
1150 1558 1236 1596 huic,
1253 1566 1386 1600 propter
1397 1570 1493 1600 quem
1508 1560 1621 1592 lauda·

871 1600 955 1631 verit
980 1600 1158 1632 Chaeream.
1210 1601 1333 1642 Victus]
1363 1602 1485 1640 Mollis,
1513 1603 1622 1634 flacci-

871 1643 1007 1684 dusque,
1038 1650 1072 1674 et
1100 1643 1254 1675 flexibilis
1283 1654 1436 1686 corpore;
1472 1645 1559 1676 unde
1589 1652 1623 1677 et

870 1688 993 1724 vimina,
1009 1692 1043 1717 et
1057 1688 1197 1724 nimenta,
1213 1692 1246 1718 et
1265 1689 1352 1724 vites,
1369 1694 1402 1718 et
1423 1690 1550 1719 victores
1571 1688 1622 1720 di-

872 1735 1007 1760 cuntur:
1042 1734 1077 1760 et
1099 1731 1189 1766 viere,
1214 1729 1351 1770 religare
1378 1730 1514 1761 dicitur:
1547 1731 1624 1772 quia

872 1773 962 1802 vietis
998 1771 1098 1812 virg-is
1134 1771 1238 1812 magis
1274 1772 1413 1813 religare
1448 1783 1622 1814 possumus

873 1813 1040 1854 quidlibet.
1092 1814 1273 1851 Lucretius,
1303 1814 1351 1845 iii.
1390 1816 1462 1846 384.
1500 1826 1623 1848 araneae

873 1856 957 1887 dixit
976 1858 1087 1887 vietam
1107 1862 1227 1892 vestem,
1243 1857 1277 1887 id
1299 1863 1357 1894 est,
1373 1857 1462 1898 putri
1484 1857 1623 1890 mollitia

872 1898 1052 1939 praeditam.
1117 1898 1225 1939 Vetas]
1264 1899 1318 1930 Ad
1349 1899 1622 1940 vituperationem

872 1941 978 1978 modo,
994 1951 1060 1971 non
1075 1941 1116 1971 ad
1131 1941 1260 1972 laudem
1275 1941 1426 1982 ponitur:
1450 1948 1497 1979 ut,
1510 1945 1622 1974 veteris

869 1989 966 2023 poetae
996 1985 1166 2014 maledictis
1194 1986 1382 2023 respondeat.
1439 1986 1531 2016 Vetus
1559 1991 1620 2024 est,

873 2027 965 2065 cujus
984 2025 1215 2057 diminutivum
1237 2033 1288 2058 est
1308 2029 1434 2058 vetulus.
1476 2029 1621 2059 Veterne—

874 2068 942 2109 ηε]
967 2068 1085 2099 Morbo
1104 2074 1213 2100 vetere
1234 2069 1409 2107 confectus,
1431 2069 1467 2100 id
1488 2077 1548 2109 est,
1563 2081 1621 2102 ve-

874 2118 986 2142 terno:
1018 2110 1130 2151 quales
1154 2117 1230 2142 sunt
1253 2111 1308 2152 qui
1332 2112 1511 2154 hydropem
1534 2113 1621 2154 pati-

874 2160 983 2185 untur.
1023 2154 1068 2184 Et
1082 2160 1179 2185 recte.
1218 2154 1303 2185 Nam
1319 2165 1405 2196 saepe
1423 2155 1564 2186 eunuchi
1586 2155 1623 2187 in

874 2203 1005 2228 senecta
1020 2196 1183 2228 veternosi
1198 2196 1291 2233 fiunt,
1308 2203 1342 2227 et
1362 2197 1427 2228 cito
1448 2197 1510 2228 hoc
1531 2197 1621 2229 labo-

871 2246 946 2270 rant
955 2240 1076 2270 morbo.
1100 2238 1215 2279 Senex]
1225 2239 1279 2269 Ex
1289 2239 1402 2270 morbo
1412 2239 1621 2280 aegrimdine-

872 2292 935 2322 que
941 2292 1088 2323 rugosus.
1113 2281 1226 2322 Senes]
1236 2282 1354 2312 Utrum
1361 2281 1467 2321 (adde,
1475 2281 1560 2323 vere)
1568 2293 1621 2314 se-

872 2326 959 2355 nex?
990 2334 1031 2355 an
1054 2323 1131 2365 quia
1151 2324 1198 2355 ita
1219 2323 1349 2355 videtur
1369 2324 1411 2355 ob
1433 2324 1620 2357 deformita-

874 2368 961 2398 tem?
994 2367 1201 2403 D.—V2·etue‚
1221 2372 1315 2404 vetus,
1338 2366 1527 2408 veternosus]
1542 2367 1622 2400 Vie-

874 2415 926 2442 tus
940 2420 977 2441 ac
994 2409 1197 2451 turpitudine
1213 2409 1392 2449 (Westerh.
1409 2421 1446 2440 ac
1460 2416 1567 2442 mutat
1585 2411 1622 2442 in

873 2463 901 2483 a.
949 2452 1014 2483 Sed
1037 2452 1099 2494 leg.
1129 2453 1258 2483 Veterno
1283 2463 1319 2483 ac
1348 2453 1539 2492 turpitudine
1565 2453 1621 2494 Ζ.)

873 2505 1056 2537 oppressus.
1104 2495 1150 2526 Ut
1177 2494 1269 2535 Virg.
1285 2495 1402 2535 Georg.
1418 2495 1439 2526 i.
1460 2495 1531 2526 124.
1554 2497 1624 2528 Nec

874 2544 991 2578 torpere
1003 2540 1095 2579 gravi
1104 2549 1215 2577 passus
1229 2548 1285 2568 sua
1303 2549 1399 2579 regna
1419 2542 1550 2570 veter-no.
1580 2539 1622 2570 E.

878 2582 993 2618 Victus,
1020 2580 1122 2620 vetus]
1148 2580 1223 2611 Vid.
1254 2580 1341 2612 Fest.
1370 2587 1403 2611 et
1432 2579 1553 2622 Pon-ph.
1580 2581 1623 2613 ad

875 2623 958 2655 Hor.
977 2623 1072 2654 Oden
1087 2622 1144 2654 xii.
1178 2623 1215 2653 L.

918 2667 969 2697 22.
989 2668 1092 2697 Colore
1100 2661 1288 2705 mustellino]
1296 2664 1428 2696 Erravit
1436 2664 1621 2704 Terentius,

874 2719 940 2740 non
964 2708 1151 2749 intelligens
1177 2706 1429 2738 Menandricum
1451 2707 1542 2746 illud,
1564 2709 1620 2740 ὠ-

875 2750 953 2782 τόσε
964 2750 1053 2782 ἐστὶν
1062 2750 1231 2789 ’γαλεώτης
1242 2747 1345 2790 γέρων
1355 2749 1414 2790 (R.
1427 2749 1538 2792 steph.
1550 2751 1621 2783 edi-

876 2793 941 2825 dit:
973 2793 1141 2832 Ὑαλεότης
1163 2791 1234 2823 ἐστὶ
1253 2790 1293 2822 τὸ
1364 2793 1380 2802 ’“
1476 2793 1541 2824 Sed
1561 2804 1622 2835 pro

877 2834 994 2867 αὐτόσε
1017 2835 1088 2876 lege
1113 2834 1207 2867 αὐτὸς
1233 2832 1276 2866 δέ.
1315 2803 1384 2875 Ξ).
1428 2834 1489 2867 Ait
1512 2842 1623 2868 autem

876 2881 1051 2915 stellionem,
1067 2877 1187 2908 animal
1209 2877 1296 2918 quod
1315 2876 1444 2909 laem
1464 2887 1532 2910 non
1553 2879 1620 2910 dis·

875 2921 982 2952 simile
1004 2926 1065 2958 est,
1087 2919 1251 2952 maculoso
1277 2919 1383 2951 corio:
1414 2930 1554 2962 namque
1580 2922 1623 2953 ad

875 2963 909 2994 id
929 2973 1032 3003 genus
1053 2962 1178 2996 coloris.
1191 2961 1289 2996 facies
1310 2962 1503 3004 exprimitur
1518 2974 1620 2996 eunu-
