1852 3216
81 171 223 200 sel-:NA
245 158 307 213 ν.]

699 156 1007 200 ANDRIA.

139 245 259 288 Proh
278 246 409 288 deum
427 253 562 301 atque
582 245 804 289 hominum
822 245 978 288 fidem!

137 310 314 353 Nullon‘
333 326 417 367 ego
438 310 683 353 Chremetis
703 318 833 367 pacto
853 310 1103 353 affinitatem
1122 310 1317 367 effugere
1339 317 1523 368 potero?

96 374 99 376 ’
139 375 263 423 Quot
280 377 419 418 modis
438 377 915 431 contemtus,„spretu22
936 375 1065 426 facta,
1078 383 1297 419 transacta
1309 378 1470 419 omnia:
1502 378 1623 421 hem!

136 440 416 497 Repudiatus
440 439 645 498 repetet:
684 441 996 496 quamobrem?
1033 441 1115 482 nisi
1143 441 1179 482 si
1210 441 1255 483 id
1281 449 1363 492 est,
1385 443 1505 498 quod
1531 458 1626 485 sus-

223 507 346 561 picor
358 522 369 549 ι

82 578 121 608 15
137 570 315 626 Aliquid
336 572 516 614 monstri
537 570 680 613 alunt:
712 585 765 613 ea
783 570 985 626 quoniam
1005 570 1163 612 nemini
1182 571 1360 613 obtrudi
1379 578 1541 626 potest,

138 635 234 677 Itur
254 636 309 678 ad
330 651 412 678 me.
464 636 563 680 ΜΥ.
586 636 742 678 Oratio
761 636 856 678 haec
876 650 944 678 me
963 636 1162 678 miseram
1182 636 1441 678 exanimavit
1460 645 1593 680 metu.

137 699 255 742 Pin.
288 700 404 742 Nam
424 701 530 756 quid
548 715 631 756 ego
650 715 765 743 nunc
784 701 925 743 dicam
945 701 1002 742 de
1020 702 1175 756 patre?
1205 700 1263 742 ah

135 764 380 807 Tantamne
399 779 492 806 rem
511 772 599 807 tam
619 764 889 821 negligenter
908 767 1071 821 agere?
1100 766 1354 821 praeteriens
1373 766 1504 808 modo

135 830 251 872 Mihi
281 830 399 886 apud
427 829 582 878 forum,
613 830 740 872 Uxor
766 831 846 872 tibi
869 830 1071 872 ducenda
1096 837 1181 881 est,
1207 829 1450 886 Pamphile,
1475 830 1622 882 hodie,

219 895 373 950 inquit,
394 909 501 950 para
515 910 525 935 :

124 1047 172 1077 11.
188 1047 269 1077 Proh
285 1045 390 1087 dem]
411 1047 517 1082 Quam
533 1046 656 1078 ferveat
671 1046 822 1089 indigna-

76 1088 175 1127 tione,
190 1089 266 1119 hinc
281 1089 400 1131 aspice,
413 1090 499 1130 quod
513 1090 701 1131 frequenter
714 1091 823 1122 excla-

75 1138 153 1163 mat.
199 1131 281 1163 Prole
310 1131 417 1174 dean]
448 1131 525 1164 Alia
552 1132 745 1164 exclamatio
774 1140 826 1165 est

74 1174 230 1206 adversus
254 1185 413 1206 socerum.
445 1175 601 1207 D.—Hic
621 1185 735 1208 versus
758 1187 825 1207 non

75 1223 150 1259 post
164 1224 314 1248 octavum
329 1223 379 1249 est
390 1217 597 1250 collocandus
608 1219 650 1250 ob
660 1219 754 1250 codd.
764 1230 823 1251 no-

76 1259 192 1296 vitios3
216 1260 342 1301 antiqui
357 1267 434 1292 sunt
447 1261 611 1292 audiendi.
643 1261 682 1294 B.

122 1304 173 1334 12.
190 1303 352 1344 Effugere]
371 1304 412 1335 In
427 1310 533 1335 totum
546 1304 669 1345 fugere.
702 1305 745 1335 D.

124 1347 173 1376 13.
193 1347 272 1379 Quot
294 1348 387 1378 nodis
408 1351 583 1384 mate-ntus,
605 1352 726 1387 spretas
735 1346 770 1388 ἵ]
790 1346 826 1378 si

76 1388 235 1419 Chremes
256 1394 396 1430 spretus,
419 1388 639 1430 intelligemus
667 1390 823 1431 Pamphi-

76 1430 145 1462 lum
168 1430 286 1468 dicere,
309 1431 396 1471 quod
417 1442 550 1473 operam
571 1431 708 1469 dederit,
730 1438 768 1463 ut
788 1442 824 1463 se

76 1473 264 1514 repudiaret
277 1473 452 1506 Chremes:
477 1480 514 1505 ut
527 1485 626 1516 supra
640 1474 734 1512 dixit,
750 1476 823 1506 Μι-

77 1518 164 1553 tam't,
180 1518 253 1556 qnia
268 1527 313 1547 ne
328 1519 517 1548 innatat-ma
531 1519 623 1548 videt.
661 1519 740 1550 Quot
761 1529 823 1548 mo-

75 1560 126 1589 dis
150 1558 333 1600 contentus]
360 1559 517 1590 Chremes
542 1569 585 1590 an
610 1559 822 1601 Pamphilus!

76 1602 185 1639 Facta,
201 1606 359 1633 truncata
373 1601 490 1643 onmia]
502 1602 709 1634 Proverbiale
724 1608 774 1634 est
788 1603 824 1634 in

74 1643 109 1674 id
123 1643 256 1685 negotii,
273 1644 314 1675 de
328 1655 394 1685 quo
409 1644 491 1676 nihil
506 1644 648 1687 supersit
663 1645 704 1676 ad
721 1655 822 1686 agen-

75 1686 163 1717 dum.
206 1688 305 1718 Facta
331 1693 441 1719 autem
462 1698 482 1719 a
504 1687 696 1730 Pamphilo:
720 1693 823 1720 ναυ-

74 1734 145 1760 ocio
166 1729 266 1760 etiam
282 1739 303 1760 a
321 1729 505 1762 chremete.
537 1731 709 1766 D.—auoe
728 1733 824 1763 nodis

74 1776 248 1809 conte-m,
263 1778 385 1812 spretus
394 1772 428 1814 ?]
446 1773 568 1804 Melius
589 1774 631 1805 de
652 1774 824 1815 Pamphilo

75 1813 297 1855 intelligimus,
312 1821 477 1847 contemtus
496 1822 530 1847 et
543 1822 672 1856 spretus.
718 1817 822 1848 Deni-

73 1866 138 1896 que
147 1856 219 1898 ipse
230 1857 395 1899 adjungit3
420 1860 498 1890 Hes·
508 1862 522 1890 .'
545 1861 725 1899 repudiatus
735 1870 822 1899 repe-

74 1904 131 1930 tor.
171 1900 300 1931 Deinde
321 1901 477 1932 continuo
490 1902 685 1941 conjecturae
700 1902 823 1942 (addit)

73 1941 246 1979 rationem,
260 1945 392 1983 Aliquid
404 1946 530 1975 monstri
544 1944 649 1985 alant]
667 1945 742 1975 Hoc
761 1951 822 1982 est,

74 1984 340 2026 fortassealiquid
355 1987 491 2018 monstri
506 1986 644 2018 inauditi
658 1987 820 2019 nutriunt:

73 2037 146 2068 quae
159 2038 212 2059 res
227 2028 313 2070 rapit
328 2029 509 2060 auditorem
524 2030 566 2060 ad
581 2029 719 2061 diversa.
759 2032 822 2062 Ob·

74 2070 177 2111 trudi]
198 2071 351 2113 1mpingi,
368 2072 498 2114 opponi.
531 2073 570 2103 Ε.

119 2115 168 2146 14.
191 2115 384 2154 Repudiatus
408 2115 543 2156 κρεῖον]
568 2115 669 2151 Quasi
697 2122 730 2147 et
753 2116 822 2148 haec

73 2155 193 2196 injuria
206 2156 260 2195 sit,
275 2157 448 2199 repudiare
463 2164 497 2189 et
510 2165 668 2200 repetere.
697 2159 743 2190 Et
758 2159 822 2190 tale

73 2205 124 2230 eet
137 2199 172 2230 in
188 2199 358 2238 Eunucho,
375 2203 526 2238 &ehu-it,
542 2207 671 2233 revocat.
705 2204 780 2233 Nisi
794 2204 823 2234 si

72 2244 109 2273 id
121 2242 184 2283 eet]
201 2243 427 2283 coniecturale
442 2251 679 2285 argumentum.
712 2245 754 2276 D.

118 2286 167 2316 15.
183 2287 316 2326 Aliquid
334 2289 461 2318 monstri
476 2289 585 2318 dunt.-
608 2287 663 2328 ea]
687 2288 822 2329 Duplex

72 2328 277 2366 contumelia,
294 2335 328 2360 et
342 2332 468 2361 monstri
488 2335 519 2361 et
533 2332 661 2371 aliquid.
708 2331 823 2362 Minus

72 2370 161 2402 enim
178 2378 273 2409 esset,
289 2374 414 2413 aliquod
435 2378 609 2404 monstrum.
656 2373 720 2411 Sic,
740 2376 824 2408 Quid

73 2415 200 2445 hminis
212 2426 331 2446 tutorem
345 2417 437 2447 habes
446 2418 463 2446 ²
498 2416 543 2447 Et
555 2416 694 2448 mutavit
707 2427 821 2458 genus,

73 2455 211 2488 dicendo
225 2469 262 2489 ea
272 2471 283 2493 ,-
306 2458 458 2498 quoniam
474 2458 595 2489 femina
609 2466 668 2490 est.
714 2459 769 2491 Sic
786 2460 821 2491 in

76 2499 246 2537 Eunucho,
272 2502 376 2538 Taces,
398 2507 562 2532 monstrum
583 2504 739 2533 hominis?
764 2514 823 2534 non

75 2544 214 2573 diam
236 2546 295 2574 es?
330 2546 462 2585 Aliquid
482 2547 608 2576 monstri
633 2548 745 2576 olant:
767 2545 821 2586 ea]

75 2584 165 2615 Dum
180 2591 342 2617 amm
356 2587 493 2624 dixerat,
507 2599 544 2619 ea
558 2588 736 2628 subjunxit,
750 2595 821 2619 mn-

73 2637 171 2667 quam
186 2637 253 2659 non
267 2629 385 2666 verbis,
401 2630 459 2661 sed
473 2630 646 2662 sententie
666 2631 822 2663 serviens.

72 2671 199 2701 Nes-ini
219 2671 358 2712 obtrudi]
383 2672 470 2703 Mire
490 2673 630 2710 obtrudi,
653 2674 746 2714 quasi
767 2674 819 2706 in·

72 2712 158 2748 vito;
183 2719 216 2744 et
241 2719 342 2744 totum
364 2725 439 2745 cum
461 2715 638 2747 iracundia.
678 2718 820 2755 eber-ndi,

71 2754 217 2796 infringi,
234 2755 382 2797 impingi.
413 2757 456 2788 D.

119 2799 168 2828 16.
204 2800 275 2829 Itur
300 2801 344 2829 ad
368 2799 431 2840 ne]
460 2800 579 2831 Dotem
604 2806 729 2832 amator
755 2812 821 2834 non

72 2840 210 2881 cogitat:
235 2849 268 2871 et
282 2841 323 2872 ad
339 2841 497 2873 vilitatem
513 2842 622 2881 u-ahit,
637 2844 723 2885 quod
738 2845 824 2876 ultro

74 2883 174 2920 venit,
190 2890 223 2914 et
244 2884 329 2924 quod
354 2895 390 2916 se
412 2885 531 2926 repetit
549 2886 716 2918 Chremes.
754 2889 824 2918 lm

74 2927 117 2955 ad
130 2925 191 2966 1·ae]
208 2927 310 2963 Quasi
331 2927 372 2958 ad
387 2927 523 2959 hostem.
565 2928 700 2960 Plautus
721 2930 821 2961 Pseu-

74 2967 158 3007 dolo,
174 2968 195 3000 i.
213 2971 242 3001 5.
260 2971 310 3001 38.
321 2972 406 3020 fleur
421 2973 464 3002 ad
477 2982 530 3002 me.
576 2971 621 3003 Et
637 2971 727 3013 Virg.
746 2973 821 3004 AEn.

867 1046 911 1079 ix.
929 1048 1140 1079 *iza—siml
1152 1059 1221 1080 me
1240 1051 1347 1080 relicto
1362 1050 1434 1080 Ibat
1448 1051 1480 1081 t‘n
1494 1052 1620 1091 Eurya-

867 1092 928 1122 lum
949 1102 1088 1132 propere.
1136 1093 1244 1122 Oratio
1266 1091 1348 1132 haec]
1378 1092 1489 1123 Etiam
1515 1103 1621 1134 pauca

867 1134 967 1164 verba
982 1140 1109 1165 veteres
1123 1136 1286 1166 orationem
1301 1134 1462 1166 dicebant.
1493 1135 1536 1166 D.

914 1177 963 1209 17.
996 1178 1079 1207 Non·
1102 1179 1178 1218 qm'd
1196 1177 1268 1218 ego]
1292 1177 1393 1213 Quasi
1415 1177 1512 1216 dicat,
1530 1178 1620 1214 Quid

867 1229 929 1260 ego
943 1219 984 1250 de
1000 1227 1092 1261 patre
1112 1220 1227 1257 dicam,
1249 1220 1304 1261 qui
1325 1220 1468 1252 alienum
1487 1231 1619 1252 accusa-

869 1261 972 1293 verim
988 1263 1220 1294 Chremetem?
1259 1265 1342 1294 Nmn
1363 1266 1440 1304 qaid
1459 1263 1531 1304 ego]
1551 1265 1618 1295 Re-

868 1305 918 1335 dit
932 1305 974 1336 ad
997 1312 1133 1347 patrem,
1158 1306 1194 1336 in
1216 1316 1280 1346 quo
1295 1316 1379 1337 nove
1399 1307 1460 1338 hoc
1480 1313 1621 1344 accusat,

869 1347 1074 1388 negligenter
1097 1358 1171 1379 eum
1195 1358 1302 1389 agere,
1319 1349 1405 1389 quod
1433 1349 1515 1380 nolit
1538 1350 1619 1380 fieri.

869 1390 951 1429 (Ms-
978 1390 1102 1421 Boend.
1123 1396 1157 1421 et
1179 1391 1230 1421 ed.
1257 1391 1312 1422 Du
1338 1392 1375 1423 B.
1417 1394 1505 1425 Quod
1525 1394 1621 1423 voluit

859 1432 959 1472 fieri.)
983 1433 1155 1464 D.—Nan·
1169 1436 1310 1474 quidego
1320 1436 1419 1465 dican
1434 1437 1471 1466 de
1482 1440 1573 1474 patre
1583 1435 1618 1476 ?]

868 1475 996 1507 Rursus
1010 1481 1062 1507 est
1076 1476 1218 1507 officium
1239 1477 1280 1508 de
1295 1477 1428 1508 senibus
1442 1483 1618 1509 mutuatus.

869 1518 955 1549 Nam
971 1528 1045 1549 cum
1057 1518 1165 1559 primo
1179 1518 1221 1549 de
1239 1526 1342 1560 patre,
1360 1530 1437 1550 mox
1451 1520 1493 1551 de
1507 1530 1620 1551 socero

867 1560 1014 1597 dixisset,
1030 1560 1223 1603 interposito
1242 1561 1386 1602 Glycerii
1408 1562 1551 1600 nomine,
1566 1573 1619 1594 re·

867 1603 918 1634 dit
941 1603 982 1634 ad
1002 1603 1230 1640 Chremetemz
1261 1604 1339 1635 hinc
1364 1605 1405 1636 de
1428 1611 1522 1646 pan-e
1541 1616 1618 1646 sug-

865 1645 960 1687 gerit.
1004 1646 1163 1682 Queritur
1196 1652 1306 1678 autem
1341 1647 1383 1678 de
1412 1657 1526 1678 socero
1560 1658 1620 1689 per

866 1690 1096 1729 conjecturam,
1112 1689 1198 1730 quod
1218 1689 1320 1721 filiam
1337 1700 1430 1721 suam
1444 1701 1532 1732 saepe
1547 1691 1619 1732 pol-

866 1731 958 1762 liceri
970 1731 1082 1773 cupiat
1096 1732 1317 1774 repudiatam:
1341 1733 1382 1765 de
1393 1739 1486 1775 patre
1499 1740 1619 1771 autem,

866 1773 953 1814 quod
968 1774 1113 1815 seg-niter
1127 1781 1162 1806 et
1182 1775 1385 1816 negligenter
1399 1776 1440 1806 de
1455 1776 1515 1806 filii
1533 1787 1619 1817 nup-

867 1816 923 1848 tiis
937 1816 1081 1857 cogitare
1102 1817 1260 1848 videatur.
1299 1818 1352 1850 Ita
1369 1818 1455 1859 quod
1470 1818 1511 1849 de
1526 1825 1619 1859 patre

865 1869 966 1900 supra
983 1859 1180 1900 generaliter
1199 1860 1336 1898 dixerat,
1360 1862 1468 1892 Nonne
1486 1863 1621 1902 oportuit

866 1904 992 1933 rescisse
1006 1913 1052 1933 ιιι
1066 1908 1147 1939 ante,
1164 1913 1251 1934 nunc
1266 1913 1326 1944 per
1339 1903 1483 1944 speciem
1497 1914 1617 1945 propo-

866 1944 925 1975 nit.
957 1944 1202 1976 R—Deleatur
1221 1957 1310 1983 nane,
1330 1956 1404 1977 cum
1428 1946 1521 1977 codd.
1542 1946 1618 1984 fide,

867 1993 937 2019 tum
963 1987 1059 2018 metri
1089 1998 1196 2019 cam
1243 1988 1329 2020 Nam
1358 1991 1435 2030 qnid
1459 1989 1522 2021 sub
1549 1989 1618 2021 ictu

866 2036 953 2061 stare
967 2030 1072 2061 debet.
1105 2030 1143 2061 B.

914 2074 962 2104 18.
1001 2075 1166 2104 Tantam
1192 2073 1272 2115 ren]
1298 2074 1465 2106 Summam
1489 2076 1556 2107 voti
1580 2087 1618 2107 ac

866 2115 1007 2157 nuptias.
1050 2117 1236 2148 Praeteriens
1255 2117 1357 2158 nodo]
1383 2118 1450 2149 Hic
1475 2119 1619 2150 ostendit

864 2159 1618 2242 {zadsst0‘122252,m52313155115232

864 2244 1106 2284 antecedentia)
1128 2247 1309 2285 preteriens
1330 2248 1415 2277 modo
1433 2248 1509 2278 nihi
1533 2249 1619 2287 apud

855 2286 979 2328 sorum]
1006 2287 1158 2328 Undique
1180 2288 1340 2320 conflatur
1364 2289 1546 2320 nominatio:
1573 2300 1616 2321 ex

864 2330 959 2367 facto,
975 2331 1061 2371 quod
1076 2331 1283 2372 praeteriens:
1308 2342 1350 2363 ex
1362 2338 1518 2373 tempore,
1530 2333 1617 2373 quod

865 2373 980 2404 modo:
1004 2384 1046 2405 ex
1061 2374 1141 2411 loco,
1158 2374 1234 2415 quia
1252 2374 1287 2405 in
1303 2374 1391 2406 soro:
1416 2385 1458 2406 ex
1472 2375 1569 2406 modo
1583 2382 1618 2408 et

865 2427 908 2447 ex
930 2416 1046 2453 verbis,
1072 2417 1165 2448 Uxor
1180 2417 1239 2448 tibi
1262 2417 1411 2449 ducenda
1433 2424 1492 2448 est.
1529 2418 1617 2449 D.—

866 2461 1050 2491 Pratterieus
1070 2462 1155 2491 modo
1171 2462 1246 2490 mim
1267 2463 1353 2500 apud
1367 2459 1494 2500 sorum,-
1533 2463 1619 2492 Utor

867 2504 925 2533 tibi
939 2504 1077 2534 ducenda
1096 2508 1151 2540 est,
1168 2504 1335 2543 Pamphile.
1369 2506 1452 2537 Quid
1459 2502 1615 2545 ficeretur]

868 2545 971 2576 Modo
981 2552 1090 2577 autem
1103 2552 1232 2587 tempus
1246 2546 1427 2588 respirandi
1441 2557 1508 2578 non
1519 2547 1618 2578 habet

867 2590 888 2610 ⁸
901 2594 979 2619 tunc
996 2588 1103 2628 (forte,
1120 2589 1243 2620 habens
1259 2589 1343 2628 tum)
1359 2589 1463 2630 patris
1477 2589 1617 2632 imperio

865 2631 1240 2705 ZZRmivTfflssrfflffl
1250 2641 1348 2705 ’ΜΨ
1348 2632 1543 2715 ἳἫὶἒὲἒ.
1554 2643 1614 2708 ’ἒξ

864 2726 919 2748 xv.
958 2716 1166 2748 L—Omitte
1196 2727 1243 2754 ne,
1274 2723 1349 2758 post
1375 2723 1510 2755 mntem,
1538 2729 1615 2749 mm

865 2759 934 2790 cod.
951 2759 1051 2800 regio,
1068 2765 1105 2790 ut
1120 2769 1233 2790 versus
1246 2759 1380 2801 gravius
1393 2767 1497 2792 sonet.
1530 2761 1569 2792 B.

911 2803 960 2833 19.
992 2801 1157 2842 Duce-da]
1186 2802 1275 2834 Mire
1295 2805 1442 2835 duee-da.
1478 2804 1616 2846 Semper

866 2845 928 2875 hoc
948 2855 1051 2886 genus
1070 2844 1296 2877 declinationis
1314 2845 1540 2878 necessitatem
1561 2858 1613 2878 os-

867 2887 990 2923 tendit;
1014 2894 1051 2918 ut
1062 2887 1178 2928 virgil.
1188 2887 1264 2919 ΕΒ.
1276 2887 1321 2919 xi.
1333 2890 1406 2920 2³0.
1439 2891 1614 2930 Aatpocm

871 2930 1002 2969 Trv'mw
1015 2932 1056 2960 ab
1071 2940 1141 2971 rege
1152 2933 1323 2970 pete-dost.
1363 2932 1491 2963 Sallust.
1509 2935 1613 2974 Agen-

867 2975 947 3010 dum,
963 2978 1054 3013 aeque
1065 2975 1181 3005 obvias·
1195 2976 1323 3006 eunden
1338 2980 1393 3006 ese.
1426 2975 1467 3006 D.
