1852 3216
122 184 263 213 semu
286 172 372 226 ιιι]

678 169 1097 214 EUNUCHUS.

1584 177 1664 217 169

175 259 292 302 Tum
306 260 441 315 magis
457 259 503 301 id
517 259 651 302 dicas.
692 259 778 302 Cn.
795 259 1045 310 Quodnam,
1063 274 1213 315 quaeso
1228 260 1405 303 hercle?
1438 261 1552 303 Pia.
1572 262 1663 304 Eu-

260 323 463 366 nuchum.
514 323 599 365 Cu.
623 323 822 374 Illumne,
844 324 1041 374 obsecro,

117 399 158 429 65
175 389 458 433 Inhonestum
480 390 711 441 hominem,
732 404 862 445 quem
889 397 1106 431 mercatus
1136 397 1204 431 est
1234 389 1354 440 here,
1386 404 1547 441 senem,
1569 406 1661 433 mu-

259 455 408 498 lierem
418 457 437 497 ’ἕ

175 521 289 563 PAR.
305 520 454 562 Istunc
474 520 630 574 ipsum.
663 518 749 560 Cu.
765 518 912 561 Homo
927 519 1147 574 quatietur
1159 527 1278 561 certe
1290 533 1387 561 cum
1400 520 1516 561 dono
1528 520 1658 563 foras.

173 585 263 627 Sed
276 585 403 626 istam
416 583 634 625 Thaidem
647 598 734 625 non
748 584 850 625 scivi
862 583 986 625 nobis
999 584 1193 625 vicinam.
1231 583 1348 625 PAR.
1364 583 1502 626 Haud
1514 585 1658 627 diu’st.

173 650 259 691 Cn.
272 649 404 699 Perii,
415 662 691 703 nunquamne
705 648 833 690 etiam
845 662 913 689 me
926 647 1039 689 illam
1047 648 1231 689 vidisse?
1253 647 1443 690 ehodum
1457 650 1528 691 dic
1539 650 1658 700 mihi,

174 714 330 764 Estne,
351 720 402 755 ut
421 713 575 763 fertur,
596 711 764 754 forma?
795 712 910 754 PAR.
929 712 1058 754 Sane.
1091 711 1176 754 Cn.
1190 711 1254 754 At
1270 712 1376 754 nihil
1390 713 1447 754 ad
1467 721 1659 756 nostram

258 778 385 823 hanc.
435 777 551 819 PAR.
574 776 675 818 Alia
696 791 780 818 res.

116 851 157 883 ῖο
173 843 258 885 Cn.
283 843 483 885 Obsecro
515 841 678 891 hercle,
700 841 929 891 Parmeno,
962 840 1029 882 fac
1059 848 1107 883 ut
1139 842 1295 896 potiar.
1348 841 1461 884 PAR.
1486 842 1659 886 Faciam

259 906 426 957 sedulo,
447 920 497 948 ac

157 1019 209 1049 64.
236 1019 312 1049 Tun
332 1018 431 1057 mgis
452 1014 864 1056 ίᾱᾱεοω]1)ιιιειεραηεε

112 1060 220 1091 fratris
233 1070 312 1091 ease.
347 1061 512 1094 Quodnam,
525 1069 625 1098 qaaeso
638 1059 737 1089 hercle
744 1056 778 1097 ?]
797 1057 863 1088 Cu·

112 1103 291 1134 riositatem
306 1101 431 1133 addidit
452 1101 534 1140 (Ms-
555 1100 678 1131 Boend.
702 1100 864 1140 adjectum

113 1146 209 1176 habet
220 1147 277 1176 ita:
300 1145 418 1175 Postea
432 1150 483 1175 est
493 1143 618 1174 lacuna.
643 1143 688 1173 Et
702 1152 780 1173 sane
790 1142 863 1173 vul-

111 1188 199 1229 garis
216 1187 312 1218 lectio
327 1186 567 1218 incommodum
587 1185 686 1216 efficit
702 1184 860 1224 sensum),

111 1229 335 1270 παρελκόνι-υν
360 1240 459 1269 quaro
490 1235 523 1259 et
548 1229 658 1259 hercle.
716 1228 761 1258 Et
789 1227 862 1258 vide

112 1283 208 1313 quam
230 1272 380 1308 molliter,
397 1278 431 1302 et
451 1271 524 1302 sine
545 1270 713 1302 intellectu
734 1277 861 1312 specta-

112 1315 192 1346 toris
201 1314 243 1346 ad
253 1314 437 1356 argumenti
453 1313 590 1355 spectati
606 1313 753 1344 ordinem
766 1319 863 1353 poeta

112 1357 301 1399 perveniat;
317 1364 355 1388 ut
369 1357 411 1387 de
423 1356 573 1387 eunucho
594 1356 679 1386 facta
694 1355 860 1386 mentione

111 1400 283 1431 consilium
306 1405 457 1431 nascatur
478 1398 684 1439 supponendi
706 1398 859 1429 Chaereae.

112 1442 309 1483 Eunuchum]
342 1442 429 1473 Mire
453 1440 627 1472 Terentius
650 1440 757 1481 primo
782 1439 860 1471 sim—

111 1485 241 1526 pliciter
256 1484 406 1516 eunucho
421 1493 540 1514 nomen
616 1482 673 1519 uit,
690 1482 766 1513 huic
781 1492 860 1522 quo·

111 1538 174 1567 que
198 1527 401 1558 detracturus
426 1526 530 1565 (Quid
555 1493 628 1556 ἵζε
657 1525 720 1556 sibi
746 1524 858 1561 velint,

111 1580 178 1601 non
202 1569 307 1601 video.
345 1568 542 1609 wielingius
566 1573 671 1609 putat,
693 1567 860 1598 subaudiri

110 1618 326 1686 zeum-seba.
342 1654 396 1684 W.
413 1611 783 1693 cazlelz'grgieagnnen
797 1663 859 1682 no-

109 1707 176 1728 ran
184 1699 388 1728 detroetarnu.
412 1696 479 1735 Z.).
505 1695 740 1726 D.—Faernus
755 1696 790 1725 id
803 1694 860 1725 de-

109 1738 165 1776 let,
175 1739 252 1780 quia
261 1739 373 1770 sedem
381 1745 503 1769 certam
513 1738 548 1768 in
558 1737 651 1768 libris
659 1747 726 1768 non
734 1737 862 1774 habeat,

111 1788 146 1812 et
174 1781 283 1812 versui
309 1780 536 1812 incommodet.
574 1780 646 1820 Ego
672 1789 749 1811 vero
775 1779 861 1810 malo

113 1825 190 1854 Tm
201 1823 313 1860 deleri,
329 1830 366 1854 ut
454 1825 462 1831 ”
491 1822 535 1853 nit
549 1822 585 1852 in
600 1822 677 1853 ictu.
715 1822 754 1852 B.

153 1867 205 1897 65.
229 1864 439 1905 Inhonestum]
474 1864 629 1895 Foedum:
661 1870 700 1894 ut
730 1863 776 1902 (et
805 1863 860 1903 Z.)

110 1915 233 1946 contra,
259 1908 347 1948 facie
377 1910 521 1942 hon-estm-
559 1913 597 1937 ut
625 1906 714 1947 apud
742 1905 859 1946 Virgil.

110 1951 187 1982 AEn.
204 1951 225 1982 i.
243 1952 317 1982 591.
340 1956 371 1981 et
386 1952 470 1981 laetos
484 1951 578 1980 oculis
592 1951 715 1988 afflarat
728 1950 860 1979 honores.

110 1993 286 2034 Hom’nen]
311 1993 503 2035 Opportune
518 1994 663 2022 honam
677 1990 771 2028 dixit,
788 1997 860 2021 tan-

108 2046 207 2077 quam
232 2035 350 2067 incerti
378 2045 486 2066 sexus.
529 2036 634 2065 Senem
663 2035 816 2064 mulierem
825 2032 860 2073 2]

109 2079 187 2110 Non
197 2077 363 2110 communi
371 2087 493 2118 genere
503 2076 588 2108 dixit
598 2087 697 2107 senen
707 2078 723 2106 ?
739 2075 861 2117 quippe

109 2121 165 2162 qui
187 2121 273 2159 alibi,
292 2121 375 2152 Hec.
392 2120 435 2150 iv.
454 2121 483 2150 3.
504 2121 565 2156 15.,
581 2118 791 2160 separaverit,
807 2118 857 2149 di·

108 2163 222 2201 cendo,
247 2174 338 2195 mex
363 2168 455 2203 atque
479 2173 575 2193 anus:
598 2161 656 2192 sed
679 2160 857 2192 subdistin-

108 2206 274 2247 guendum
296 2211 355 2243 est,
376 2212 414 2236 ut
433 2205 477 2235 sit
498 2204 621 2245 duplex
642 2203 856 2244 vituperatio;

108 2259 175 2280 una
198 2250 240 2280 ab
262 2255 368 2285 aetate,
391 2247 477 2288 quod
501 2247 547 2277 ait
568 2257 688 2281 senerah·
715 2245 818 2276 altera
839 2255 859 2276 a

109 2291 327 2322 membrorum
350 2289 497 2326 mollitie,
517 2289 603 2329 quod
624 2288 671 2319 ait
693 2290 857 2319 annuerem.

110 2334 390 2365 D.—Inhonest=m
419 2331 582 2371 hominem]
620 2330 717 2366 Quod
747 2337 860 2361 contra

109 2382 169 2414 est,
185 2382 223 2407 ut
240 2375 312 2417 ipse
325 2375 419 2412 dixit,
434 2373 537 2414 facies
551 2376 675 2404 honesta
690 2384 728 2404 ac
743 2374 856 2403 libera-

109 2419 158 2449 lia.
191 2420 296 2450 Sene-
321 2416 493 2457 saliere-⁸]
539 2416 676 2457 Singula
705 2422 791 2452 sunt,
822 2421 859 2446 ut

109 2461 215 2492 etatis
238 2460 397 2492 indicium
421 2459 474 2497 sit,
496 2459 583 2500 quod
605 2470 718 2494 een233
741 2459 859 2495 mulier,

109 2503 197 2542 quod
210 2512 308 2534 nexus
321 2512 430 2534 amare
445 2501 594 2533 videatur
608 2501 744 2532 alienus.
776 2500 862 2531 E.—

111 2545 165 2576 Ob
189 2544 281 2576 codd.
306 2544 481 2585 legendum
506 2550 588 2586 puto
616 2545 692 2575 heri.
731 2542 861 2574 Deinde

109 2599 208 2618 senen
229 2589 383 2618 mliere-
403 2597 478 2618 cum
501 2587 632 2618 Donato
653 2596 720 2616 non
742 2585 859 2616 distin-

109 2629 275 2671 guendum
296 2638 424 2666 censeo,
439 2628 516 2669 quia
535 2639 624 2660 senex
644 2627 732 2669 apud
747 2627 860 2659 Catul-

109 2672 178 2703 lum
194 2678 228 2702 et
241 2670 407 2702 Tibullum
421 2681 548 2711 quoque
567 2671 610 2702 de
626 2670 763 2702 muliere
778 2669 859 2701 dici-

111 2722 174 2746 tur.
198 2714 253 2744 Sic
265 2713 363 2744 etiam
375 2713 796 2744 occurrit-culinaram.
821 2713 860 2743 B.

154 2756 207 2788 66.
227 2758 558 2790 Qnatietnroemeu
571 2753 755 2795 donosoras]
772 2754 860 2786 Mire

109 2800 283 2831 eoe-dono:
307 2796 859 2838 tanquamillirepulsaecausado-

109 2851 189 2873 num
204 2841 350 2872 futurum
365 2839 417 2871 sit.
456 2839 543 2870 Tum
556 2838 676 2870 deinde
694 2849 762 2870 non
782 2839 859 2879 reji-

110 2883 224 2920 cietur,
245 2883 303 2914 aed
323 2884 488 2923 quatietur.
521 2881 607 2912 Vide
625 2891 722 2922 quam
743 2888 860 2913 contu·

110 2925 278 2957 meliosius
292 2924 416 2956 dictum
431 2924 484 2960 sit,
499 2926 656 2965 quatietur
674 2922 785 2964 sorus.-
807 2923 860 2955 vel

113 2968 299 3000 verberibus
325 2966 504 3008 impellitur
530 2966 624 3003 roras,
647 2975 713 2997 non
744 2966 858 3006 expul-

568 3132 593 3153 O

908 1014 1009 1051 sione,
1026 1014 1084 1046 sed
1099 1015 1305 1046 detrusione:
1330 1015 1382 1046 vel
1397 1016 1444 1047 sic
1459 1017 1553 1054 dixit,
1567 1017 1659 1057 foras

907 1060 1073 1098 quatietur,
1099 1063 1135 1087 ut
1162 1057 1248 1088 desit
1270 1068 1410 1094 oersum;
1432 1066 1469 1090 ut
1495 1060 1547 1097 sit,
1572 1060 1658 1091 foras

907 1110 1038 1130 versum
1066 1100 1313 1136 verberabitur;
1347 1107 1384 1131 ut
1408 1102 1598 1133 verberetur
1624 1110 1658 1133 et

907 1142 1038 1183 fugetur
1063 1142 1158 1173 foras.
1197 1142 1283 1174 Nam
1306 1150 1340 1174 et
1360 1144 1560 1184 pervulgatae
1578 1155 1657 1176 con-

906 1184 1088 1216 suetudinis
1109 1185 1231 1216 dictum
1252 1192 1311 1223 est,
1327 1187 1402 1217 Fen·
1426 1197 1529 1217 canem
1546 1187 1637 1227 foras
1650 1201 1660 1218 .-

905 1227 966 1258 hoc
991 1234 1049 1264 est,
1072 1227 1219 1258 feriendo
1240 1238 1355 1259 canem
1375 1228 1460 1260 foras
1482 1230 1563 1269 ejice
1587 1230 1657 1269 (Sic

906 1270 993 1311 apud
1008 1271 1128 1301 Anacr.
1143 1270 1260 1301 xxxiii.
1280 1271 1329 1302 19.
1346 1271 1487 1312 Ἔρωτας
1503 1273 1657 1310 ἐκβοῆσαι

906 1320 965 1348 est,
981 1313 1150 1344 clamando
1166 1313 1283 1353 ejicere
1297 1313 1392 1344 foras.
1432 1314 1497 1354 Z.).
1536 1315 1580 1346 D.

946 1355 999 1388 67.
1022 1357 1083 1386 Sed
1106 1358 1196 1386 istam
1224 1357 1370 1387 Thaidem
1393 1367 1451 1387 non
1474 1359 1550 1388 scivi
1572 1359 1657 1389 nobis

903 1396 1051 1438 vicinam]
1067 1397 1238 1433 Quomodo
1254 1408 1285 1428 n.
1300 1408 1360 1439 pro
1372 1400 1523 1430 eunucho
1537 1400 1657 1436 veniet,

904 1439 932 1471 si
947 1447 1004 1471 aut
1019 1440 1120 1477 novit,
1136 1447 1193 1470 aut
1213 1447 1309 1471 notus
1324 1443 1398 1471 est?
1437 1442 1484 1472 Et
1497 1442 1526 1473 si
1540 1442 1656 1473 mulie-

904 1492 975 1513 rem
1006 1482 1195 1513 adolescens
1224 1493 1266 1513 ne
1293 1483 1386 1514 novit
1414 1484 1555 1524 quidem,
1586 1485 1658 1526 ipse

902 1524 1006 1555 multo
1021 1524 1162 1555 maxime
1178 1525 1350 1556 nescietur.
1376 1528 1438 1557 Sed
1450 1529 1541 1557 istan
1561 1528 1656 1558 Thai-

903 1569 970 1598 dem
983 1578 1040 1598 non
1050 1569 1127 1598 scivi
1134 1569 1220 1598 nobis
1230 1567 1378 1608 vicinam]
1396 1567 1567 1607 Οἶκονομία
1576 1580 1655 1600 con-

905 1616 955 1640 tra
969 1609 1061 1646 illud,
1073 1609 1160 1649 quod
1171 1609 1328 1641 meretrix
1343 1610 1451 1641 vicina
1464 1618 1543 1642 erat.
1559 1613 1659 1643 Hasd

905 1654 960 1682 diu
974 1651 1036 1692 est]
1061 1651 1179 1682 Vicina
1193 1651 1327 1683 scilicet.
1366 1653 1413 1684 Et
1427 1659 1477 1684 est
1489 1663 1597 1691 causa,
1614 1664 1658 1685 au

907 1694 1016 1734 (forte,
1026 1699 1060 1725 ut
1072 1694 1125 1724 W.
1141 1705 1197 1725 cur
1209 1694 1264 1734 Ζ.)
1279 1694 1458 1727 verisimile
1473 1695 1516 1727 sit
1530 1697 1658 1727 nescire

906 1736 1050 1778 potuisse
1072 1736 1223 1768 vicinam.
1262 1737 1309 1768 Et
1329 1744 1408 1769 nota
1429 1739 1517 1779 apud
1531 1739 1657 1770 Teren-

903 1779 987 1811 tium
1009 1779 1133 1810 vicinas
1155 1779 1235 1820 poni
1256 1780 1377 1821 saepius
1398 1780 1658 1812 adolescentibus

902 1821 1102 1858 meretrices,
1118 1828 1155 1852 ut
1170 1822 1239 1853 haec
1262 1821 1307 1853 sit
1327 1822 1434 1863 prima
1448 1823 1568 1854 amoris
1583 1823 1657 1854 ille·

903 1864 1008 1895 cebra.
1049 1864 1092 1894 D.

1048 1917 1178 1946 unquam
1192 1917 1229 1937 ne
1240 1909 1334 1937 etiam
1343 1917 1390 1937 ne
1406 1909 1491 1938 illam
1501 1909 1612 1939 vidisse
1620 1907 1656 1949 ἓ]

906 1948 1094 1979 Artificiose
1108 1948 1249 1979 inculcat

1328 1955 1362 1980 ta
1374 1948 1414 1980 τὸ
1427 1948 1566 1981 πιθανόν.
1599 1951 1643 1981 D.

949 1991 1001 2022 69.
1027 1992 1131 2027 Estne,
1158 1996 1194 2021 ut
1222 2002 1240 2021 r
1270 1996 1365 2028 ertur,
1391 1991 1497 2032 forna
1507 1992 1543 2033 Ρ]
1581 1992 1657 2024 Hoc

905 2039 1039 2075 propter
1049 2033 1180 2073 (probat
1195 2033 1250 2072 Z.)
1262 2033 1353 2071 illud,
1363 2034 1451 2073 quod
1460 2045 1559 2076 supra
1569 2035 1657 2066 dixi-

905 2086 987 2107 mus.
1026 2075 1092 2106 Sed
1113 2075 1215 2106 nimio
1235 2075 1347 2116 lepore
1368 2076 1568 2108 Terentiano
1587 2079 1659 2118 jam

901 2117 983 2148 illud
998 2117 1116 2158 agitur.
1155 2118 1242 2149 Nam
1263 2118 1317 2149 hic
1332 2119 1524 2157 ostenditur,
1540 2120 1656 2151 verisi-

901 2160 979 2191 mile
994 2170 1066 2191 esse
1081 2170 1142 2201 pro
1156 2160 1306 2191 eunucho
1321 2161 1482 2192 creditum
1504 2162 1592 2203 apud
1606 2162 1657 2194 vi-

902 2202 1009 2233 cinam
1025 2202 1229 2234 meretricem
1242 2203 1420 2240 chaeream,
1438 2204 1494 2244 qui
1509 2204 1592 2236 adeo
1604 2204 1656 2245 ig·

903 2251 1000 2276 notus
1012 2244 1055 2276 sit
1069 2244 1208 2282 mulieri,
1222 2251 1258 2276 ut
1270 2255 1330 2276 nec
1341 2245 1412 2286 ipse
1427 2255 1499 2277 eam
1511 2247 1654 2278 noverit:

903 2288 990 2327 quod
1003 2293 1073 2318 erat
1087 2287 1214 2318 facilius
1229 2294 1262 2318 et
1276 2287 1446 2328 promtius.
1470 2288 1516 2319 Et
1526 2288 1658 2321 additur

903 2330 991 2361 color
1008 2329 1082 2367 (Eri
1106 2332 1204 2370 igitar
1223 2341 1316 2361 ewa
1341 2330 1407 2370 Z.),
1434 2330 1521 2371 quod
1545 2338 1579 2362 et
1599 2331 1658 2364 illa

903 2382 969 2403 non
991 2372 1049 2403 diu
1077 2371 1184 2403 vicina
1212 2378 1272 2409 est,
1299 2378 1333 2403 et
1356 2373 1443 2413 quod
1469 2373 1658 2411 adolescens

903 2414 1080 2456 plurimum
1091 2414 1127 2445 in
1138 2414 1244 2445 Piraeo
1258 2422 1476 2446 commoratus
1490 2422 1548 2447 est.
1565 2417 1659 2447 Nihil

905 2459 947 2488 ad
962 2462 1094 2488 nostran·
1109 2456 1204 2498 hanc]
1229 2457 1402 2488 Moraliter
1413 2464 1546 2489 nostra·
1560 2458 1655 2496 dixit,

905 2510 966 2541 pro
980 2510 1096 2531 meam.
1129 2502 1206 2530 Alia
1220 2511 1269 2531 res
1284 2499 1347 2540 est]
1372 2500 1448 2531 Non
1462 2500 1572 2541 potuit
1584 2510 1655 2533 me·

904 2542 969 2574 lius
978 2552 1070 2573 suam
1082 2542 1212 2582 utrique
1224 2542 1362 2583 gratiam
1374 2553 1551 2575 reservare.
1569 2543 1657 2575 Nam

905 2591 939 2616 et
953 2584 1010 2616 illa
1024 2591 1058 2615 et
1071 2585 1141 2615 haec
1156 2591 1315 2616 amantur.
1355 2585 1397 2616 D.

949 2626 1000 2659 70.
1024 2629 1152 2658 Faciam
1173 2626 1293 2668 sedulo]
1318 2627 1406 2658 Mire
1427 2627 1463 2658 in
1487 2628 1657 2669 promittis

904 2669 1138 2710 posterioribus
1167 2669 1340 2701 difficultas
1371 2669 1424 2709 rei,
1453 2670 1636 2704 ostenditur
1645 2683 1655 2702 ε

904 2721 1004 2752 quum
1020 2711 1126 2753 primo
1132 2710 1253 2751 facian
1268 2711 1397 2743 dixerit.
1436 2712 1657 2747 D.—01noem

903 2753 1021 2794 hercle]
1040 2754 1107 2785 Ros
1122 2753 1209 2784 redit
1222 2754 1263 2785 ad
1278 2764 1401 2795 preces,
1412 2765 1511 2796 quam
1523 2755 1657 2797 quidem

904 2807 940 2828 se
963 2796 1152 2827 effecturum
1174 2806 1288 2827 servus
1307 2796 1491 2838 pollioetur,
1504 2804 1540 2829 et
1560 2798 1657 2840 fingit

904 2850 940 2870 se
955 2839 1182 2876 discessurum,
1198 2838 1257 2869 sed
1272 2845 1402 2871 tenetur
1415 2849 1436 2871 a
1449 2840 1600 2872 domino:
1622 2848 1658 2873 et

902 2881 981 2913 dum
996 2881 1170 2912 laudantur
1193 2880 1331 2913 fortuna
1344 2882 1496 2920 eunuchi,
1511 2883 1599 2923 quod
1612 2884 1656 2921 ad

904 2934 975 2954 enm
992 2923 1097 2954 iturus
1112 2929 1163 2954 est
1173 2923 1316 2962 domina,
1329 2925 1384 2956 ubi
1398 2925 1490 2966 virgo
1502 2925 1654 2967 pulcher-

905 2966 987 2998 rima
1011 2973 1069 3003 est,
1097 2966 1143 2996 sic
1167 2966 1255 2997 subit
1279 2966 1372 3005 ratio,
1388 2974 1425 2999 ut
1447 2968 1518 3009 ipse
1540 2968 1655 3004 debeat

1105 3019 1122 3038 Z

1128 3139 1135 3143 ..
1156 3111 1183 3139 ἴθ’
