1852 3216
104 185 244 214 scmu
266 171 335 226 11.]

657 168 1071 213 EUNUCHUS.

1570 170 1652 211 139

158 261 248 303 Τιι.
272 260 439 303 Siccine
458 261 536 311 ais,
560 259 802 302 Parmeno?
833 273 939 314 age:
973 258 1067 308 sed,
1090 256 1174 299 huc
1194 271 1281 312 qua
1299 258 1438 312 gratia

103 335 144 364 20
166 325 234 368 Te
255 326 416 367 arcessi
430 326 559 382 jussi,
578 324 787 368 ausculta.
840 323 927 365 Pu.
948 323 1060 365 Fiat.
1108 322 1200 364 ΤΗ.
1223 322 1310 364 Dic
1329 322 1433 363 mihi

159 390 260 432 Hoc
279 392 477 446 primum,
496 391 629 446 potin’
648 398 717 432 est
733 390 803 431 hic
823 391 997 431 tacere?
1049 389 1165 430 PAR.
1190 387 1379 443 Egone?
1409 397 1598 444 optume.

160 455 325 497 Verum
346 456 454 498 heus
475 463 540 506 tu,
560 455 644 497 hac
665 455 761 510 lege
782 455 861 496 tibi
879 469 1018 496 meam
1038 454 1233 508 astringo
1252 453 1405 495 fidem:

162 520 276 568 Quae
296 535 398 562 vera
418 521 577 570 audivi,
598 528 738 570 taceo,
759 527 804 561 et
823 520 1023 561 contineo
1042 525 1244 574 optume;

161 585 238 627 Sin
259 585 427 636 falsum,
448 594 523 628 aut
542 600 714 636 vanum,
734 592 810 627 aut
829 584 1046 634 fictum’st‚
1068 584 1273 625 continuo
1291 581 1500 638 palam’st.

102 659 143 688 25
162 649 322 692 Plenus
343 652 544 695 rimarum
565 666 675 701 sum,
692 650 775 692 hac
791 658 923 704 atque
941 648 1037 691 illac
1058 648 1240 704 perfluo.

161 715 294 757 Proin
315 723 376 764 tu,
399 717 530 758 taceri
551 716 587 757 si
606 716 685 766 vis,
706 730 807 758 vera
826 715 972 756 dicito.

158 780 251 823 ΤΗ.
274 781 418 823 Samia
436 781 539 823 mihi
559 788 696 823 mater
714 780 817 822 fuit:
850 794 902 821 ea
922 779 1147 822 habitabat
1168 778 1333 822 Rhodi.

102 891 215 930 &patav
241 890 275 922 δὲ
305 890 356 922 καὶ
385 891 518 928 πιθανὴν
547 889 624 929 ἅμα,
652 891 849 927 ’Murciam

102 933 346 971 ἀποκλείουσαν,
377 933 528 965 αἰτοῦσαν
555 932 669 971 πυκνὰ,
709 932 851 971 Μηδενὸς

103 977 233 1014 ὀρεῦσιν,
249 974 519 1016 προσποιουμένην
530 975 556 1006 δ’
572 974 630 1006 ἀεί.
659 976 711 1006 W.

149 1019 198 1050 19.
222 1018 307 1059 Age]
339 1018 554 1060 Corripientis
583 1024 634 1049 est
663 1017 759 1049 modo
783 1029 850 1058 oge,

102 1071 169 1092 non
198 1061 359 1092 hortantis
384 1061 583 1092 adverbium.
622 1061 777 1101 D.—Age
798 1063 853 1091 sed

101 1102 176 1144 hue]
193 1103 233 1134 In
251 1104 315 1134 Ms.
331 1103 464 1134 alterius
479 1103 628 1134 lectionis
641 1103 778 1144 vestig-ia
792 1113 850 1134 ex·

103 1154 184 1182 tant,
199 1157 257 1187 age
270 1148 314 1177 sis
328 1149 395 1183 hae,
409 1152 466 1177 etc.
482 1146 569 1186 quod
580 1146 690 1177 verius
702 1146 851 1177 arbitror.

102 1189 306 1220 L—Faerni
327 1188 403 1220 libb.
420 1188 546 1230 antiqui
565 1188 717 1230 quinque,
734 1195 767 1220 et
782 1199 850 1220 om·

102 1241 162 1262 nee
177 1231 245 1262 sere
259 1231 362 1263 nostri
378 1231 498 1263 habent
512 1234 590 1273 ogis.
623 1232 661 1262 B.

146 1275 198 1305 20.
225 1275 267 1305 Te
281 1274 502 1315 messi-iasa]
521 1275 594 1306 Hoc
615 1281 676 1312 est,
691 1274 778 1315 quod
797 1284 851 1305 su-

101 1316 535 1358 praaitflwnmmemc
671 1328 852 1358 Nquunar

102 1370 200 1391 cesaor
219 1362 328 1390 ultro?
354 1362 417 1391 Dic
434 1358 526 1400 milei]
552 1359 741 1391 Meretricia
762 1359 852 1390 calli-

101 1402 204 1433 ditate
218 1402 433 1439 commendat,
449 1413 521 1443 quae
536 1402 663 1433 dictura
677 1408 736 1433 est.
769 1402 811 1432 D.

146 1446 198 1475 21.
222 1446 355 1485 Egone.
376 1444 511 1485 optume]
527 1445 627 1482 Bene,
640 1455 706 1475 non
717 1454 852 1486 exspec-

104 1487 186 1518 tavit
199 1497 323 1524 servus,
336 1494 373 1518 ut
386 1498 447 1529 pro
460 1498 496 1519 se
510 1487 661 1518 dominus
674 1487 816 1529 respond
817 1498 852 1518 e·

103 1537 154 1561 ret
168 1530 296 1561 Thaidi.
328 1530 371 1561 Ι).

148 1574 198 1603 22.
228 1574 337 1603 Verum
358 1575 431 1603 heus
449 1572 500 1613 tu]
524 1573 643 1604 Astute
665 1582 777 1604 servus
799 1582 851 1603 re-

102 1615 196 1656 ponit
215 1615 334 1646 Thaidi
355 1615 469 1646 vicem.
515 1615 602 1646 Nam
624 1615 681 1646 illa
702 1621 740 1646 ut
761 1625 852 1655 mag·-

103 1667 182 1689 num
206 1657 310 1688 voluit
328 1658 520 1699 exspectari,
545 1658 632 1698 quod
655 1657 782 1689 dictura
803 1664 853 1688 est

105 1700 190 1740 (erae
206 1701 242 1731 Z.
248 1700 273 1740 ),
282 1700 345 1732 iste
353 1707 390 1732 ιιι
398 1701 515 1732 falsum
523 1700 712 1731 contemnit.
750 1702 853 1732 Meam

103 1745 243 1784 astringo
248 1742 359 1784 fidem]
376 1743 490 1774 Fidem
502 1743 675 1785 promitto:
699 1743 775 1784 quia
783 1746 850 1774 oin-

103 1788 172 1816 culo
179 1788 257 1825 fidei
271 1786 433 1817 dicuntur.
467 1786 509 1817 D.

148 1830 200 1859 23.
228 1830 302 1862 Quae
316 1840 387 1859 vero
398 1831 512 1865 audivi,
529 1828 629 1870 taceo]
648 1828 735 1860 Mire
748 1828 851 1859 vicem

105 1871 267 1902 Parmeno
281 1871 423 1902 reddidit
433 1871 606 1902 meretrici.
642 1872 728 1902 Nam
738 1877 776 1902 ut
783 1881 852 1902 ser·

103 1924 182 1945 vum
211 1914 343 1945 difficile
373 1920 424 1945 est
459 1920 566 1945 tacere
592 1913 773 1951 commissa,
806 1913 854 1945 im

104 1957 308 1988 meretricem
329 1967 438 1987 rarum
454 1963 505 1988 est
519 1967 596 1988 vera
613 1956 731 1987 dicere.
778 1958 853 1990 Quae

103 2011 175 2030 vero
190 1999 312 2040 audivi]
331 1999 451 2040 Figura
472 1998 664 2039 παρασκευή.
711 2001 854 2030 Contineo

103 2041 239 2083 optume]
272 2042 407 2084 Proprie
435 2053 455 2073 a
483 2043 673 2084 metaphora
702 2052 853 2073 vasorum

104 2085 271 2116 transtulit
284 2085 392 2116 verba
425 2086 466 2116 D.

148 2129 200 2159 24.
232 2130 287 2159 Sin
302 2126 431 2168 salsum,
455 2134 511 2159 out
532 2139 650 2165 vanum,
675 2132 730 2159 out
745 2129 853 2166 fictum

106 2176 162 2208 est,
184 2173 323 2202 continuo
339 2173 444 2211 polam
465 2170 529 2211 est]
552 2172 676 2201 Falsum
692 2177 751 2208 est,
767 2170 854 2211 quod

105 2213 226 2254 tegitur
239 2213 275 2244 id
289 2216 375 2254 quod
390 2213 511 2244 factum
526 2219 585 2244 est.
628 2215 754 2250 Vanum,
766 2213 853 2253 quod

106 2255 178 2287 fleri
199 2266 265 2287 non
290 2263 407 2297 potest.
451 2258 582 2293 Pictum,
605 2256 691 2296 quod
714 2266 779 2286 non
802 2262 852 2286 est

104 2297 234 2335 factum,
250 2305 283 2329 et
299 2299 369 2338 (sed
382 2299 436 2338 Z.)
452 2299 523 2330 fieri
545 2299 661 2340 potuit.
706 2298 768 2329 Vel
781 2297 850 2338 sal-

104 2352 180 2378 ua,
191 2347 242 2372 eet
254 2341 365 2373 fictum
377 2341 582 2373 mendacium
593 2341 699 2372 simile
711 2340 850 2372 veritati.

111 2385 237 2421 Vm,
246 2394 306 2415 nec
317 2384 471 2426 possibile
479 2395 540 2416 nec
554 2383 739 2415 verisimile.
776 2385 850 2415 Fic-

106 2431 179 2463 um,
217 2434 320 2458 totum
349 2427 421 2458 sine
450 2437 537 2465 vero,
574 2427 633 2458 scd
662 2426 849 2458 verisimile.

107 2469 232 2499 Faten-
251 2469 351 2510 loqui,
373 2470 538 2501 mendacis
559 2476 627 2501 est·
649 2472 767 2509 fictum,
783 2469 849 2500 cal-

108 2509 184 2541 lidi:
207 2522 325 2549 omn,
350 2512 451 2543 stulti.
494 2514 619 2544 Falsu-
633 2512 732 2553 loqui,
747 2512 852 2553 culpae

108 2559 178 2583 est:
201 2555 319 2592 fietu-u,
348 2554 496 2586 virtutis:
533 2566 652 2592 vanam,
682 2555 849 2586 vecordiae.

110 2597 213 2626 Falsis
231 2595 431 2645 decipimur.
453 2600 540 2637 fictis
553 2598 773 2629 delectamur:
797 2609 851 2628 oo-

108 2649 150 2668 na
174 2638 421 2670 contemnimus.
463 2640 552 2671 D.-
559 2642 705 2672 eoam
729 2639 851 2681 palona]

110 2680 267 2711 Priscian.
291 2680 346 2711 lib.
369 2681 435 2712 xiv.
474 2682 625 2714 L.-Pro
646 2694 755 2714 vom
781 2683 851 2714 cod.

109 2723 211 2754 Acad.
239 2725 367 2760 corinun,
394 2724 518 2765 Regius
542 2736 677 2756 menn.
730 2726 853 2757 Verum

107 2775 183 2796 cum
199 2775 265 2797 non
280 2765 417 2803 vide-m,
432 2776 494 2807 qun
509 2767 635 2798 ratione
645 2767 702 2798 illa
716 2767 853 2808 triasol-

108 2819 183 2845 m,
197 2819 315 2845 mum,
323 2810 440 2847 fietu-t,
452 2809 532 2840 satis
542 2809 699 2851 distingui
708 2810 852 2851 possint3

109 2860 170 2891 ego
184 2850 358 2892 legendum
373 2850 654 2892 puto,S'⁸nso1eoen
667 2861 852 2884 Αυυιιιιιιι

110 2895 279 2932 acfietmn,
295 2896 434 2925 continuo
445 2906 477 2934 p.
510 2894 548 2925 B.

153 2937 352 2967 25.P1enus
374 2939 518 2967 riuum-a
543 2936 626 2978 eun]
650 2937 735 2969 Vilis
758 2944 854 2987 atque

110 2977 235 3018 abjecta
255 2979 433 3017 translatio,
450 2986 483 3011 et
497 2988 574 3021 apta
589 2979 629 3011 ad
652 2980 853 3013 meretricem

893 889 1038 930 loquenti
1077 890 1182 930 (Quin
1219 889 1400 931 ἂλληγορει
1430 900 1554 929 servus,
1588 892 1645 933 qui

893 932 990 963 modo
1005 933 1134 963 dixerat
1154 933 1268 963 eadem
1290 933 1489 974 metaphora,
1510 937 1647 966 contineo

893 977 1011 1014 optime.
1069 975 1111 1006 In
1133 975 1250 1016 quibus
1272 986 1350 1006 sane
1372 976 1454 1006 nihil
1476 983 1536 1014 est,
1558 978 1645 1018 quod

894 1017 936 1048 ad
962 1017 1168 1048 meretricem
1198 1018 1361 1066 spectet).
1400 1019 1556 1050 translata
1586 1030 1646 1051 au-

895 1066 961 1090 tem
989 1066 1038 1091 est
1061 1061 1101 1091 ab
1124 1060 1257 1100 aquario
1278 1071 1355 1091 vase
1370 1061 1471 1092 fictili.
1510 1063 1582 1093 Hac
1593 1068 1644 1093 ot-

895 1113 952 1143 qoe
971 1105 1044 1133 illoc
1055 1102 1188 1143 perfluo]
1213 1103 1344 1140 Contra,
1360 1106 1495 1134 contineo
1517 1110 1644 1144 opta-ne.

897 1145 1099 1176 D.—Pleuus
1113 1145 1276 1186 rimorum]
1294 1146 1487 1177 Paschasius
1504 1146 1540 1177 P.
1554 1147 1591 1178 P.
1604 1147 1647 1178 ad

897 1187 1095 1219 Placidium:
1120 1190 1173 1219 illo
1192 1193 1227 1219 ut
1242 1194 1314 1219 utor
1324 1191 1439 1226 comici,
1455 1191 1528 1230 quia
1535 1191 1647 1229 plenas

895 1233 1051 1268 rimorum,
1063 1233 1222 1262 veritatem
1231 1233 1329 1262 soient
1338 1233 1428 1262 silere
1437 1234 1543 1263 noluit.
1566 1232 1643 1264 vid.

897 1273 1066 1305 Scholiast-
1093 1274 1210 1304 Horat.
1240 1273 1296 1305 lib.
1318 1274 1352 1305 ii.
1386 1274 1453 1306 Sat.
1477 1275 1507 1305 6.
1561 1275 1645 1306 1..—

897 1316 1019 1347 Sensus
1032 1316 1176 1357 postulat
1191 1319 1327 1356 perpluo.
1372 1317 1460 1348 Nam
1481 1316 1588 1358 liquor
1609 1317 1646 1349 in

895 1359 1430 1441 &mastdarm
1443 1370 1554 1433 ιω.
1497 1404 1527 1434 3.
1539 1370 1646 1435 ..2¹:ss

896 1444 987 1475 Trin.
1004 1444 1037 1475 ii.
1057 1445 1086 1474 2.
1102 1445 1156 1474 41.
1173 1444 1273 1475 Most.
1290 1444 1311 1475 i.
1329 1446 1358 1475 2.
1376 1446 1428 1476 30.
1461 1445 1499 1476 B.

940 1488 991 1518 26.
1029 1488 1135 1524 Proin,
1167 1490 1264 1518 taceri
1293 1489 1321 1518 si
1347 1490 1403 1525 vis,
1432 1499 1505 1519 vero
1533 1487 1644 1529 dicito]

897 1529 1017 1560 Utrum
1040 1535 1073 1560 te
1099 1529 1209 1567 taceri,
1232 1536 1288 1560 aut
1312 1536 1404 1561 tuum
1423 1530 1569 1562 dictum?
1602 1541 1645 1562 an

896 1572 1215 1647 ’ωὲῗηοεὲἷῌωῖἑεῖῗ
1227 1572 1571 1656 Μῗίωῑψῆᾶῗέιᾱᾳ
1593 1615 1627 1647 di

983 1637 991 1645 .
1088 1626 1119 1645 ω
1203 1626 1215 1645 ι
1236 1626 1285 1645 mo
1298 1626 1334 1646 er
1368 1627 1399 1646 ιιι
1529 1622 1579 1647 ult
1628 1634 1644 1640 -

895 1668 969 1688 cere
992 1657 1160 1695 Thaidem,
1183 1661 1327 1688 meretrix
1347 1660 1423 1689 mihi
1444 1664 1541 1689 mater
1552 1659 1644 1699 fuit,-

896 1701 981 1741 quod
1003 1708 1112 1732 tamen
1135 1700 1341 1741 significavit,
1357 1700 1495 1732 dicendo
1512 1701 1645 1733 aliunde

894 1743 998 1774 civem
1011 1743 1088 1774 alibi
1099 1743 1272 1774 habitasse.
1312 1744 1397 1774 Nam
1410 1744 1484 1775 ideo
1495 1744 1645 1776 meretri-

894 1796 960 1823 ces,
972 1789 1144 1826 peregrim
1155 1786 1252 1817 dictae
1264 1786 1387 1817 suntin
1398 1787 1584 1823 comoediis;
1608 1794 1647 1818 ut

895 1828 930 1860 in
955 1829 1089 1866 Andria,
1112 1831 1225 1859 adeone
1246 1834 1292 1859 est
1313 1831 1461 1860 demens?
1498 1840 1536 1860 ea·
1552 1841 1628 1869 pere

893 1874 1013 1912 grino?
1052 1872 1245 1902 D.—Samn·a
1266 1873 1341 1902 mihi
1361 1871 1476 1912 mater]
1494 1872 1644 1903 Brevitas

895 1924 1038 1987 {iffi}
1045 1920 1287 1997 'ffpssffiz‘r’fiz
1296 1914 1455 1988 “im
1466 1920 1644 1995 §.⁸233

896 2005 931 2030 et
958 1999 1118 2036 affectum,
1149 2005 1183 2029 et
1208 1998 1315 2030 locum
1340 1999 1509 2041 posuimus
1535 2000 1644 2040 (sorte,

893 2045 996 2081 posuit
1020 2044 1150 2082 primum
1180 2041 1235 2081 Z.)
1265 2041 1496 2074 habitationis:
1531 2050 1644 2075 narrat

895 2085 992 2115 matri
1007 2094 1075 2115 suae
1089 2085 1197 2115 datam
1211 2084 1355 2126 puellam
1368 2085 1465 2123 dono,
1474 2095 1493 2116 a
1504 2086 1645 2126 quodam

896 2134 1085 2164 mercatore,
1100 2127 1142 2158 ab
1163 2127 1359 2158 Atheniensi
1379 2127 1512 2159 civitate
1534 2128 1642 2159 subla-

897 2176 972 2201 tam.
1017 2170 1064 2201 At
1079 2180 1114 2201 se
1134 2169 1285 2210 ignorare
1299 2169 1390 2207 dicit,
1405 2177 1558 2202 utrumne
1571 2170 1646 2213 ipsa

895 2213 977 2244 civis
1000 2212 1250 2243 Atheniensium
1271 2211 1403 2244 fixisset:
1435 2213 1581 2261 (excidit,
1604 2225 1646 2245 on

897 2255 952 2296 Ζ.)
978 2261 1103 2286 tantum
1119 2256 1160 2286 de
1174 2255 1306 2286 civitate
1327 2255 1454 2286 sublata
1475 2255 1527 2287 sit
1572 2257 1644 2288 Ad-

890 2298 972 2338 jecit
986 2298 1077 2335 illud,
1094 2298 1179 2338 quod
1194 2309 1297 2328 nomen
1312 2300 1421 2328 notri:
1434 2304 1465 2329 et
1555 2300 1643 2330 'dt‘

894 2343 990 2372 cebae.
1027 2341 1140 2382 Ipsum
1156 2341 1217 2371 hoc
1232 2340 1362 2382 proficit
1372 2340 1413 2371 ad
1428 2351 1558 2372 causam
1573 2343 1644 2390 «ῆι-,ιε

894 2384 953 2421 rei,
969 2394 1065 2424 quam
1081 2383 1224 2425 petitura
1244 2389 1303 2414 eet.
1349 2383 1476 2414 Scimus
1498 2383 1586 2414 enim
1607 2384 1644 2415 in

895 2426 1081 2457 narratione
1095 2426 1255 2457 rationem
1276 2425 1394 2457 futuris
1411 2426 1644 2466 quaestionibua

894 2468 1055 2500 collocari.
1115 2468 1278 2504 Quoniam
1308 2479 1386 2509 ergo
1415 2468 1543 2500 dictura
1571 2475 1642 2501 est:

893 2511 1026 2543 concedi
1050 2511 1112 2543 sibi
1127 2512 1245 2542 debere
1260 2511 1383 2552 aliquot
1397 2511 1476 2548 dies,
1493 2518 1530 2542 ιιι
1550 2511 1643 2553 puel-

893 2554 958 2585 lam
974 2554 1120 2596 recipiat,
1136 2562 1170 2585 et
1190 2554 1274 2584 hanc
1289 2553 1438 2594 adjungit
1451 2564 1592 2592 cainam,
1607 2560 1646 2586 ut

895 2597 964 2629 suis
978 2597 1168 2639 parentibus
1178 2597 1301 2627 reddat.
1345 2598 1515 2634 Voloem'n,
1526 2596 1645 2638 inquit,

896 2642 1006 2671 anime
1020 2642 1190 2679 :iopas-ore
1206 2641 1343 2678 beneficio
1354 2650 1426 2670 neo.
1466 2639 1546 2670 Ideo
1556 2650 1644 2689 pre·

896 2683 986 2714 misit
997 2683 1111 2717 matris
1122 2691 1241 2714 nomen
1253 2688 1286 2712 et
1298 2681 1411 2722 patris,
1423 2688 1461 2714 ut
1468 2682 1645 2714 verisimile

896 2726 949 2763 sit,
971 2735 1068 2767 posse
1089 2724 1165 2755 hinc
1186 2730 1339 2765 parentes
1353 2724 1440 2762 sciri,
1461 2724 1491 2756 ai
1511 2725 1646 2757 nomina

893 2770 962 2808 jam
993 2774 1155 2799 tenentur.
1200 2766 1352 2807 Denique
1380 2766 1500 2808 adjecit
1524 2773 1559 2799 et
1581 2767 1645 2799 alia

898 2811 1008 2852 signa:
1032 2810 1095 2841 sibi
1109 2809 1272 2850 cognitam
1285 2809 1393 2849 (forte,
1403 2809 1540 2851 cognito)
1552 2820 1643 2842 ease:

897 2854 972 2894 quia
993 2857 1141 2884 mereator
1154 2863 1191 2882 ex
1209 2853 1413 2892 predonibus,
1428 2854 1507 2884 nude
1520 2859 1645 2890 emor,

895 2908 928 2927 se
948 2898 1057 2927 vidim
1082 2897 1207 2931 dixerit,
1231 2896 1389 2935 abrepaeaen
1413 2905 1478 2927 esee
1498 2907 1515 2927 e
1541 2898 1645 2927 Sunio.

898 2938 1000 2970 Sunio
1023 2938 1111 2978 (lege
1133 2937 1275 2977 Sanina)
1290 2943 1399 2969 autem
1420 2937 1575 2979 intelligit
1596 2938 1645 2970 lo-

897 2991 972 3013 cum
994 2990 1095 3022 prope
1117 2980 1275 3019 Athenae,
1291 2981 1389 3021 Juxta
1403 2991 1492 3012 mare
1507 2981 1645 3012 colloca·-
