1852 3216
529 148 602 191 IN
635 148 1161 192 PHORMIONEM.

1526 153 1564 193 gn

1560 153 1608 193 ξῖ

206 239 267 282 Et
284 240 418 296 magis
438 239 670 295 placerent,
688 254 795 294 quas
815 238 988 282 fecisset
1007 239 1190 283 fabulas.

205 305 334 347 Nunc
356 306 390 346 si
411 305 506 360 quis
526 311 606 356 est,
626 305 700 360 qui
718 304 801 347 hoc
821 305 950 356 dicat,
971 313 1045 348 aut
1066 307 1126 348 sic
1146 307 1323 362 cogitet,

203 370 342 414 Vetus
364 371 399 412 si
418 378 546 426 poeta
566 385 652 412 non
669 369 909 412 lacessisset
928 371 1058 426 prior,

148 446 186 476 15
202 436 381 479 Nullum
401 437 586 478 invenire
607 435 830 491 prologum
849 437 1060 491 potuisset
1079 452 1229 488 novus,

204 503 345 550 Quem
365 501 540 551 diceret,
562 502 641 543 nisi
662 501 842 544 haberet
861 503 929 544 cui
947 501 1242 546 malediceret:

202 568 246 610 Is
268 569 349 610 sibi
368 582 620 623 responsum
639 566 721 609 hoc
742 566 920 618 habeat3
951 568 993 609 in
1014 568 1154 610 medio
1174 569 1368 610 omnibus

202 633 391 675 Palmam
409 647 503 675 esse
524 633 720 688 positam,
742 633 816 688 qui
834 641 968 675 artem
987 641 1172 676 tractant
1191 635 1407 677 musicam.

202 698 279 741 Ille
300 700 356 741 ad
377 698 527 740 famem
547 698 662 741 hunc
682 699 737 740 ab
759 699 901 741 studio
922 699 1086 742 studuit
1104 700 1264 743 reicere
1281 718 1291 752 ;

87 833 184 862 minus
208 833 300 861 mullo
324 831 489 861 audacter:
520 834 556 860 ut
581 839 654 860 cum
684 828 827 860 dicamus

88 883 157 912 nos,
175 876 271 905 minus
285 875 438 905 audacter.
471 873 512 903 D.

135 918 183 948 12.
214 919 258 948 Et
287 919 382 957 magis
416 914 585 956 placerent]
622 914 687 946 Hic
714 925 826 947 versus

88 960 178 992 abest
188 971 207 992 a
217 960 377 1002 plerisque
391 959 471 990 Mss.
496 958 677 990 L.—Hunc
688 968 825 996 versum,

87 1004 260 1045 repetitum
283 1013 323 1034 ex
347 1002 431 1034 And.
454 1002 538 1033 Prol.
561 1003 589 1032 3.
613 1007 764 1042 tanquam
786 1002 826 1033 ab

88 1047 149 1078 hoc
175 1047 245 1078 loco
268 1046 418 1084 alienum,
442 1056 515 1076 cum
542 1045 667 1075 Faerno
692 1044 826 1085 aliisque

88 1090 261 1122 delendum
282 1099 466 1124 censemus;
496 1087 675 1129 praesertim
697 1098 770 1119 cum
792 1087 826 1120 in

89 1133 193 1165 tribus
214 1132 445 1174 antiquissimis
466 1131 566 1168 libris,
587 1131 698 1162 Bemb.
722 1130 826 1162 Vatic.

89 1183 123 1208 et
137 1177 258 1208 Victor.
273 1176 364 1208 absit.
393 1176 430 1207 B.

136 1221 184 1252 13.
201 1221 292 1251 Nunc
314 1222 340 1251 ei
362 1221 429 1260 quis
450 1223 495 1250 est
516 1220 568 1259 qui
589 1220 642 1249 hoc
663 1219 756 1254 dicat,
773 1223 828 1249 aut

87 1266 133 1295 sic
146 1262 272 1305 cogitet]
294 1263 399 1294 Omne
421 1262 505 1303 quod
520 1261 554 1292 in
571 1267 711 1292 mentem
726 1260 825 1298 venit,

89 1313 146 1338 aut
174 1306 361 1348 cogitamus,
391 1313 448 1337 aut
477 1304 638 1336 dicimus:
674 1310 711 1334 ut
734 1303 825 1345 Virg.

90 1350 166 1382 AEn.
182 1349 216 1381 ii.
236 1351 305 1380 124.
323 1351 366 1380 Et
380 1350 454 1380 mihi
457 1347 526 1388 jam
540 1349 628 1378 multi
640 1348 759 1378 crudele
774 1358 826 1378 ca-

88 1395 200 1425 nebant
214 1394 351 1432 Artificis
365 1394 469 1428 scelus,
485 1396 515 1422 et
534 1392 621 1422 taciti
636 1395 760 1421 ventura
779 1392 826 1421 vi-

89 1438 210 1468 debant.
235 1436 300 1467 Hic
315 1445 428 1466 sensus
441 1443 498 1471 est,
516 1434 611 1465 Nunc
625 1433 653 1464 si
675 1433 746 1473 quis
767 1441 825 1470 est,

89 1480 144 1520 qui
167 1479 226 1510 hoe
242 1479 336 1515 dicat,
358 1486 412 1510 aut
432 1483 570 1513 censeat,
589 1477 759 1517 Improbus
779 1483 828 1508 est

90 1522 271 1559 Terentius,
294 1522 348 1563 qui
370 1531 481 1552 omnes
502 1520 650 1562 prologos
665 1519 705 1550 de
727 1519 826 1550 male-

89 1566 184 1598 dictis
199 1566 292 1597 facit:
310 1566 426 1596 habeat
439 1564 468 1595 is
478 1564 536 1595 hoc
551 1573 740 1604 responsum
755 1562 826 1600 sibi,

89 1609 307 1641 adversarium
331 1608 483 1649 coegisse,
511 1607 565 1648 qui
595 1605 826 1648 provocaverit.

91 1653 176 1685 Nam
203 1652 280 1693 quid
306 1652 425 1683 faceret
454 1649 634 1686 Terentius,
663 1659 760 1690 quum
787 1649 827 1680 de

90 1695 196 1738 palma
207 1695 286 1726 artis
298 1694 427 1726 musicae
437 1693 625 1725 certandum
639 1692 745 1723 videat
757 1702 828 1724 esse

90 1738 175 1771 sibit
207 1739 384 1770 D.—Nunc
398 1740 425 1769 ,ςί
440 1740 507 1778 quis
526 1736 588 1778 est]
607 1736 687 1767 Haec
703 1742 752 1766 est
773 1735 828 1767 illa

91 1781 268 1824 propositio
277 1780 470 1822 quaestionis,
481 1780 564 1821 quod
576 1789 739 1820 nunquam
751 1789 826 1820 pro-

90 1825 182 1866 logus
198 1836 217 1856 a
232 1824 384 1856 Terentio
396 1831 535 1866 ponatur
549 1833 644 1854 causa
665 1832 728 1862 qua
747 1822 829 1853 solet

91 1868 243 1910 prologus
258 1868 332 1905 dici,
353 1876 389 1898 ut
407 1874 535 1908 poetam
558 1865 769 1902 commendet,
793 1872 830 1896 ut

91 1918 316 1952 argumentum
332 1910 426 1947 dicat,
441 1910 498 1941 sed
520 1908 740 1941 tantummodo
761 1918 828 1940 ma⁴

92 1955 210 1986 ledicat
225 1954 416 1987 adversario.
455 1954 549 1984 Hanc
571 1951 779 1993 quaestionem
794 1958 830 1982 ut

91 1998 227 2030 dixisset
253 1997 322 2039 (Ad
346 1999 423 2028 hanc
445 1999 635 2037 quastionem
663 1996 830 2026 solvendam

91 2044 180 2079 dizit,
199 2042 252 2082 Ζ.)
273 2051 488 2082 supervacuos
510 2050 580 2070 esse
598 2038 831 2079 quodammodo

92 2085 251 2127 prologos,
267 2095 371 2124 neque
391 2083 440 2114 illi
452 2082 616 2114 comoediae
632 2082 710 2121 (illis
725 2092 830 2112 comoe-

91 2130 160 2160 dias
187 2128 242 2168 Z.)
263 2126 437 2160 contineri:
472 2126 578 2157 omnis
604 2124 691 2156 enim
714 2124 829 2165 palma,

92 2171 198 2204 omnis
219 2171 363 2208 victoria,
386 2180 481 2202 omne
502 2177 675 2204 certamen,
699 2167 733 2198 in
760 2167 831 2209 ipsa

91 2215 199 2247 fabula
209 2214 401 2247 continetur.
425 2212 598 2244 Comoediae
610 2217 686 2243 sunt
698 2210 762 2241 illae
777 2212 832 2243 ubi

91 2258 195 2290 virtus
218 2265 252 2290 et
278 2257 444 2299 ingenium
471 2255 573 2298 possit
598 2253 767 2297 pervenire
791 2255 831 2286 ad

93 2301 237 2342 gloriam.
271 2301 336 2332 Hic
360 2300 459 2340 (Hinc
478 2298 532 2340 Z.)
556 2299 655 2340 igitur
680 2296 772 2335 dixit,
799 2300 831 2329 in

93 2346 190 2376 medio
200 2347 331 2384 palmam
340 2345 473 2375 omnibus
486 2345 623 2383 positam,
634 2344 686 2382 qui
698 2346 832 2372 tractant

93 2393 188 2419 artem
202 2390 354 2419 musicam.
378 2387 452 2418 Non
469 2385 637 2428 principia,
654 2394 757 2424 neque
772 2395 829 2416 ex-

94 2430 289 2462 tremitatem
298 2437 451 2472 ‚oportere
466 2429 678 2465 considerare,
700 2428 755 2459 sed
776 2428 831 2459 illa

94 2484 165 2514 quae
186 2481 262 2505 sunt
283 2473 397 2510 media,
413 2483 484 2514 quae
498 2471 687 2504 comoediam
711 2478 830 2508 tenent,

94 2516 149 2548 ubi
165 2526 216 2548 ars
231 2516 352 2548 musica
367 2523 434 2547 tota
449 2524 602 2547 versatur.
634 2515 673 2546 E.

140 2561 382 2591 14.Lacessisset
404 2558 507 2600 prior]
524 2559 592 2590 Aut
607 2560 773 2590 lacessisset
796 2569 830 2590 a·

94 2602 226 2639 bundam
241 2610 296 2633 aut
308 2605 401 2642 prior.
432 2602 473 2633 D.

141 2647 189 2676 15.
213 2647 339 2676 Nullum
370 2647 501 2676 invenire
525 2644 695 2685 prologum]
726 2646 831 2676 Prolo-

92 2701 164 2730 gum
180 2689 284 2725 modo,
301 2698 365 2719 non
381 2688 555 2723 hominem,
577 2688 632 2718 sed
649 2688 744 2718 verbs
767 2688 831 2728 sig-

93 2732 213 2763 nificat.
239 2730 359 2771 Novus]
389 2731 453 2762 Hic
474 2730 559 2771 quod
580 2741 678 2771 supra
699 2738 831 2772 praeter-

93 2776 191 2812 misit,
209 2774 308 2806 veteri
330 2774 500 2815 supposuit
522 2773 687 2813 (opposuit)
704 2783 832 2805 novum.

94 2819 305 2850 D.—-Versus
319 2818 423 2859 gratia
441 2826 562 2858 repone
580 2821 679 2856 posset
699 2826 758 2858 pro
776 2828 831 2857 po—

94 2864 209 2894 tuisset.
243 2862 277 2892 B.

140 2906 188 2936 16.
198 2906 230 2936 N
231 2907 270 2936 isi
278 2906 454 2936 haberetcui
463 2901 670 2942 malediceret]
684 2902 769 2933 Mire
775 2904 831 2934 ha-

95 2950 176 2981 beret
182 2962 193 2980 .·
205 2948 294 2989 quasi
305 2948 436 2979 dubium
443 2957 508 2978 non
517 2946 569 2982 sit,
577 2945 830 2977 maledicendum

95 3002 164 3026 esse
174 2991 292 3024 Luscio
301 2991 427 3032 (Luscio
435 2991 524 3022 abest
536 2989 570 3021 in
582 2988 654 3020 edd.
666 2986 770 3030 vett).
788 2989 829 3021 D.

915 828 963 863 17.
986 831 1020 860 Is
1040 832 1100 861 sibi
1120 842 1289 871 responsum
1303 834 1357 863 hoe
1371 831 1497 874 habeat]
1522 832 1611 865 Huic

868 872 914 903 rei
943 883 1002 914 per
1032 873 1217 913 qualitatem
1247 873 1323 915 (pro
1352 877 1510 915 qualitate,
1537 876 1609 908 edd.

869 917 962 955 vett.)
989 917 1171 957 respondet,
1195 917 1413 950 adversarium
1435 930 1558 960 cogere,
1575 926 1613 951 ut

869 958 915 990 sic
939 966 1021 999 agat.
1059 961 1097 990 In
1119 962 1214 991 medio
1235 963 1368 992 omnibus
1390 964 1522 1001 palmam
1548 974 1611 995 esee

865 1001 1011 1043 positam]
1030 1002 1149 1034 Sensus
1158 1003 1210 1034 hic
1220 1011 1278 1041 est,
1296 1004 1471 1042 Inveniret,
1487 1005 1611 1046 inquit:

869 1045 927 1076 sed
951 1045 1074 1083 maluit,
1098 1057 1196 1086 quum
1222 1047 1262 1078 de
1288 1047 1395 1088 palma
1423 1049 1611 1080 certandum

870 1087 922 1125 sit,
948 1089 1130 1120 adversario
1155 1090 1349 1131 respondere
1369 1091 1507 1123 laedenti.
1546 1092 1611 1124 Ve-

870 1141 942 1163 rum
957 1132 1095 1163 oratorie
1110 1133 1279 1164 manifesta
1294 1133 1418 1165 solvere
1438 1145 1503 1166 non
1516 1146 1608 1166 cura-

871 1174 926 1212 vit,
952 1175 1013 1206 hoc
1039 1182 1097 1213 est,
1122 1176 1246 1207 nullum
1273 1176 1420 1209 invenire
1443 1178 1613 1220 prologum

869 1218 1012 1259 potuisse
1036 1219 1246 1250 Terentium:
1270 1227 1304 1251 et
1326 1219 1416 1261 (etc.)
1439 1221 1500 1253 hoc
1524 1221 1611 1253 enim

869 1261 1084 1301 oinciendum
1100 1262 1162 1294 fuit
1179 1262 1327 1294 omnibus
1343 1270 1375 1295 et
1390 1264 1492 1302 novis,
1507 1271 1540 1296 et
1553 1276 1609 1297 ve·

870 1304 991 1336 teribus
1012 1305 1126 1346 poetis.
1157 1307 1295 1337 Palmam
1318 1317 1377 1348 pro
1391 1318 1488 1339 causa
1507 1315 1610 1340 certa-

869 1347 966 1379 minis
979 1347 1095 1389 posuit.
1127 1349 1171 1380 Et
1186 1348 1258 1380 ideo
1274 1360 1338 1381 non
1354 1357 1404 1381 est
1419 1350 1611 1390 mirandum,

869 1390 896 1422 si
912 1397 1059 1432 pugnant
1074 1391 1189 1432 quibus
1204 1403 1300 1424 causa
1321 1393 1507 1426 certaminis
1528 1405 1612 1437 prae-

869 1440 919 1465 sto
935 1441 992 1465 est.
1024 1435 1056 1465 D

915 1478 963 1508 18.
984 1477 1045 1512 Qui
1062 1483 1158 1520 artem
1178 1483 1312 1510 tractant
1334 1479 1493 1521 musicam]
1522 1480 1612 1522 Virg.

871 1519 946 1551 AEn.
963 1520 984 1551 i.
1002 1521 1074 1551 605.
1090 1532 1144 1552 nec
1157 1523 1301 1563 quicquid
1321 1524 1430 1563 ubique
1444 1530 1489 1555 est
1507 1525 1614 1556 Gentis

870 1565 1048 1601 Dardaniae,
1065 1575 1204 1605 magnum
1219 1576 1284 1605 quae
1298 1576 1406 1605 sparsa
1423 1578 1481 1607 per
1504 1569 1612 1599 orbem.

871 1607 915 1638 Et
928 1609 1183 1648 περιφραστικῶς,
1199 1607 1269 1639 ἀντὶ
1283 1610 1349 1646 τοῦ,
1365 1608 1420 1650 qui
1441 1610 1614 1642 comoedias

870 1649 1023 1681 scribunt.
1050 1651 1091 1681 D.

916 1694 964 1725 19.
980 1695 1039 1725 Ille
1060 1695 1103 1725 ad
1115 1692 1230 1734 samem
1251 1696 1329 1726 hunc
1343 1697 1383 1726 ab
1403 1695 1520 1737 studio]
1546 1696 1613 1728 Hic

870 1736 1009 1768 maxime
1024 1736 1139 1778 incipit
1153 1737 1277 1769 solvere
1289 1739 1374 1778 quod
1389 1738 1450 1770 sibi
1466 1739 1614 1781 superius

870 1779 940 1821 ipse
954 1780 1130 1821 proposuit.
1159 1782 1216 1812 Ille
1229 1783 1271 1812 ad
1275 1780 1390 1821 samem
1402 1784 1480 1813 hunc
1494 1785 1533 1814 ab
1547 1789 1613 1814 stu—

870 1822 936 1864 dio]
962 1823 1057 1854 Nunc
1072 1823 1149 1864 quid
1171 1830 1228 1862 est,
1251 1824 1365 1865 inquit,
1380 1832 1509 1866 poetam
1529 1826 1614 1857 vitu-

872 1876 995 1908 perare,
1011 1866 1074 1898 nisi
1091 1867 1131 1898 ad
1144 1866 1259 1898 famem
1275 1867 1430 1908 reJiceret
1448 1878 1522 1899 nam
1535 1879 1612 1910 poe·-

873 1916 914 1940 tae
939 1909 1031 1950 probi
1059 1909 1222 1950 (pauperes
1253 1910 1307 1950 Z.)
1333 1921 1408 1942 suas
1433 1911 1615 1944 vendebant

872 1952 1013 1984 fabulas:
1037 1959 1069 1983 et
1084 1953 1198 1984 harum
1219 1954 1333 1994 pretiis
1348 1954 1524 1986 alebantur.
1555 1957 1614 1988 Ille

873 1997 915 2026 ad
929 1994 1044 2036 famem
1067 1998 1145 2027 hunc
1165 1998 1204 2027 ab
1224 1996 1341 2038 studio]
1366 1997 1433 2028 Cur
1447 1997 1614 2031 lacessitus

873 2038 1070 2080 respondes?
1094 2046 1255 2070 certamen
1272 2047 1331 2077 est,
1346 2039 1460 2081 inquit.
1487 2043 1538 2073 Ab
1548 2047 1613 2074 stu-

874 2083 924 2113 dio
938 2081 1070 2123 studuit]
1087 2082 1224 2114 Vetuste
1237 2083 1384 2121 (Venuste
1396 2082 1424 2125 .·)
1440 2090 1485 2121 ut,
1500 2086 1615 2117 luserat

874 2127 985 2162 ludum,
1007 2131 1048 2162 et,
1069 2137 1200 2166 pugnam
1220 2128 1377 2167 pugnavit.
1408 2127 1553 2159 D.—lee
1575 2131 1617 2160 ad

865 2167 979 2209 samem
994 2170 1033 2199 ab
1047 2170 1148 2200 studio
1161 2170 1255 2200 voluit
1275 2171 1353 2200 hune
1374 2170 1501 2211 reicere]
1527 2171 1614 2203 Nota

874 2211 1048 2243 adversarii
1062 2211 1269 2249 voluntatem,
1285 2213 1370 2253 quod
1385 2213 1524 2255 maligne
1540 2225 1614 2256 per-

874 2261 1002 2286 secutus
1017 2254 1069 2292 sit,
1085 2255 1132 2286 uti
1149 2255 1321 2287 Terentius
1335 2266 1354 2287 a
1369 2255 1452 2288 fama
1466 2257 1615 2298 rejicere·

874 2305 944 2329 tur:
968 2298 1150 2329 vendebant
1171 2298 1257 2329 enim
1279 2299 1461 2336 comoedim,
1486 2307 1519 2332 et
1540 2300 1616 2333 inde

874 2348 1029 2381 quaestum
1046 2341 1222 2373 habebant:
1245 2348 1332 2373 certe
1348 2343 1468 2384 optime
1481 2354 1614 2386 respon·

874 2385 930 2421 dit,
947 2385 1044 2416 etiam
1070 2384 1239 2416 adversum
1262 2385 1347 2425 quod
1371 2385 1462 2423 dixit,
1483 2388 1546 2418 Hic
1564 2399 1614 2419 re-

873 2430 1016 2468 spondere
1041 2430 1144 2465 voluit,
1170 2439 1227 2459 non
1252 2430 1404 2460 lacescere.
1448 2429 1502 2461 Fit
1528 2430 1615 2463 enim

870 2472 993 2511 justum
1013 2481 1087 2502 cum
1109 2471 1339 2512 respondemus
1360 2472 1467 2513 potius
1482 2473 1614 2506 maledi-

874 2514 930 2551 cis,
943 2524 1037 2555 quam
1053 2514 1231 2545 maledictis
1242 2514 1379 2555 aliquem
1395 2525 1615 2556 provocamus.

877 2557 929 2589 Ita
943 2567 1016 2588 cum
1037 2557 1127 2598 paria
1141 2557 1319 2594 referimus,
1335 2557 1456 2590 crimen
1477 2566 1526 2591 est
1542 2560 1615 2592 nul-

874 2600 951 2632 lum.
975 2601 1069 2636 Quod
1085 2600 1241 2640 adjunxit,
1261 2602 1347 2635 Quod
1360 2603 1399 2632 ab
1414 2603 1467 2633 illo
1479 2605 1616 2643 audam,

875 2646 925 2675 hic
938 2646 997 2674 sibi
1019 2645 1147 2675 relatum
1164 2648 1261 2683 putet.
1300 2644 1513 2677 Commendat
1528 2657 1614 2679 nunc

875 2694 1013 2728 poetam,
1029 2697 1102 2717 cum
1117 2686 1290 2727 subiungit,
1307 2688 1355 2718 De
1377 2689 1429 2719 illo
1441 2688 1511 2729 jam
1523 2692 1616 2730 finem

868 2729 986 2771 saeiam
1007 2731 1137 2766 dicendi,
1161 2741 1227 2760 cum
1247 2732 1310 2770 ipse
1331 2732 1368 2762 de
1391 2742 1423 2763 se
1448 2743 1506 2764 non
1519 2732 1614 2774 saeit.

878 2773 943 2804 Hic
964 2772 1106 2814 graviter
1127 2779 1160 2804 et
1181 2772 1271 2804 illum
1293 2783 1427 2815 peccare
1441 2775 1541 2808 multa
1554 2777 1610 2809 do-

875 2816 952 2853 cuit,
968 2822 1000 2847 et
1015 2825 1050 2847 se
1064 2822 1250 2847 contentum
1266 2826 1336 2847 esse
1347 2818 1548 2860 respondere.
1572 2821 1612 2853 E.

875 2859 1050 2895 —Versus‚
1073 2869 1132 2900 pro
1146 2858 1270 2900 vulgari
1285 2860 1418 2900 rejicere,
1443 2860 1612 2896 lectionem

875 2902 1080 2976 grobatorum
1095 2902 1185 2933 codd.
1197 2902 1301 2943 poscit
1315 2906 1426 2935 reicere
1434 2917 1446 2940 ,-
1469 2912 1505 2937 ut
1521 2906 1610 2950 Virg.

905 2945 944 2976 cl.
956 2945 1002 2976 iii.
1014 2945 1066 2976 96.
1086 2946 1200 2987 Tityre,
1211 2949 1364 2986 pascentis
1371 2949 1522 2987 afflamine
1532 2954 1611 2983 reice

873 2990 1013 3030 capellas.
1043 2988 1081 3020 Β.
